1841 3223
377 218 460 255 372
810 225 843 254 s.
879 226 1110 256 Aucusnm
1142 229 1324 256 EPlscol’l

373 298 500 339 Pater
522 309 610 337 non
628 301 689 336 est
711 307 874 352 passus,
898 303 941 338 et
962 310 1039 354 per
1062 293 1221 338 Filium
1246 292 1433 338 hominis
1444 291 1627 352 judicat,
1647 292 1759 338 sicut

370 365 461 423 ipse
479 364 586 407 dixit
603 363 647 406 in
673 363 909 422 Evangelio
932 384 940 409 :
966 382 985 406 «
1012 368 1138 409 Pater
1161 380 1250 409 non
1267 363 1436 424 judicat
1459 378 1723 424 quemquam
1743 398 1754 419 ,

373 452 394 475 »
429 432 505 477 sed
538 448 666 477 omne
686 433 900 492 judicium
933 434 1054 479 dedit
1081 434 1190 478 Filio
1215 453 1223 479 :
1254 452 1274 475 »
1311 442 1485 478 secutus
1509 432 1639 493 paulo
1662 442 1759 493 post

369 504 456 548 ait:
487 523 506 545 «
541 506 596 547 Et
617 503 738 548 dedit
769 504 806 548 ei
840 513 1096 564 potestatem
1120 503 1273 565 judicii
1306 503 1517 558 faciendi,
1550 503 1758 563 quoniam

370 592 391 616 »
427 573 561 618 Filius
584 574 771 618 hominis
791 577 893 619 est¹.
923 595 942 616 »
972 574 1221 620 Secundum
1245 574 1360 617 enim
1384 572 1505 634 quod
1528 572 1663 618 Filius
1680 573 1758 618 Dei

367 653 447 699 est,
460 645 655 689 Verbum
674 661 842 705 semper
856 661 954 690 cum
971 649 1097 689 Patre
1114 666 1124 703 3
1143 654 1186 689 et
1199 644 1301 705 quia
1315 658 1484 703 semper
1497 659 1596 687 cum
1612 647 1754 699 Patre,

366 730 467 759 cum
487 719 612 759 Patre
635 731 803 775 semper
818 715 987 775 judicat
1009 735 1017 759 ε
1046 715 1288 759 secundum
1312 722 1457 758 autem
1479 713 1600 774 quod
1622 713 1757 759 Filius

365 785 554 830 hominis
571 795 650 840 est,
674 795 716 830 et
730 785 949 845 judicatus
972 795 1050 837 est,
1076 795 1119 830 et
1134 784 1408 845 judicaturus
1430 793 1508 828 est.
1526 783 1753 837 Quomodo

366 866 511 900 autem
531 856 644 900 visus
667 865 729 899 est
750 856 804 899 ab
825 856 883 899 eis
900 856 976 916 qui
998 854 1347 909 crediderunt,et
1364 855 1418 899 ab
1436 855 1493 899 eis
1512 855 1587 915 qui
1611 855 1752 899 cruci-

365 927 572 980 fixerunt,
585 925 762 986 quando
780 925 1000 985 judicatus
1023 935 1107 983 cst,
1128 926 1186 970 sic
1203 925 1437 979 videbitur,
1454 940 1555 969 cum
1572 925 1754 984 coeperit

364 995 615 1056 essejudex,
633 1005 675 1039 et
689 995 743 1039 ab
761 996 819 1039 eis
842 1012 950 1056 quos
974 994 1216 1050 damnabit,
1233 1005 1275 1039 et
1296 996 1350 1039 ab
1366 995 1424 1040 eis
1446 1011 1555 1056 quos
1572 1011 1754 1040 corona-

363 1068 444 1112 bit.
462 1067 678 1111 Yisionem
695 1076 841 1110 autem
862 1066 981 1110 illam
996 1067 1252 1121 Divinitatis,
1265 1082 1393 1127 quam
1413 1067 1607 1126 promisit
1626 1066 1756 1112 dilec-

365 1137 534 1183 toribus
549 1137 651 1191 suis,
669 1136 846 1198 quando
870 1138 928 1181 ait
948 1156 955 1181 :
977 1156 994 1178 (ι
1007 1137 1088 1190 Qui
1107 1136 1245 1196 diligit
1264 1153 1347 1192 me,
1365 1137 1569 1196 diligetur
1588 1153 1610 1181 a
1632 1141 1755 1181 Patro

366 1226 388 1251 a>
405 1224 502 1253 meo
521 1228 528 1252 :
546 1217 588 1252 et
605 1210 681 1268 qui
701 1207 840 1265 diligit
852 1223 937 1263 me,
956 1207 1160 1252 mandata
1177 1224 1272 1252 mea
1290 1207 1494 1263 custodit,
1513 1217 1556 1252 et
1568 1223 1646 1266 ego
1660 1207 1757 1252 dili-

366 1299 389 1322 »
410 1296 505 1338 gam
523 1294 640 1334 eum,
668 1288 710 1323 et
728 1279 953 1323 ostendam
972 1296 1040 1323 me
1062 1279 1204 1339 ipsum
1222 1279 1284 1323 illi
1303 1283 1318 1306 ²
1342 1300 1350 1324 ;
1369 1299 1388 1320 »
1410 1281 1500 1340 jam
1524 1280 1645 1340 impii
1668 1288 1756 1325 uon

362 1351 593 1394 videbunt.
619 1354 701 1393 Ista
721 1349 1033 1394 demonstratio
1054 1349 1245 1410 quodam
1268 1351 1399 1395 modo
1422 1350 1644 1394 familiaris
1666 1359 1754 1408 est,

363 1421 449 1465 suis
483 1421 598 1465 illam
639 1430 808 1474 servat,
843 1436 931 1465 non
966 1420 1086 1464 illam
1109 1422 1298 1465 ostendit
1323 1421 1478 1480 impiis.
1519 1421 1664 1474 Qualis
1695 1430 1759 1466 est

363 1492 454 1551 ipsa
490 1492 596 1535 visio
611 1492 628 1533 ⁵?
667 1490 810 1544 Qualis
848 1490 1080 1536 Christus?
1113 1490 1309 1551 AEqualis
1343 1491 1474 1535 Patri.
1518 1491 1662 1544 Qualis
1694 1501 1759 1536 est

363 1563 591 1608 Christus?
619 1581 636 1602 «
664 1565 713 1605 In
747 1561 959 1621 principio
994 1571 1084 1606 erat
1113 1563 1308 1605 Verbum
1330 1598 1340 1617 ,
1370 1572 1412 1606 et
1443 1563 1635 1606 Verbum
1668 1572 1759 1607 erat

366 1653 387 1676 »
424 1632 542 1693 apud
564 1636 724 1686 Deum,
746 1641 788 1676 et
811 1635 924 1676 Deus
947 1641 1038 1676 erat
1062 1632 1298 1676 Verbum?
1318 1651 1338 1673 ι)
1362 1633 1473 1677 Huic
1491 1633 1644 1677 visioni
1667 1649 1759 1678 sus-

364 1705 556 1764 piramus
589 1703 742 1757 modo,
781 1711 824 1746 et
864 1702 1076 1761 gemimus
1109 1703 1306 1762 quandiu
1330 1703 1544 1762 peregrini
1577 1719 1755 1760 sumus,

363 1774 467 1819 huie
494 1773 645 1817 visioni
680 1773 723 1815 in
761 1773 847 1815 line
886 1771 1142 1827 reddemur,
1179 1773 1290 1816 lianc
1322 1773 1532 1816 visionem
1559 1772 1690 1817 modo
1715 1774 1759 1816 in

364 1846 594 1903 aenigmate
612 1843 848 1888 videmus&
873 1843 916 1888 Si
935 1858 1035 1901 ergo
1058 1843 1104 1886 in
1126 1843 1356 1901 {enigmate
1378 1843 1577 1888 videmus
1594 1879 1604 1899 ,
1630 1843 1759 1889 ineli-

364 1932 519 1961 nemus
552 1915 596 1959 in
618 1912 869 1974 parabolam
892 1928 1041 1957 aurem
1061 1923 1254 1958 nostram
1269 1949 1283 1969 ,
1308 1923 1351 1958 et
1372 1914 1431 1958 sic
1450 1914 1690 1973 aperiamus
1712 1915 1758 1959 in

364 1986 567 2048 psalterio
601 1984 940 2045 propositionem
970 1993 1160 2028 nostram
1188 2003 1196 2028 :
1234 1983 1460 2028 audiamus
1489 1984 1610 2046 quod
1647 1983 1758 2029 dici-

366 2074 486 2112 mus,
510 2056 716 2101 faciamus
741 2053 862 2115 quod
884 2055 1175 2114 praecipimus.

426 2131 503 2172 vl.
540 2130 597 2171 Et
618 2125 725 2186 quid
746 2125 877 2169 dixit?
911 2144 931 2166 ‹<
958 2125 1120 2185 thuid
1146 2123 1310 2169 timebo
1332 2125 1376 2168 in
1398 2123 1469 2169 die
1491 2124 1637 2170 mala?
1666 2127 1758 2170 Ini-

368 2221 389 2244 >›
426 2199 567 2261 quitas
597 2197 786 2242 calcanei
816 2196 900 2240 mei
923 2195 1211 2240 circumdabit
1235 2199 1345 2240 me5.
1377 2214 1396 2236 n
1424 2196 1571 2256 Coepit
1595 2197 1757 2242 obscu-

365 2273 479 2325 rius,
511 2288 531 2310 «
564 2267 730 2328 thuid
768 2265 931 2310 timebo
953 2301 963 2321 ,
996 2266 1164 2325 inquit,
1197 2266 1241 2309 in
1262 2265 1333 2310 die
1367 2266 1510 2310 mala?
1541 2267 1755 2327 Iniquitas

368 2361 390 2384 >›
412 2339 598 2384 calcanei
622 2337 706 2381 mei
723 2335 1009 2381 circumdabit
1030 2350 1112 2379 me.
1130 2337 1300 2394 »Magis
1314 2352 1416 2395 ergo
1432 2336 1564 2380 debet
1587 2337 1754 2393 timere,

368 2411 403 2456 si
427 2410 630 2470 iniquitas
653 2407 840 2453 calcanei
866 2408 956 2467 ejus
981 2406 1270 2451 circumdabit
1292 2422 1407 2451 eum.
1437 2409 1535 2453 Non
1562 2408 1679 2452 enim
1705 2409 1759 2452 ti-

419 2513 428 2531 =
454 2508 547 2537 Joan.
571 2517 604 2545 v,
620 2513 676 2544 γε,
697 2508 727 2537 ct
748 2512 800 2546 27.
824 2521 864 2526 —
889 2510 900 2526 ²
916 2502 951 2536 121
984 2512 1119 2543 xiv‚2¹.
1153 2519 1184 2525 -
1204 2500 1368 2543 31ι1.ι,ι.
1394 2500 1460 2527 -A
1481 2513 1490 2535 1
1512 2505 1586 2536 Cor.
1615 2513 1754 2545 x111‚12.

376 2582 415 2587 —
431 2560 725 2600 51‘:=;=!.x1x·ur,‹,;.
