1841 3223
378 207 401 247 4
411 211 460 248 28
812 219 845 246 s.
886 218 1050 248 Αῑόυετ
1061 221 1124 247 ικῐ
1157 221 1338 247 Ειηεεοιη

377 294 524 329 meant
547 285 621 344 qni
646 283 831 329 audiunt
852 301 874 329 a
897 300 1178 346 quocumque
1201 284 1380 329 audiant
1405 300 1414 326 t
1441 300 1531 330 non
1559 294 1608 330 ut
1633 286 1770 330 securi

376 357 461 399 siut
483 356 558 415 qui
581 355 734 400 dicunt
758 357 887 411 bona⁷
914 366 955 401 et
978 356 1145 401 facium
1161 356 1288 400 mala.
1312 355 1444 401 Modo
1461 371 1580 416 ergo,
1599 356 1766 412 fratres,

376 443 451 470 vos
473 426 609 469 securi
636 427 760 471 estis:
787 427 818 470 si
843 427 957 471 bona
973 427 1130 471 auditis
1147 463 1157 482 ‚
1180 430 1317 471 Deum
1335 427 1515 484 auditis,
1531 443 1771 488 perquem-

374 495 484 540 libct
502 496 701 540 audiatis.
730 496 813 542 Sed
836 497 978 541 noluit
1005 501 1120 541 Deus
1140 498 1231 541 sine
1253 498 1525 557 correptione
1552 497 1770 542 dimittere

374 566 470 611 illos
502 567 578 627 qui
616 567 801 625 dicuntg
836 584 891 612 ue
923 569 1007 612 hoc
1042 567 1133 612 solo
1170 567 1290 628 quod
1320 567 1501 623 dicunt,
1527 569 1665 612 securi
1688 569 1770 612 sibi

374 638 697 683 obdormiscant
719 639 764 682 in
790 639 901 683 mala
936 640 1049 693 vita,
1089 648 1131 682 et
1160 639 1311 683 dicant
1337 638 1418 682 sibi
1444 642 1623 699 :Neque
1654 639 1768 683 enim

374 709 531 768 perdet
559 725 637 752 nos
671 713 808 763 Deus,
846 726 923 769 per
955 725 1143 769 quorum
1168 725 1213 753 os
1237 709 1375 753 voluit
1398 719 1517 754 tauta
1550 710 1661 753 bona
1685 709 1768 753 dici

370 779 534 838 populo
562 795 655 824 suo.
678 782 876 824 Imovero
902 779 1004 823 audi
1034 779 1154 840 quod
1178 779 1307 834 dicis,
1341 780 1608 840 quicumque
1634 778 1765 836 dicis;

373 861 416 894 et
438 851 513 910 qui
535 851 598 895 vis
624 860 664 894 te
687 851 854 905 audiri,
881 853 1001 910 prior
1024 860 1065 894 te
1088 851 1218 908 audi3
1255 859 1298 894 et
1332 851 1401 894 dic
1435 850 1555 911 quod
1588 850 1693 894 dicit
1724 851 1768 894 iu

372 921 455 965 alio
480 921 650 964 Psalmo
673 921 851 982 quidam
875 938 882 962 :
914 942 933 963 (ι
960 921 1148 965 Audiam
1167 921 1275 981 quid
1299 920 1505 982 loquatur
1527 922 1570 965 in
1593 937 1661 965 mc
1679 924 1768 966 Do-

378 1011 394 1033 ι)
432 993 574 1035 miuus
598 996 735 1047 Deus,
762 993 969 1053 quoniam
996 993 1204 1053 loquetur
1229 1008 1379 1052 pacem
1403 992 1567 1053 populo
1589 1009 1667 1037 suo
1686 995 1714 1036 ¹.
1745 1011 1764 1033 n

371 1061 519 1115 Qualis
543 1078 646 1122 crgo
679 1079 759 1123 ego
775 1100 784 1118 ‚
814 1064 890 1124 qui
913 1079 1002 1108 non
1033 1062 1164 1108 audio
1187 1062 1306 1124 quod
1329 1064 1372 1106 in
1396 1079 1464 1106 me
1487 1062 1699 1123 loquitur,
1725 1072 1770 1107 et

370 1133 470 1178 volo
493 1143 542 1178 ut
564 1134 634 1178 alii
652 1135 830 1179 audiant
857 1134 975 1196 quod
999 1150 1076 1194 per
1091 1150 1160 1178 me
1180 1134 1375 1195 loquitur
1393 1136 1410 1177 Ρ
1431 1133 1614 1178 Audiam
1632 1135 1763 1194 prior,

371 1205 567 1260 audiam,
594 1207 869 1267 maximeque
899 1207 1072 1251 audiam
1095 1205 1215 1267 quod
1236 1205 1433 1266 loquitur
1454 1206 1499 1249 in
1521 1221 1591 1249 me
1615 1206 1766 1250 Domi-

369 1291 450 1319 nus
475 1279 610 1329 Deus,
629 1278 837 1337 quoniam
858 1276 1062 1338 loquetur
1085 1292 1234 1337 pacem
1259 1275 1423 1336 populo
1440 1291 1532 1320 suo.
1560 1275 1762 1332 Audiam,

369 1356 412 1390 et
435 1347 639 1406 castigem
659 1364 814 1407 corpus
833 1364 1002 1403 meum,
1030 1357 1072 1391 et
1094 1346 1527 1406 servitutisubjiciam
1544 1382 1554 1400 ‚
1580 1362 1635 1390 ne
1654 1345 1765 1391 forte

369 1417 460 1461 aliis
496 1417 777 1477 pi·aedicziiis'²‚
820 1419 910 1478 ipse
951 1419 1161 1477 reprobus
1198 1416 1409 1461 inveniar.
1453 1435 1472 1457 «
1513 1417 1676 1476 thuid
1716 1426 1765 1461 tu

370 1505 390 1528 »
427 1489 803 1548 euarrasjustitias
826 1491 1000 1532 meas?»
1021 1487 1187 1548 [tquid
1205 1488 1283 1532 tibi
1307 1486 1427 1548 quod
1445 1487 1524 1531 tibi
1542 1503 1630 1531 nou
1663 1504 1765 1547 pro-

367 1557 493 1602 dest?
516 1558 737 1603 Admonet
758 1560 883 1603 illum
902 1569 951 1603 ut
969 1559 1118 1603 audiat
1143 1579 1151 1603 z
1174 1575 1265 1603 non
1279 1557 1533 1618 utdeponat
1555 1558 1765 1618 praedica-

366 1629 559 1684 tionem,
596 1631 670 1674 sed
709 1641 758 1675 ut
795 1640 984 1675 assumat
1026 1629 1336 1675 obedientiam.
1376 1633 1440 1673 Tu
1470 1645 1574 1674 vero
1607 1631 1764 1690 utquid

369 1718 390 1742 ‹<
423 1700 615 1744 Assumis
639 1703 966 1745 Testamentum
980 1715 1127 1745 meum
1151 1716 1228 1759 per
1243 1716 1288 1744 os
1306 1703 1460 1744 tuum?
1486 1719 1506 1740 »

421 1774 586 1815 XXIV.
627 1792 646 1814 «
676 1776 740 1816 Tu
763 1789 864 1816 vero
897 1773 1025 1817 odisti
1057 1771 1392 1816 eruclitionem3.
1423 1790 1443 1812 n
1469 1771 1608 1816 Odisti
1630 1771 1761 1817 disci-

363 1841 543 1902 plinam.
567 1843 753 1896 Quando
776 1860 928 1904 parco,
952 1854 1097 1888 cantas
1119 1853 1161 1887 et
1177 1843 1352 1901 lauda-53
1377 1843 1556 1904 quando
1578 1845 1757 1903 castigo,

362 1915 762 1974 murmuraszquasi
786 1915 962 1975 quando
977 1914 1217 1974 parco‚sim
1241 1917 1352 1957 Deus
1372 1922 1473 1957 tuus
1491 1935 1502 1971 3
1523 1923 1564 1958 et
1581 1916 1760 1974 quando

362 1985 551 2042 castigo,
578 2000 664 2028 non
705 1985 784 2028 sim
823 1990 934 2029 Deus
974 1995 1090 2029 tuus.
1121 2005 1140 2026 «
1166 1988 1258 2042 Ego
1276 2001 1386 2045 quos
1409 2000 1524 2039 amo,
1553 2001 1688 2044 arguo
1717 1995 1761 2031 et

365 2074 384 2096 n
419 2056 625 2115 castigo⁴.
655 2059 834 2101 Tuvero
850 2056 978 2100 odisti
1001 2055 1297 2100 eruditionem
1319 2075 1326 2099 :
1353 2064 1396 2099 et
1420 2056 1637 2116 projecisti
1670 2072 1759 2100 ser-

365 2147 382 2167 »
418 2143 568 2171 mones
607 2143 724 2172 meos
759 2137 856 2188 post
890 2137 944 2171 te.
974 2147 993 2168 n
1023 2131 1129 2181 Qum
1162 2127 1370 2171 dicuntur
1394 2137 1559 2187 perte,
1586 2128 1757 2187 projicis

359 2207 456 2258 post
479 2208 534 2243 te.
561 2219 579 2241 «
598 2202 652 2243 Et
682 2200 898 2260 projecisti
927 2214 1145 2244 sermones
1168 2214 1287 2242 meos
1320 2207 1419 2257 post
1440 2207 1506 2242 te:
1530 2217 1550 2239 »
1577 2199 1651 2242 ubi
1668 2215 1756 2243 non

357 2270 589 2315 videantur
615 2288 638 2315 a
670 2281 733 2327 te,
763 2271 838 2316 sed
859 2280 1041 2315 onerent
1064 2280 1120 2314 te.
1147 2289 1167 2312 «
1200 2272 1256 2314 Et
1288 2269 1504 2330 projecisti
1537 2284 1755 2315 sermones

363 2357 382 2380 >›
420 2356 536 2385 meos
554 2351 652 2401 post
674 2351 730 2385 te.
758 2360 777 2383 »

418 2413 556 2455 XXV.
580 2431 599 2453 «
627 2412 668 2456 Si
690 2410 868 2456 videbas
885 2411 1027 2457 furem
1041 2447 1051 2466 ‚
1073 2410 1362 2456 concurrebas
1377 2411 1435 2466 ci,
1454 2420 1607 2455 etcum
1625 2410 1754 2454 adul-

407 2513 416 2529 ¹
439 2507 519 2539 psat.
549 2519 677 2548 mxxiv,
698 2519 730 2549 9.
767 2525 809 2530 —
829 2514 842 2530 ²
866 2519 877 2539 1
902 2509 974 2539 Cor.
994 2519 1038 2547 ix,
1070 2515 1123 2548 27.
1145 2524 1186 2529 —-
1206 2505 1218 2529 3
1239 2506 1319 2538 Psal.
1351 2518 1420 2539 xmx
1437 2531 1448 2545 ,
1470 2518 1520 2549 ¹7·
1547 2524 1588 2530 —-
1608 2505 1622 2536 f.
1646 2509 1746 2550 Apoc.

358 2573 388 2594 ιιι
404 2587 414 2602 ,
433 2574 482 2605 ις).
