<?xml version="1.0" encoding="UTF-8"?>
<!DOCTYPE html PUBLIC "-//W3C//DTD XHTML 1.0 Transitional//EN"
    "http://www.w3.org/TR/xhtml1/DTD/xhtml1-transitional.dtd">
<html xmlns="http://www.w3.org/1999/xhtml" xml:lang="en" lang="en">
 <head>
  <title>
</title>
<meta http-equiv="Content-Type" content="text/html;charset=utf-8" />
  <meta name='ocr-system' content='tesseract 3.04.00' />
  <meta name='ocr-capabilities' content='ocr_page ocr_carea ocr_par ocr_line ocrx_word'/>
</head>
<body>
  <div class='ocr_page' id='page_1' title='image "./operaomniaaccura08auguuoft_0033.png"; bbox 0 0 1841 3223; ppageno 0'>
   <div class='ocr_carea' id='block_1_1' title="bbox 246 226 1457 278">
    <p class='ocr_par' dir='ltr' id='par_1_1' title="bbox 246 226 1457 278">
     <span class='ocr_line' id='line_1_1' title="bbox 246 226 1457 278; baseline -0.001 -12"><span class='ocrx_word' id='word_1_1' title='bbox 246 235 489 267; x_wconf 71' lang='lat' dir='ltr'>ENAnnAno</span> <span class='ocrx_word' id='word_1_2' title='bbox 521 240 555 266; x_wconf 86' lang='lat'>11</span> <span class='ocrx_word' id='word_1_3' title='bbox 586 240 633 266; x_wconf 65' lang='lat' dir='ltr'>nv</span> <span class='ocrx_word' id='word_1_4' title='bbox 664 237 867 267; x_wconf 61' lang='lat' dir='ltr'>»summu</span> <span class='ocrx_word' id='word_1_5' title='bbox 897 239 1052 278; x_wconf 69' lang='lat' dir='ltr'>xxxm,</span> <span class='ocrx_word' id='word_1_6' title='bbox 1085 237 1213 267; x_wconf 68' lang='lat' dir='ltr'>snam,</span> <span class='ocrx_word' id='word_1_7' title='bbox 1250 239 1298 265; x_wconf 85' lang='lat'>11.</span> <span class='ocrx_word' id='word_1_8' title='bbox 1401 226 1457 265; x_wconf 77' lang='lat'>23</span> 
     </span>
    </p>
   </div>
   <div class='ocr_carea' id='block_1_2' title="bbox 58 303 1462 2492">
    <p class='ocr_par' dir='ltr' id='par_1_2' title="bbox 66 303 1461 646">
     <span class='ocr_line' id='line_1_2' title="bbox 67 303 1458 360; baseline 0.001 -14"><span class='ocrx_word' id='word_1_9' title='bbox 67 310 138 347; x_wconf 88' lang='lat' dir='ltr'>tus</span> <span class='ocrx_word' id='word_1_10' title='bbox 164 318 254 347; x_wconf 90' lang='lat' dir='ltr'>non</span> <span class='ocrx_word' id='word_1_11' title='bbox 277 312 400 347; x_wconf 88' lang='lat' dir='ltr'>erant</span> <span class='ocrx_word' id='word_1_12' title='bbox 427 322 436 348; x_wconf 73' lang='grc' dir='ltr'>ε</span> <span class='ocrx_word' id='word_1_13' title='bbox 459 303 592 347; x_wconf 83' lang='lat' dir='ltr'>verba</span> <span class='ocrx_word' id='word_1_14' title='bbox 615 314 762 360; x_wconf 89' lang='lat' dir='ltr'>erant,</span> <span class='ocrx_word' id='word_1_15' title='bbox 792 314 836 349; x_wconf 87' lang='lat' dir='ltr'>et</span> <span class='ocrx_word' id='word_1_16' title='bbox 858 303 972 349; x_wconf 80' lang='lat' dir='ltr'>facta</span> <span class='ocrx_word' id='word_1_17' title='bbox 994 319 1084 349; x_wconf 93' lang='lat' dir='ltr'>non</span> <span class='ocrx_word' id='word_1_18' title='bbox 1115 311 1252 347; x_wconf 90' lang='lat' dir='ltr'>erant.</span> <span class='ocrx_word' id='word_1_19' title='bbox 1278 303 1389 347; x_wconf 85' lang='lat' dir='ltr'>Vide</span> <span class='ocrx_word' id='word_1_20' title='bbox 1410 303 1458 348; x_wconf 92' lang='lat' dir='ltr'>in</span> 
     </span>
     <span class='ocr_line' id='line_1_3' title="bbox 66 373 1459 429; baseline 0 -11"><span class='ocrx_word' id='word_1_21' title='bbox 66 373 208 418; x_wconf 88' lang='lat' dir='ltr'>verbis</span> <span class='ocrx_word' id='word_1_22' title='bbox 239 373 616 429; x_wconf 75' lang='lat' dir='ltr'><strong>numerositatem,</strong></span> <span class='ocrx_word' id='word_1_23' title='bbox 654 383 697 418; x_wconf 90' lang='lat' dir='ltr'>et</span> <span class='ocrx_word' id='word_1_24' title='bbox 727 374 772 418; x_wconf 89' lang='lat' dir='ltr'>in</span> <span class='ocrx_word' id='word_1_25' title='bbox 803 373 926 418; x_wconf 88' lang='lat' dir='ltr'>factis</span> <span class='ocrx_word' id='word_1_26' title='bbox 961 374 1233 419; x_wconf 78' lang='lat' dir='ltr'>sterilitatem</span> <span class='ocrx_word' id='word_1_27' title='bbox 1265 392 1275 418; x_wconf 75' lang='grc' dir='ltr'>ε</span> <span class='ocrx_word' id='word_1_28' title='bbox 1316 392 1332 412; x_wconf 73' lang='lat'>&lt;¹</span> <span class='ocrx_word' id='word_1_29' title='bbox 1372 374 1459 427; x_wconf 87' lang='lat' dir='ltr'>Qui</span> 
     </span>
     <span class='ocr_line' id='line_1_4' title="bbox 69 442 1461 505; baseline 0 -18"><span class='ocrx_word' id='word_1_30' title='bbox 69 459 91 484; x_wconf 86' lang='lat'>»</span> <span class='ocrx_word' id='word_1_31' title='bbox 125 445 335 504; x_wconf 84' lang='lat' dir='ltr'>praedicas</span> <span class='ocrx_word' id='word_1_32' title='bbox 365 460 454 489; x_wconf 92' lang='lat' dir='ltr'>non</span> <span class='ocrx_word' id='word_1_33' title='bbox 483 443 719 489; x_wconf 85' lang='lat' dir='ltr'>furandum</span> <span class='ocrx_word' id='word_1_34' title='bbox 737 480 748 499; x_wconf 87' lang='lat'><strong><em>‚</em></strong></span> <span class='ocrx_word' id='word_1_35' title='bbox 777 443 954 503; x_wconf 82' lang='lat' dir='ltr'>furaris3</span> <span class='ocrx_word' id='word_1_36' title='bbox 971 445 1168 505; x_wconf 86' lang='lat' dir='ltr'>quidicis</span> <span class='ocrx_word' id='word_1_37' title='bbox 1185 459 1276 489; x_wconf 92' lang='lat' dir='ltr'>non</span> <span class='ocrx_word' id='word_1_38' title='bbox 1293 442 1461 488; x_wconf 72' lang='lat' dir='ltr'>adulte-</span> 
     </span>
     <span class='ocr_line' id='line_1_5' title="bbox 70 514 1460 578; baseline 0.003 -22"><span class='ocrx_word' id='word_1_39' title='bbox 70 531 92 556; x_wconf 68' lang='grc' dir='ltr'>υ</span> <span class='ocrx_word' id='word_1_40' title='bbox 128 515 313 560; x_wconf 89' lang='lat' dir='ltr'>randum</span> <span class='ocrx_word' id='word_1_41' title='bbox 329 552 340 572; x_wconf 82' lang='lat'>,</span> <span class='ocrx_word' id='word_1_42' title='bbox 365 515 582 560; x_wconf 89' lang='lat' dir='ltr'>adulteras</span> <span class='ocrx_word' id='word_1_43' title='bbox 597 517 628 560; x_wconf 83' lang='lat'>².</span> <span class='ocrx_word' id='word_1_44' title='bbox 657 530 677 557; x_wconf 66' lang='lat'>&gt;5</span> <span class='ocrx_word' id='word_1_45' title='bbox 704 514 825 560; x_wconf 90' lang='lat' dir='ltr'>Tales</span> <span class='ocrx_word' id='word_1_46' title='bbox 843 525 966 560; x_wconf 90' lang='lat' dir='ltr'>erant</span> <span class='ocrx_word' id='word_1_47' title='bbox 982 552 992 572; x_wconf 81' lang='lat'>,</span> <span class='ocrx_word' id='word_1_48' title='bbox 1018 517 1095 577; x_wconf 91' lang='lat' dir='ltr'>qui</span> <span class='ocrx_word' id='word_1_49' title='bbox 1116 517 1337 562; x_wconf 83' lang='lat' dir='ltr'>Christum</span> <span class='ocrx_word' id='word_1_50' title='bbox 1358 532 1460 578; x_wconf 76' lang='lat' dir='ltr'>quae</span> 
     </span>
     <span class='ocr_line' id='line_1_6' title="bbox 73 585 660 646; baseline 0.002 -16"><span class='ocrx_word' id='word_1_51' title='bbox 73 585 298 644; x_wconf 80' lang='lat' dir='ltr'>ignorabat</span> <span class='ocrx_word' id='word_1_52' title='bbox 319 587 660 646; x_wconf 84' lang='lat' dir='ltr'>interrogabant.</span> 
     </span>
    </p>

    <p class='ocr_par' dir='ltr' id='par_1_3' title="bbox 58 657 1462 2492">
     <span class='ocr_line' id='line_1_7' title="bbox 131 657 1460 717; baseline 0.001 -16"><span class='ocrx_word' id='word_1_53' title='bbox 131 659 211 702; x_wconf 91' lang='lat' dir='ltr'><strong>III.</strong></span> <span class='ocrx_word' id='word_1_54' title='bbox 242 676 260 698; x_wconf 87' lang='lat'>«</span> <span class='ocrx_word' id='word_1_55' title='bbox 287 661 381 717; x_wconf 84' lang='lat' dir='ltr'>Ego</span> <span class='ocrx_word' id='word_1_56' title='bbox 401 665 546 702; x_wconf 86' lang='lat' dir='ltr'>autem</span> <span class='ocrx_word' id='word_1_57' title='bbox 565 673 664 702; x_wconf 87' lang='lat' dir='ltr'>cum</span> <span class='ocrx_word' id='word_1_58' title='bbox 689 657 796 701; x_wconf 90' lang='lat' dir='ltr'>mihi</span> <span class='ocrx_word' id='word_1_59' title='bbox 817 657 989 702; x_wconf 90' lang='lat' dir='ltr'>molesti</span> <span class='ocrx_word' id='word_1_60' title='bbox 1019 666 1188 713; x_wconf 85' lang='lat' dir='ltr'>essent,</span> <span class='ocrx_word' id='word_1_61' title='bbox 1219 658 1460 702; x_wconf 84' lang='lat' dir='ltr'>induebam</span> 
     </span>
     <span class='ocr_line' id='line_1_8' title="bbox 77 727 1457 790; baseline 0 -20"><span class='ocrx_word' id='word_1_62' title='bbox 77 742 96 770; x_wconf 69' lang='lat'>5)</span> <span class='ocrx_word' id='word_1_63' title='bbox 129 743 200 773; x_wconf 90' lang='lat' dir='ltr'>me</span> <span class='ocrx_word' id='word_1_64' title='bbox 226 728 368 774; x_wconf 89' lang='lat' dir='ltr'>cilicio</span> <span class='ocrx_word' id='word_1_65' title='bbox 400 748 410 775; x_wconf 87' lang='grc'>;</span> <span class='ocrx_word' id='word_1_66' title='bbox 435 739 478 774; x_wconf 90' lang='lat' dir='ltr'>et</span> <span class='ocrx_word' id='word_1_67' title='bbox 498 727 782 773; x_wconf 84' lang='lat' dir='ltr'>humiliabam</span> <span class='ocrx_word' id='word_1_68' title='bbox 817 729 862 772; x_wconf 92' lang='lat' dir='ltr'>in</span> <span class='ocrx_word' id='word_1_69' title='bbox 878 728 1047 790; x_wconf 85' lang='lat' dir='ltr'>jejunio</span> <span class='ocrx_word' id='word_1_70' title='bbox 1071 728 1260 773; x_wconf 87' lang='lat' dir='ltr'>animam</span> <span class='ocrx_word' id='word_1_71' title='bbox 1284 744 1425 773; x_wconf 90' lang='lat' dir='ltr'>meam</span> <span class='ocrx_word' id='word_1_72' title='bbox 1447 744 1457 770; x_wconf 76' lang='grc' dir='ltr'><em>τ</em></span> 
     </span>
     <span class='ocr_line' id='line_1_9' title="bbox 76 799 1460 844; baseline 0.002 -3"><span class='ocrx_word' id='word_1_73' title='bbox 76 813 94 840; x_wconf 66' lang='lat' dir='ltr'>&gt;s</span> <span class='ocrx_word' id='word_1_74' title='bbox 129 807 173 842; x_wconf 90' lang='lat' dir='ltr'>et</span> <span class='ocrx_word' id='word_1_75' title='bbox 202 800 338 844; x_wconf 83' lang='lat' dir='ltr'>oratio</span> <span class='ocrx_word' id='word_1_76' title='bbox 371 815 466 843; x_wconf 88' lang='lat' dir='ltr'>mea</span> <span class='ocrx_word' id='word_1_77' title='bbox 497 799 543 843; x_wconf 89' lang='lat' dir='ltr'>in</span> <span class='ocrx_word' id='word_1_78' title='bbox 574 800 712 843; x_wconf 84' lang='lat' dir='ltr'>sinum</span> <span class='ocrx_word' id='word_1_79' title='bbox 748 811 896 844; x_wconf 89' lang='lat' dir='ltr'>meum</span> <span class='ocrx_word' id='word_1_80' title='bbox 925 802 1243 844; x_wconf 74' lang='lat' dir='ltr'>convertetur2.</span> <span class='ocrx_word' id='word_1_81' title='bbox 1276 820 1293 840; x_wconf 81' lang='lat'>»</span> <span class='ocrx_word' id='word_1_82' title='bbox 1320 802 1460 844; x_wconf 87' lang='lat' dir='ltr'>Doce·-</span> 
     </span>
     <span class='ocr_line' id='line_1_10' title="bbox 70 869 1456 931; baseline 0 -17"><span class='ocrx_word' id='word_1_83' title='bbox 70 883 185 925; x_wconf 85' lang='lat' dir='ltr'>mur‚</span> <span class='ocrx_word' id='word_1_84' title='bbox 211 870 404 931; x_wconf 78' lang='lat' dir='ltr'>quidem,</span> <span class='ocrx_word' id='word_1_85' title='bbox 426 869 593 926; x_wconf 84' lang='lat' dir='ltr'>fratres,</span> <span class='ocrx_word' id='word_1_86' title='bbox 614 871 715 931; x_wconf 88' lang='lat' dir='ltr'>quia</span> <span class='ocrx_word' id='word_1_87' title='bbox 736 870 1005 931; x_wconf 81' lang='lat' dir='ltr'>pertinemus</span> <span class='ocrx_word' id='word_1_88' title='bbox 1022 870 1078 915; x_wconf 89' lang='lat' dir='ltr'>ad</span> <span class='ocrx_word' id='word_1_89' title='bbox 1099 885 1257 930; x_wconf 88' lang='lat' dir='ltr'>corpus</span> <span class='ocrx_word' id='word_1_90' title='bbox 1279 870 1456 926; x_wconf 87' lang='lat' dir='ltr'>Christi,</span> 
     </span>
     <span class='ocr_line' id='line_1_11' title="bbox 70 939 1462 1000; baseline 0.001 -16"><span class='ocrx_word' id='word_1_91' title='bbox 70 940 173 1000; x_wconf 88' lang='lat' dir='ltr'>quia</span> <span class='ocrx_word' id='word_1_92' title='bbox 202 956 350 986; x_wconf 91' lang='lat' dir='ltr'>sumus</span> <span class='ocrx_word' id='word_1_93' title='bbox 382 941 580 986; x_wconf 89' lang='lat' dir='ltr'>membra</span> <span class='ocrx_word' id='word_1_94' title='bbox 620 941 806 987; x_wconf 79' lang='lat' dir='ltr'>Christi³</span> <span class='ocrx_word' id='word_1_95' title='bbox 833 961 842 986; x_wconf 74' lang='grc' dir='ltr'>ε</span> <span class='ocrx_word' id='word_1_96' title='bbox 874 950 917 985; x_wconf 91' lang='lat' dir='ltr'>et</span> <span class='ocrx_word' id='word_1_97' title='bbox 947 939 1234 986; x_wconf 86' lang='lat' dir='ltr'>admonemur</span> <span class='ocrx_word' id='word_1_98' title='bbox 1261 941 1304 984; x_wconf 90' lang='lat' dir='ltr'>in</span> <span class='ocrx_word' id='word_1_99' title='bbox 1340 941 1462 986; x_wconf 90' lang='lat' dir='ltr'>omni</span> 
     </span>
     <span class='ocr_line' id='line_1_12' title="bbox 68 1011 1459 1072; baseline 0.001 -17"><span class='ocrx_word' id='word_1_100' title='bbox 68 1011 350 1056; x_wconf 86' lang='lat' dir='ltr'>tribulatione</span> <span class='ocrx_word' id='word_1_101' title='bbox 390 1021 535 1056; x_wconf 89' lang='lat' dir='ltr'>nostra</span> <span class='ocrx_word' id='word_1_102' title='bbox 552 1048 562 1067; x_wconf 84' lang='lat'>‚</span> <span class='ocrx_word' id='word_1_103' title='bbox 601 1027 691 1056; x_wconf 93' lang='lat' dir='ltr'>non</span> <span class='ocrx_word' id='word_1_104' title='bbox 723 1012 913 1071; x_wconf 82' lang='lat' dir='ltr'>cogitare</span> <span class='ocrx_word' id='word_1_105' title='bbox 951 1011 1325 1072; x_wconf 87' lang='lat' dir='ltr'>quemadmodum</span> <span class='ocrx_word' id='word_1_106' title='bbox 1366 1028 1459 1057; x_wconf 81' lang='lat' dir='ltr'>res-</span> 
     </span>
     <span class='ocr_line' id='line_1_13' title="bbox 69 1081 1460 1145; baseline 0.001 -18"><span class='ocrx_word' id='word_1_107' title='bbox 69 1081 340 1142; x_wconf 88' lang='lat' dir='ltr'>pondeamus</span> <span class='ocrx_word' id='word_1_108' title='bbox 370 1083 576 1138; x_wconf 82' lang='lat' dir='ltr'>inimicis,</span> <span class='ocrx_word' id='word_1_109' title='bbox 601 1082 677 1128; x_wconf 92' lang='lat' dir='ltr'>sed</span> <span class='ocrx_word' id='word_1_110' title='bbox 714 1082 1089 1145; x_wconf 78' lang='lat' dir='ltr'>quemadmodum</span> <span class='ocrx_word' id='word_1_111' title='bbox 1123 1083 1289 1129; x_wconf 86' lang='lat' dir='ltr'>orando</span> <span class='ocrx_word' id='word_1_112' title='bbox 1319 1087 1460 1129; x_wconf 89' lang='lat' dir='ltr'>Deum</span> 
     </span>
     <span class='ocr_line' id='line_1_14' title="bbox 65 1153 1456 1214; baseline 0.002 -17"><span class='ocrx_word' id='word_1_113' title='bbox 65 1153 373 1214; x_wconf 85' lang='lat' dir='ltr'>propitiemus,</span> <span class='ocrx_word' id='word_1_114' title='bbox 397 1163 441 1198; x_wconf 94' lang='lat' dir='ltr'>et</span> <span class='ocrx_word' id='word_1_115' title='bbox 457 1154 642 1198; x_wconf 84' lang='lat' dir='ltr'>maxime</span> <span class='ocrx_word' id='word_1_116' title='bbox 667 1170 722 1199; x_wconf 92' lang='lat' dir='ltr'>ne</span> <span class='ocrx_word' id='word_1_117' title='bbox 737 1154 978 1199; x_wconf 86' lang='lat' dir='ltr'>tentatione</span> <span class='ocrx_word' id='word_1_118' title='bbox 1000 1155 1226 1200; x_wconf 84' lang='lat' dir='ltr'>&#39;vincamur</span> <span class='ocrx_word' id='word_1_119' title='bbox 1244 1177 1254 1214; x_wconf 78' lang='lat'>3</span> <span class='ocrx_word' id='word_1_120' title='bbox 1279 1155 1456 1212; x_wconf 89' lang='lat' dir='ltr'>deinde,</span> 
     </span>
     <span class='ocr_line' id='line_1_15' title="bbox 67 1224 1460 1287; baseline 0.001 -19"><span class='ocrx_word' id='word_1_121' title='bbox 67 1233 118 1268; x_wconf 89' lang='lat' dir='ltr'>ut</span> <span class='ocrx_word' id='word_1_122' title='bbox 139 1224 268 1269; x_wconf 85' lang='lat' dir='ltr'>etiam</span> <span class='ocrx_word' id='word_1_123' title='bbox 293 1224 356 1269; x_wconf 90' lang='lat' dir='ltr'>illi</span> <span class='ocrx_word' id='word_1_124' title='bbox 383 1225 458 1286; x_wconf 91' lang='lat' dir='ltr'>qui</span> <span class='ocrx_word' id='word_1_125' title='bbox 479 1241 558 1270; x_wconf 90' lang='lat' dir='ltr'>nos</span> <span class='ocrx_word' id='word_1_126' title='bbox 588 1231 928 1286; x_wconf 83' lang='lat' dir='ltr'>persequuntur,</span> <span class='ocrx_word' id='word_1_127' title='bbox 954 1224 1009 1270; x_wconf 82' lang='lat' dir='ltr'>ad</span> <span class='ocrx_word' id='word_1_128' title='bbox 1031 1226 1258 1270; x_wconf 86' lang='lat' dir='ltr'>sanitatem</span> <span class='ocrx_word' id='word_1_129' title='bbox 1278 1225 1460 1287; x_wconf 82' lang='lat' dir='ltr'>justitiae</span> 
     </span>
     <span class='ocr_line' id='line_1_16' title="bbox 67 1293 1461 1357; baseline 0.001 -19"><span class='ocrx_word' id='word_1_130' title='bbox 67 1300 393 1340; x_wconf 87' lang='lat' dir='ltr'>convertantur.</span> <span class='ocrx_word' id='word_1_131' title='bbox 422 1293 604 1341; x_wconf 90' lang='lat' dir='ltr'>Nullum</span> <span class='ocrx_word' id='word_1_132' title='bbox 638 1297 804 1357; x_wconf 86' lang='lat' dir='ltr'>majus,</span> <span class='ocrx_word' id='word_1_133' title='bbox 836 1295 1007 1340; x_wconf 88' lang='lat' dir='ltr'>nullum</span> <span class='ocrx_word' id='word_1_134' title='bbox 1046 1295 1200 1341; x_wconf 89' lang='lat' dir='ltr'>melius</span> <span class='ocrx_word' id='word_1_135' title='bbox 1233 1297 1461 1355; x_wconf 82' lang='lat' dir='ltr'>negotium</span> 
     </span>
     <span class='ocr_line' id='line_1_17' title="bbox 66 1366 1459 1428; baseline 0.002 -19"><span class='ocrx_word' id='word_1_136' title='bbox 66 1366 189 1410; x_wconf 89' lang='lat' dir='ltr'>estin</span> <span class='ocrx_word' id='word_1_137' title='bbox 207 1366 488 1418; x_wconf 84' lang='lat' dir='ltr'>tribulatione</span> <span class='ocrx_word' id='word_1_138' title='bbox 501 1403 512 1421; x_wconf 81' lang='lat'>‚</span> <span class='ocrx_word' id='word_1_139' title='bbox 532 1382 665 1428; x_wconf 88' lang='lat' dir='ltr'>quam</span> <span class='ocrx_word' id='word_1_140' title='bbox 687 1366 887 1412; x_wconf 87' lang='lat' dir='ltr'>recedere</span> <span class='ocrx_word' id='word_1_141' title='bbox 910 1368 964 1412; x_wconf 90' lang='lat' dir='ltr'>ab</span> <span class='ocrx_word' id='word_1_142' title='bbox 987 1383 1038 1413; x_wconf 90' lang='lat' dir='ltr'>eo</span> <span class='ocrx_word' id='word_1_143' title='bbox 1056 1368 1240 1428; x_wconf 83' lang='lat' dir='ltr'>strepitu</span> <span class='ocrx_word' id='word_1_144' title='bbox 1260 1368 1336 1428; x_wconf 90' lang='lat' dir='ltr'>qui</span> <span class='ocrx_word' id='word_1_145' title='bbox 1354 1367 1459 1412; x_wconf 73' lang='lat' dir='ltr'>ioris</span> 
     </span>
     <span class='ocr_line' id='line_1_18' title="bbox 66 1437 1457 1496; baseline 0.002 -16"><span class='ocrx_word' id='word_1_146' title='bbox 66 1445 130 1480; x_wconf 90' lang='lat' dir='ltr'>est</span> <span class='ocrx_word' id='word_1_147' title='bbox 145 1472 155 1491; x_wconf 87' lang='lat'>,</span> <span class='ocrx_word' id='word_1_148' title='bbox 181 1446 223 1480; x_wconf 91' lang='lat' dir='ltr'>et</span> <span class='ocrx_word' id='word_1_149' title='bbox 244 1437 307 1481; x_wconf 87' lang='lat' dir='ltr'>ire</span> <span class='ocrx_word' id='word_1_150' title='bbox 327 1438 373 1481; x_wconf 90' lang='lat' dir='ltr'>in</span> <span class='ocrx_word' id='word_1_151' title='bbox 392 1437 596 1482; x_wconf 85' lang='lat' dir='ltr'>interiora</span> <span class='ocrx_word' id='word_1_152' title='bbox 620 1438 775 1482; x_wconf 89' lang='lat' dir='ltr'>mentis</span> <span class='ocrx_word' id='word_1_153' title='bbox 794 1439 1044 1482; x_wconf 85' lang='lat' dir='ltr'>secretaria⁴</span> <span class='ocrx_word' id='word_1_154' title='bbox 1063 1461 1074 1496; x_wconf 76' lang='lat'>3</span> <span class='ocrx_word' id='word_1_155' title='bbox 1096 1439 1154 1482; x_wconf 87' lang='lat' dir='ltr'>ibi</span> <span class='ocrx_word' id='word_1_156' title='bbox 1176 1442 1314 1483; x_wconf 90' lang='lat' dir='ltr'>Deum</span> <span class='ocrx_word' id='word_1_157' title='bbox 1336 1439 1457 1484; x_wconf 88' lang='lat' dir='ltr'>invo-</span> 
     </span>
     <span class='ocr_line' id='line_1_19' title="bbox 64 1507 1457 1566; baseline 0.002 -15"><span class='ocrx_word' id='word_1_158' title='bbox 64 1522 162 1551; x_wconf 84' lang='lat' dir='ltr'>care</span> <span class='ocrx_word' id='word_1_159' title='bbox 179 1543 190 1562; x_wconf 81' lang='lat'>‚</span> <span class='ocrx_word' id='word_1_160' title='bbox 213 1507 291 1551; x_wconf 91' lang='lat' dir='ltr'>ubi</span> <span class='ocrx_word' id='word_1_161' title='bbox 313 1523 442 1552; x_wconf 90' lang='lat' dir='ltr'>nemo</span> <span class='ocrx_word' id='word_1_162' title='bbox 467 1507 589 1552; x_wconf 88' lang='lat' dir='ltr'>videt</span> <span class='ocrx_word' id='word_1_163' title='bbox 610 1517 855 1566; x_wconf 84' lang='lat' dir='ltr'>gementem</span> <span class='ocrx_word' id='word_1_164' title='bbox 887 1518 930 1552; x_wconf 91' lang='lat' dir='ltr'>et</span> <span class='ocrx_word' id='word_1_165' title='bbox 955 1509 1316 1566; x_wconf 80' lang='lat' dir='ltr'>subvenientem3</span> <span class='ocrx_word' id='word_1_166' title='bbox 1341 1509 1457 1554; x_wconf 89' lang='lat' dir='ltr'>illius</span> 
     </span>
     <span class='ocr_line' id='line_1_20' title="bbox 64 1577 1458 1624; baseline 0.002 -3"><span class='ocrx_word' id='word_1_167' title='bbox 64 1577 257 1622; x_wconf 86' lang='lat' dir='ltr'>cubiculi</span> <span class='ocrx_word' id='word_1_168' title='bbox 291 1577 494 1622; x_wconf 87' lang='lat' dir='ltr'>adversus</span> <span class='ocrx_word' id='word_1_169' title='bbox 525 1593 701 1623; x_wconf 89' lang='lat' dir='ltr'>omnem</span> <span class='ocrx_word' id='word_1_170' title='bbox 734 1580 996 1624; x_wconf 86' lang='lat' dir='ltr'>extrinsecus</span> <span class='ocrx_word' id='word_1_171' title='bbox 1027 1579 1192 1624; x_wconf 86' lang='lat' dir='ltr'>illatam</span> <span class='ocrx_word' id='word_1_172' title='bbox 1216 1580 1458 1624; x_wconf 88' lang='lat' dir='ltr'>molestiam</span> 
     </span>
     <span class='ocr_line' id='line_1_21' title="bbox 64 1646 1458 1711; baseline 0.002 -19"><span class='ocrx_word' id='word_1_173' title='bbox 64 1649 222 1692; x_wconf 88' lang='lat' dir='ltr'>ostium</span> <span class='ocrx_word' id='word_1_174' title='bbox 245 1648 446 1692; x_wconf 81' lang='lat' dir='ltr'>claudere</span> <span class='ocrx_word' id='word_1_175' title='bbox 464 1684 474 1703; x_wconf 82' lang='grc'>,</span> <span class='ocrx_word' id='word_1_176' title='bbox 499 1646 730 1693; x_wconf 86' lang='lat' dir='ltr'>humiliare</span> <span class='ocrx_word' id='word_1_177' title='bbox 751 1664 795 1693; x_wconf 90' lang='lat' dir='ltr'>se</span> <span class='ocrx_word' id='word_1_178' title='bbox 816 1650 959 1709; x_wconf 89' lang='lat' dir='ltr'>ipsum</span> <span class='ocrx_word' id='word_1_179' title='bbox 983 1651 1029 1693; x_wconf 91' lang='lat' dir='ltr'>in</span> <span class='ocrx_word' id='word_1_180' title='bbox 1057 1650 1327 1695; x_wconf 83' lang='lat' dir='ltr'>confessione</span> <span class='ocrx_word' id='word_1_181' title='bbox 1354 1666 1458 1711; x_wconf 85' lang='lat' dir='ltr'>pec-</span> 
     </span>
     <span class='ocr_line' id='line_1_22' title="bbox 64 1719 1457 1781; baseline 0.002 -19"><span class='ocrx_word' id='word_1_182' title='bbox 64 1719 174 1774; x_wconf 75' lang='lat' dir='ltr'>cati,</span> <span class='ocrx_word' id='word_1_183' title='bbox 199 1719 478 1778; x_wconf 81' lang='lat' dir='ltr'>magnificare</span> <span class='ocrx_word' id='word_1_184' title='bbox 511 1728 554 1763; x_wconf 90' lang='lat' dir='ltr'>et</span> <span class='ocrx_word' id='word_1_185' title='bbox 588 1719 767 1763; x_wconf 88' lang='lat' dir='ltr'>laudare</span> <span class='ocrx_word' id='word_1_186' title='bbox 802 1724 966 1775; x_wconf 89' lang='lat' dir='ltr'>Deum,</span> <span class='ocrx_word' id='word_1_187' title='bbox 1007 1729 1050 1764; x_wconf 92' lang='lat' dir='ltr'>et</span> <span class='ocrx_word' id='word_1_188' title='bbox 1080 1722 1384 1781; x_wconf 87' lang='lat' dir='ltr'>corripientem</span> <span class='ocrx_word' id='word_1_189' title='bbox 1414 1731 1457 1765; x_wconf 86' lang='lat' dir='ltr'>et</span> 
     </span>
     <span class='ocr_line' id='line_1_23' title="bbox 63 1789 1454 1850; baseline 0.002 -17"><span class='ocrx_word' id='word_1_190' title='bbox 63 1789 358 1834; x_wconf 83' lang='lat' dir='ltr'>consolantem</span> <span class='ocrx_word' id='word_1_191' title='bbox 382 1810 390 1834; x_wconf 91' lang='lat'>:</span> <span class='ocrx_word' id='word_1_192' title='bbox 410 1805 584 1850; x_wconf 87' lang='lat' dir='ltr'>prorsus</span> <span class='ocrx_word' id='word_1_193' title='bbox 606 1791 689 1835; x_wconf 89' lang='lat' dir='ltr'>hoc</span> <span class='ocrx_word' id='word_1_194' title='bbox 705 1792 822 1834; x_wconf 84' lang='lat' dir='ltr'>omni</span> <span class='ocrx_word' id='word_1_195' title='bbox 845 1789 976 1835; x_wconf 87' lang='lat' dir='ltr'>modo</span> <span class='ocrx_word' id='word_1_196' title='bbox 996 1791 1237 1835; x_wconf 88' lang='lat' dir='ltr'>tenendum</span> <span class='ocrx_word' id='word_1_197' title='bbox 1260 1801 1337 1836; x_wconf 88' lang='lat' dir='ltr'>est.</span> <span class='ocrx_word' id='word_1_198' title='bbox 1366 1795 1454 1836; x_wconf 89' lang='lat' dir='ltr'>Ve-</span> 
     </span>
     <span class='ocr_line' id='line_1_24' title="bbox 63 1861 1455 1921; baseline 0.002 -16"><span class='ocrx_word' id='word_1_199' title='bbox 63 1869 309 1905; x_wconf 84' lang='lat' dir='ltr'>rumtamen</span> <span class='ocrx_word' id='word_1_200' title='bbox 336 1861 381 1905; x_wconf 91' lang='lat' dir='ltr'>in</span> <span class='ocrx_word' id='word_1_201' title='bbox 400 1877 581 1921; x_wconf 84' lang='lat' dir='ltr'>corpore</span> <span class='ocrx_word' id='word_1_202' title='bbox 598 1862 681 1905; x_wconf 92' lang='lat' dir='ltr'>hoc</span> <span class='ocrx_word' id='word_1_203' title='bbox 699 1861 933 1906; x_wconf 80' lang='lat' dir='ltr'>dixerimus</span> <span class='ocrx_word' id='word_1_204' title='bbox 950 1899 960 1917; x_wconf 65' lang='lat'>7</span> <span class='ocrx_word' id='word_1_205' title='bbox 983 1861 1028 1906; x_wconf 90' lang='lat' dir='ltr'>id</span> <span class='ocrx_word' id='word_1_206' title='bbox 1052 1872 1114 1907; x_wconf 86' lang='lat' dir='ltr'>est</span> <span class='ocrx_word' id='word_1_207' title='bbox 1131 1899 1140 1917; x_wconf 80' lang='lat'>,</span> <span class='ocrx_word' id='word_1_208' title='bbox 1166 1864 1210 1906; x_wconf 92' lang='lat' dir='ltr'>in</span> <span class='ocrx_word' id='word_1_209' title='bbox 1237 1863 1360 1908; x_wconf 90' lang='lat' dir='ltr'>nobis</span> <span class='ocrx_word' id='word_1_210' title='bbox 1379 1882 1388 1907; x_wconf 77' lang='lat' dir='ltr'><em>z</em></span> <span class='ocrx_word' id='word_1_211' title='bbox 1407 1864 1455 1908; x_wconf 91' lang='lat' dir='ltr'>in</span> 
     </span>
     <span class='ocr_line' id='line_1_25' title="bbox 63 1933 1457 1993; baseline 0.001 -17"><span class='ocrx_word' id='word_1_212' title='bbox 63 1933 248 1977; x_wconf 88' lang='lat' dir='ltr'>Domino</span> <span class='ocrx_word' id='word_1_213' title='bbox 265 1942 409 1977; x_wconf 86' lang='lat' dir='ltr'>autem</span> <span class='ocrx_word' id='word_1_214' title='bbox 429 1942 578 1977; x_wconf 87' lang='lat' dir='ltr'>nostro</span> <span class='ocrx_word' id='word_1_215' title='bbox 601 1936 624 1977; x_wconf 90' lang='lat' dir='ltr'>J</span> <span class='ocrx_word' id='word_1_216' title='bbox 629 1948 704 1977; x_wconf 90' lang='lat' dir='ltr'>esu</span> <span class='ocrx_word' id='word_1_217' title='bbox 726 1933 902 1978; x_wconf 86' lang='lat' dir='ltr'>Christo</span> <span class='ocrx_word' id='word_1_218' title='bbox 924 1933 1031 1993; x_wconf 84' lang='lat' dir='ltr'>quid</span> <span class='ocrx_word' id='word_1_219' title='bbox 1049 1933 1135 1977; x_wconf 87' lang='lat' dir='ltr'>tale</span> <span class='ocrx_word' id='word_1_220' title='bbox 1153 1934 1457 1992; x_wconf 77' lang='lat' dir='ltr'>agnoscimus?</span> 
     </span>
     <span class='ocr_line' id='line_1_26' title="bbox 62 2003 1453 2064; baseline 0.001 -16"><span class='ocrx_word' id='word_1_221' title='bbox 62 2003 299 2063; x_wconf 83' lang='lat' dir='ltr'>Evangelio</span> <span class='ocrx_word' id='word_1_222' title='bbox 320 2013 546 2064; x_wconf 82' lang='lat' dir='ltr'>perspecto</span> <span class='ocrx_word' id='word_1_223' title='bbox 568 2013 611 2048; x_wconf 95' lang='lat' dir='ltr'>et</span> <span class='ocrx_word' id='word_1_224' title='bbox 629 2004 955 2063; x_wconf 79' lang='lat' dir='ltr'>diligentissime</span> <span class='ocrx_word' id='word_1_225' title='bbox 977 2014 1248 2064; x_wconf 85' lang='lat' dir='ltr'>perscrutato</span> <span class='ocrx_word' id='word_1_226' title='bbox 1270 2022 1360 2050; x_wconf 92' lang='lat' dir='ltr'>non</span> <span class='ocrx_word' id='word_1_227' title='bbox 1382 2005 1453 2049; x_wconf 91' lang='lat' dir='ltr'>in-</span> 
     </span>
     <span class='ocr_line' id='line_1_27' title="bbox 61 2075 1454 2135; baseline 0.001 -16"><span class='ocrx_word' id='word_1_228' title='bbox 61 2075 264 2119; x_wconf 86' lang='lat' dir='ltr'>venimus</span> <span class='ocrx_word' id='word_1_229' title='bbox 286 2075 521 2119; x_wconf 89' lang='lat' dir='ltr'>Dominum</span> <span class='ocrx_word' id='word_1_230' title='bbox 544 2075 591 2118; x_wconf 92' lang='lat' dir='ltr'>in</span> <span class='ocrx_word' id='word_1_231' title='bbox 615 2075 758 2135; x_wconf 89' lang='lat' dir='ltr'>aliqua</span> <span class='ocrx_word' id='word_1_232' title='bbox 782 2075 977 2135; x_wconf 85' lang='lat' dir='ltr'>passione</span> <span class='ocrx_word' id='word_1_233' title='bbox 1000 2085 1043 2120; x_wconf 93' lang='lat' dir='ltr'>et</span> <span class='ocrx_word' id='word_1_234' title='bbox 1068 2076 1352 2121; x_wconf 87' lang='lat' dir='ltr'>tribulatione</span> <span class='ocrx_word' id='word_1_235' title='bbox 1377 2093 1454 2121; x_wconf 88' lang='lat' dir='ltr'>sua</span> 
     </span>
     <span class='ocr_line' id='line_1_28' title="bbox 61 2144 1455 2206; baseline 0.001 -17"><span class='ocrx_word' id='word_1_236' title='bbox 61 2145 253 2189; x_wconf 88' lang='lat' dir='ltr'>induisse</span> <span class='ocrx_word' id='word_1_237' title='bbox 271 2160 314 2189; x_wconf 91' lang='lat' dir='ltr'>se</span> <span class='ocrx_word' id='word_1_238' title='bbox 336 2144 491 2189; x_wconf 87' lang='lat' dir='ltr'>cilicio.</span> <span class='ocrx_word' id='word_1_239' title='bbox 520 2146 743 2205; x_wconf 85' lang='lat' dir='ltr'>Jejunasse</span> <span class='ocrx_word' id='word_1_240' title='bbox 758 2145 936 2206; x_wconf 87' lang='lat' dir='ltr'>quidem</span> <span class='ocrx_word' id='word_1_241' title='bbox 959 2161 1061 2189; x_wconf 89' lang='lat' dir='ltr'>eum</span> <span class='ocrx_word' id='word_1_242' title='bbox 1081 2146 1264 2205; x_wconf 83' lang='lat' dir='ltr'>legimus</span> <span class='ocrx_word' id='word_1_243' title='bbox 1286 2156 1455 2206; x_wconf 74' lang='lat' dir='ltr'>postea-</span> 
     </span>
     <span class='ocr_line' id='line_1_29' title="bbox 61 2215 1447 2276; baseline 0.003 -18"><span class='ocrx_word' id='word_1_244' title='bbox 61 2230 196 2276; x_wconf 89' lang='lat' dir='ltr'>quam</span> <span class='ocrx_word' id='word_1_245' title='bbox 230 2215 471 2274; x_wconf 88' lang='lat' dir='ltr'>baptizatus</span> <span class='ocrx_word' id='word_1_246' title='bbox 504 2224 568 2259; x_wconf 92' lang='lat' dir='ltr'>est</span> <span class='ocrx_word' id='word_1_247' title='bbox 598 2234 607 2260; x_wconf 93' lang='lat'>:</span> <span class='ocrx_word' id='word_1_248' title='bbox 644 2215 832 2260; x_wconf 89' lang='lat' dir='ltr'>cilicium</span> <span class='ocrx_word' id='word_1_249' title='bbox 865 2216 927 2259; x_wconf 87' lang='lat' dir='ltr'>ibi</span> <span class='ocrx_word' id='word_1_250' title='bbox 970 2216 1143 2261; x_wconf 90' lang='lat' dir='ltr'>nullum</span> <span class='ocrx_word' id='word_1_251' title='bbox 1177 2217 1447 2273; x_wconf 83' lang='lat' dir='ltr'>audivimus,</span> 
     </span>
     <span class='ocr_line' id='line_1_30' title="bbox 62 2285 1454 2348; baseline 0.002 -18"><span class='ocrx_word' id='word_1_252' title='bbox 62 2285 233 2330; x_wconf 90' lang='lat' dir='ltr'>nullum</span> <span class='ocrx_word' id='word_1_253' title='bbox 256 2285 438 2344; x_wconf 82' lang='lat' dir='ltr'>legimus</span> <span class='ocrx_word' id='word_1_254' title='bbox 464 2306 474 2331; x_wconf 73' lang='grc' dir='ltr'>ε</span> <span class='ocrx_word' id='word_1_255' title='bbox 500 2286 714 2347; x_wconf 85' lang='lat' dir='ltr'>jejunasse</span> <span class='ocrx_word' id='word_1_256' title='bbox 740 2296 887 2330; x_wconf 88' lang='lat' dir='ltr'>autem</span> <span class='ocrx_word' id='word_1_257' title='bbox 910 2287 1108 2331; x_wconf 89' lang='lat' dir='ltr'>nondum</span> <span class='ocrx_word' id='word_1_258' title='bbox 1128 2290 1152 2331; x_wconf 90' lang='lat' dir='ltr'><strong>J</strong></span> <span class='ocrx_word' id='word_1_259' title='bbox 1158 2288 1290 2332; x_wconf 84' lang='lat' dir='ltr'>udaeis</span> <span class='ocrx_word' id='word_1_260' title='bbox 1308 2304 1454 2348; x_wconf 87' lang='lat' dir='ltr'>perse-</span> 
     </span>
     <span class='ocr_line' id='line_1_31' title="bbox 61 2357 1452 2419; baseline 0.003 -18"><span class='ocrx_word' id='word_1_261' title='bbox 61 2357 320 2418; x_wconf 71' lang='lat' dir='ltr'>quentibus,</span> <span class='ocrx_word' id='word_1_262' title='bbox 345 2357 420 2401; x_wconf 88' lang='lat' dir='ltr'>sed</span> <span class='ocrx_word' id='word_1_263' title='bbox 443 2357 618 2403; x_wconf 85' lang='lat' dir='ltr'>diabolo</span> <span class='ocrx_word' id='word_1_264' title='bbox 653 2361 890 2403; x_wconf 80' lang='lat' dir='ltr'>tentante⁵.</span> <span class='ocrx_word' id='word_1_265' title='bbox 925 2361 1023 2404; x_wconf 91' lang='lat' dir='ltr'>Non</span> <span class='ocrx_word' id='word_1_266' title='bbox 1051 2374 1102 2403; x_wconf 89' lang='lat' dir='ltr'>eo</span> <span class='ocrx_word' id='word_1_267' title='bbox 1124 2368 1320 2419; x_wconf 88' lang='lat' dir='ltr'>tempore</span> <span class='ocrx_word' id='word_1_268' title='bbox 1351 2359 1452 2405; x_wconf 90' lang='lat' dir='ltr'>dico</span> 
     </span>
     <span class='ocr_line' id='line_1_32' title="bbox 58 2430 1451 2492; baseline 0.001 -19"><span class='ocrx_word' id='word_1_269' title='bbox 58 2431 273 2490; x_wconf 85' lang='lat' dir='ltr'>jejunasse</span> <span class='ocrx_word' id='word_1_270' title='bbox 295 2430 530 2474; x_wconf 89' lang='lat' dir='ltr'>Dominum</span> <span class='ocrx_word' id='word_1_271' title='bbox 547 2466 557 2486; x_wconf 81' lang='lat'>‚</span> <span class='ocrx_word' id='word_1_272' title='bbox 585 2430 763 2490; x_wconf 86' lang='lat' dir='ltr'>quando</span> <span class='ocrx_word' id='word_1_273' title='bbox 782 2446 882 2474; x_wconf 90' lang='lat' dir='ltr'>eum</span> <span class='ocrx_word' id='word_1_274' title='bbox 908 2430 1237 2489; x_wconf 83' lang='lat' dir='ltr'>interrogabant</span> <span class='ocrx_word' id='word_1_275' title='bbox 1265 2447 1365 2492; x_wconf 81' lang='lat' dir='ltr'>quae</span> <span class='ocrx_word' id='word_1_276' title='bbox 1386 2433 1451 2491; x_wconf 85' lang='lat' dir='ltr'>ig-</span> 
     </span>
    </p>
   </div>
   <div class='ocr_carea' id='block_1_3' title="bbox 61 2525 1448 2623">
    <p class='ocr_par' dir='ltr' id='par_1_4' title="bbox 61 2525 1448 2623">
     <span class='ocr_line' id='line_1_33' title="bbox 110 2525 1448 2571; baseline 0.001 -13"><span class='ocrx_word' id='word_1_277' title='bbox 110 2533 120 2549; x_wconf 78' lang='lat'>1</span> <span class='ocrx_word' id='word_1_278' title='bbox 138 2528 229 2558; x_wconf 84' lang='lat' dir='ltr'>Rom.</span> <span class='ocrx_word' id='word_1_279' title='bbox 247 2538 283 2568; x_wconf 90' lang='lat'>11,</span> <span class='ocrx_word' id='word_1_280' title='bbox 301 2535 358 2569; x_wconf 80' lang='lat'>21,</span> <span class='ocrx_word' id='word_1_281' title='bbox 372 2536 427 2559; x_wconf 82' lang='lat'>22.</span> <span class='ocrx_word' id='word_1_282' title='bbox 443 2543 486 2550; x_wconf 65' lang='lat'>⁴—</span> <span class='ocrx_word' id='word_1_283' title='bbox 509 2534 522 2550; x_wconf 82' lang='lat'>²</span> <span class='ocrx_word' id='word_1_284' title='bbox 540 2527 895 2569; x_wconf 80' lang='lat' dir='ltr'>Psal.xxnv‚13.--</span> <span class='ocrx_word' id='word_1_285' title='bbox 916 2525 930 2551; x_wconf 77' lang='lat'>3</span> <span class='ocrx_word' id='word_1_286' title='bbox 951 2539 963 2559; x_wconf 93' lang='lat'>1</span> <span class='ocrx_word' id='word_1_287' title='bbox 988 2529 1146 2569; x_wconf 85' lang='lat' dir='ltr'>Cor.1u‚</span> <span class='ocrx_word' id='word_1_288' title='bbox 1164 2537 1218 2571; x_wconf 83' lang='lat'>27.</span> <span class='ocrx_word' id='word_1_289' title='bbox 1240 2545 1284 2551; x_wconf 88' lang='lat'>-—</span> <span class='ocrx_word' id='word_1_290' title='bbox 1300 2527 1317 2558; x_wconf 77' lang='lat'>4</span> <span class='ocrx_word' id='word_1_291' title='bbox 1333 2528 1448 2561; x_wconf 75' lang='lat' dir='ltr'>Matth.</span> 
     </span>
     <span class='ocr_line' id='line_1_34' title="bbox 61 2579 432 2623; baseline -0.003 -9"><span class='ocrx_word' id='word_1_292' title='bbox 61 2593 108 2622; x_wconf 80' lang='lat' dir='ltr'>vi,</span> <span class='ocrx_word' id='word_1_293' title='bbox 126 2582 159 2614; x_wconf 84' lang='lat'>6.</span> <span class='ocrx_word' id='word_1_294' title='bbox 182 2579 385 2623; x_wconf 77' lang='lat' dir='ltr'>-51d.1v,</span> <span class='ocrx_word' id='word_1_295' title='bbox 405 2594 432 2614; x_wconf 89' lang='lat'>1.</span> 
     </span>
    </p>
   </div>
  </div>
 </body>
</html>
