1841 3223
364 149 415 189 14
791 163 824 187 s.
861 158 1088 187 AUGUSTlNl
1120 159 1301 188 EPlscoPl

359 225 500 270 decim
522 225 684 269 electus
715 233 776 268 est
794 259 804 278 ,
839 240 894 268 nc
917 224 1006 283 ipsc
1028 223 1323 269 duodenarius
1346 233 1435 269 tam
1454 225 1634 284 exiguus
1660 240 1747 270 nu-

356 311 500 340 merus
515 305 623 340 esset
638 295 728 340 sine
743 293 871 339 malo.
891 297 983 339 Hoc
1001 294 1056 339 ad
1069 294 1319 355 exemplum
1335 305 1493 340 nostrae
1508 296 1745 356 patientiae,

357 367 565 428 quoniam
593 380 764 410 neccsse
792 374 884 409 crat
910 375 960 410 ut
980 365 1094 410 inter
1119 365 1254 410 malos
1275 366 1546 426 viveremus3
1577 381 1750 412 necesse

357 449 449 482 erat
470 447 518 481 ut
540 436 696 490 malos,
724 436 812 481 sive
832 436 1031 491 scienteS,
1055 436 1142 481 sive
1164 437 1418 493 nescientes,
1439 437 1747 483 toleraremus:

355 508 600 568 exemplum
627 508 847 568 patientiae
876 507 1064 568 praebuit
1100 523 1155 552 nc
1194 508 1394 564 deficias,
1430 524 1530 554 cum
1563 509 1750 568 coeperis

355 581 468 624 inter
482 579 617 623 malos
632 579 791 623 vivere.
814 583 871 624 Et
891 580 992 640 quia
1015 578 1089 624 illa
1109 579 1256 624 schola
1269 580 1428 625 Christi
1447 580 1494 624 in
1515 579 1751 625 duodecim

354 668 443 697 non
466 650 646 705 defecit,
671 661 836 711 quanto
870 652 1006 711 magis
1033 668 1110 697 nos
1132 652 1246 697 firmi
1270 667 1360 696 esse
1383 651 1595 697 debemus
1611 687 1622 708 ,
1648 667 1750 697 cum

355 724 594 783 implentur
605 723 650 766 in
665 722 855 767 Ecclesia
869 739 1041 783 magna,
1055 740 1152 784 quae
1164 723 1218 768 dc
1232 722 1448 768 malorum
1461 723 1750 783 permixtione

354 795 562 856 praedicta
587 797 716 838 suut?
734 798 886 856 Neque
909 796 1025 839 enim
1047 795 1226 839 videbat
1247 795 1337 855 ipsa
1355 793 1503 840 schola
1527 794 1750 840 redditum

358 867 511 912 semini
540 867 728 911 Abrahae
761 866 880 927 quod
911 876 1003 911 erat
1031 866 1340 927 promissum¹,
1371 875 1415 911 et
1444 866 1583 927 ipsam
1605 881 1750 911 aream

355 938 474 983 unde
488 953 624 982 massa
643 954 741 998 quac
756 937 954 997 implebit
967 939 1175 983 horreum
1188 939 1221 994 ²,
1237 953 1489 998 processura
1507 946 1586 982 est.
1604 940 1750 992 Quare

355 1010 488 1068 igitur
510 1025 621 1063 non,
661 1024 761 1053 cum
785 1009 1028 1066 trituratur,
1060 1010 1104 1054 in
1131 1025 1178 1053 ea
1208 1008 1341 1068 digne
1374 1007 1497 1069 palea
1520 1008 1746 1066 toleratur,

358 1079 499 1124 donec
523 1079 673 1124 ultima
707 1079 991 1125 ventilatione
1017 1082 1258 1141 purgetur?
1281 1083 1375 1125 Hoc
1401 1080 1518 1125 enim
1549 1078 1751 1125 futurum

354 1160 420 1195 est
437 1151 560 1195 malis
581 1149 702 1211 quod
724 1149 919 1195 audistis.

411 1224 492 1266 XI.
517 1221 600 1266 Sed
622 1231 768 1266 tamen
790 1221 897 1283 quid
914 1221 1163 1268 faciendum
1186 1225 1275 1268 est?
1301 1242 1320 1266 «
1346 1222 1488 1268 Gratis
1511 1222 1750 1268 absconde-

359 1312 379 1336 »
415 1302 519 1338 runt
542 1293 648 1336 mihi
669 1293 991 1353 corruptionem
1016 1294 1274 1354 muscipulae
1303 1309 1393 1338 suae
1412 1295 1444 1338 ³.
1473 1313 1494 1336 »
1517 1294 1636 1348 Quid
1657 1302 1747 1350 est,

361 1384 382 1408 «
417 1364 583 1410 Gratis?
605 1382 625 1406 »
651 1364 821 1418 Quibus
852 1364 960 1409 nihil
990 1364 1094 1409 mali
1128 1363 1240 1420 feci,
1279 1365 1440 1426 quibus
1462 1365 1574 1410 nihil
1595 1365 1747 1410 nocui.

361 1456 380 1479 «
416 1438 539 1480 Vane
561 1435 933 1495 exprobraverunt
950 1436 1139 1479 animam
1156 1451 1312 1480 meam.
1335 1455 1352 1477 »
1379 1435 1496 1489 Quid
1515 1445 1594 1492 est,
1625 1454 1646 1478 ‹<
1667 1438 1751 1480 Va-

358 1526 379 1549 »
415 1508 502 1551 ne?
526 1525 545 1547 »
578 1505 704 1550 Falsa
735 1506 953 1561 dicentes,
988 1505 1098 1549 nihil
1129 1506 1380 1566 probantes.
1421 1525 1442 1549 «
1467 1506 1626 1551 Veniat
1665 1505 1751 1551 illis

315 1589 319 1592 ·
359 1595 380 1619 »
416 1576 681 1637 muscipula,
724 1591 856 1636 quam
893 1575 1138 1634 ignorant4.
1168 1595 1187 1617 ³>
1225 1576 1457 1634 Magnifica
1488 1577 1747 1633 retributio,

354 1647 465 1692 nihil
480 1648 653 1708 justius.
677 1645 744 1690 Illi
767 1645 1092 1690 absconderunt
1114 1646 1406 1706 muscipulam
1424 1682 1434 1703 ,
1452 1655 1503 1691 ut
1524 1662 1606 1707 ego
1627 1647 1751 1707 igno-

355 1735 494 1764 rarem
521 1738 529 1763 :
557 1717 639 1762 illis
667 1718 810 1761 veniat
832 1716 1096 1777 muscipula,
1123 1733 1256 1778 quam
1284 1719 1501 1776 ignorant.
1527 1721 1639 1763 Nam
1668 1734 1750 1779 ego

355 1791 442 1835 scio
464 1787 754 1848 muscipulam
774 1787 981 1847 ipsorum.
999 1791 1108 1841 Quae
1126 1797 1270 1832 autem
1288 1788 1531 1848 muscipula
1553 1787 1638 1833 illis
1648 1805 1750 1834 ven-

355 1872 453 1907 tura
474 1863 568 1906 est?
602 1859 680 1904 Illa
720 1874 853 1920 quam
888 1860 1106 1917 ignorant.
1142 1859 1383 1904 Audiamus
1405 1876 1461 1903 ne
1492 1858 1604 1904 forte
1633 1861 1751 1906 dicat

356 1932 475 1977 illam
499 1951 506 1976 :
537 1951 556 1972 «
577 1930 734 1974 Veniat
765 1928 849 1972 illis
874 1928 1114 1987 muscipula
1134 1964 1144 1983 ,
1172 1945 1305 1989 quam
1327 1930 1543 1988 ignorant,
1571 1948 1592 1971 »
1619 1933 1749 1976 Forte

357 2002 485 2047 aliam
511 2000 573 2045 illi
595 1999 943 2054 absconderunt,
979 1997 1060 2043 alia
1083 1998 1166 2042 illis
1186 2008 1370 2044 ventura
1400 2002 1494 2044 est?
1514 2003 1612 2046 Non
1639 2020 1648 2046 z
1672 2001 1750 2047 sed

357 2073 490 2134 quid?
527 2070 755 2116 Criniculis
781 2078 1060 2129 peccatorum
1095 2085 1274 2113 suorum
1309 2071 1610 2132 unusquisque
1646 2087 1751 2117 con-

357 2145 628 2204 stringitur5.
662 2141 770 2186 Inde
802 2141 1097 2200 decipiuntur,
1129 2140 1248 2185 unde
1271 2141 1471 2201 decipere
1491 2143 1743 2189 voluerunt.

357 2216 466 2260 Inde
487 2213 569 2258 illis
601 2212 847 2267 nocebitur,
878 2210 998 2255 unde
1026 2226 1184 2255 nocere
1215 2212 1359 2256 conati
1388 2221 1504 2257 sunt.
1542 2214 1749 2274 Sequitur

359 2287 475 2331 enim
500 2305 509 2330 ε
538 2304 557 2326 «
586 2287 643 2328 Et
673 2283 831 2343 captio,
857 2297 989 2342 quam
1012 2281 1367 2338 occultaverunt,
1405 2284 1749 2343 comprehendat

362 2376 382 2399 »
416 2355 526 2401 illos.
550 2374 569 2396 ³>
599 2358 827 2415 Tanquam
848 2353 882 2398 si
904 2353 1136 2414 quisquam
1156 2354 1313 2397 veneni
1334 2352 1512 2399 calicem
1533 2365 1748 2415 praeparet

409 2460 416 2476 ¹
440 2455 521 2485 Gen.
548 2463 611 2483 xvn
626 2476 636 2493 ,
655 2460 687 2484 2.
707 2468 747 2474 —-
769 2457 780 2474 ²
798 2449 911 2483 Mauh.
933 2460 991 2492 111,
1014 2458 1064 2481 12.
1084 2465 1126 2472 —
1143 2446 1156 2472 3
1175 2449 1256 2483 Psal.
1277 2461 1395 2492 xxxm,
1415 2462 1445 2492 7.
1474 2449 1546 2477 -4
1565 2451 1644 2485 Ibid.
1665 2451 1686 2485 8
1703 2469 1745 2477 —

359 2509 373 2533 5
392 2511 487 2542 Pron
509 2519 541 2550 v,
565 2516 617 2540 22.
