1841 3223
324 197 408 238 554
771 207 806 237 S.
841 208 1073 237 Aucusnm
1107 210 1289 238 13121500121

320 284 447 320 vocat
473 274 659 333 lapsum.
698 276 879 319 «Justus
915 275 1033 320 enirn
1067 276 1222 336 septies
1253 275 1380 320 cadet
1414 284 1457 320 ct
1492 282 1710 333 resurget,

322 364 342 387 »
378 346 500 405 impii
527 360 629 390 vero
654 344 997 389 infirmabuntur
1014 346 1058 390 in
1082 346 1245 391 malis-1.
1270 367 1286 388 »
1310 349 1407 391 Non
1437 361 1540 404 ergo
1566 345 1714 390 timeat

317 415 618 476 unusquisque
640 425 839 460 nostrum
870 415 1049 460 callidos
1069 417 1371 471 insectatores,
1397 431 1586 475 aucupes
1614 431 1714 459 ver-

318 487 477 531 borum
493 521 504 541 ,
528 485 875 531 dinumeratores
899 502 1010 546 pene
1026 486 1318 545 syllabarum,
1344 496 1387 531 et
1410 486 1716 546 prtcvaricato-

318 574 385 603 res
411 568 749 619 praeceptorum.
785 558 902 612 Quid
931 560 973 602 in
1000 568 1042 603 te
1067 568 1220 617 arguat
1243 558 1430 603 attendit
1459 578 1467 603 :
1492 568 1541 602 ut
1561 556 1717 605 'credat

317 645 395 690 per
428 638 470 673 te
503 629 698 684 Christo,
735 645 825 674 non
855 629 1058 674 attendit.
1085 629 1275 673 Attende
1303 629 1348 673 in
1377 644 1596 673 sermones
1624 629 1716 688 ejus

317 716 450 761 quem
472 699 774 760 reprehendis,
801 717 856 745 ne
884 699 996 744 forte
1031 709 1071 745 te
1095 699 1262 760 aliquid
1287 699 1520 745 salubriter
1542 699 1712 744 doceat.

317 775 374 817 Et
396 770 503 832 quid
525 787 595 815 me
608 807 623 827 ,
644 772 807 831 inquit,
824 770 1055 816 salubriter
1072 772 1234 831 poterit
1250 771 1429 826 docere,
1450 770 1527 831 qui
1543 771 1603 815 sic
1625 770 1717 830 lap-

316 858 388 888 sus
412 852 476 886 est
500 843 542 885 in
561 842 723 887 verbo?
747 845 839 887 Hoc
859 842 1002 902 ipsum
1020 851 1062 886 te
1085 841 1198 886 forte
1220 841 1452 887 salubriter
1477 842 1605 885 docet
1623 876 1635 896 ,
1660 856 1716 885 ne

315 915 371 959 sis
400 929 558 973 auceps
585 913 850 968 verborum,
876 912 951 958 sed
986 913 1194 958 collector
1216 922 1553 974 praeceptorum.
1595 912 1717 972 «Ipsi

319 1003 340 1026 >1
374 984 629 1029 calcaneum
651 1000 800 1029 meum
821 984 1135 1029 observabunt.
1165 1003 1185 1026 »

373 1058 452 1100 XI.
492 1075 512 1097 «
529 1055 648 1100 Sicut
669 1055 874 1100 sustinuit
897 1055 1041 1100 anima
1070 1071 1182 1099 mea.
1201 1074 1221 1097 »
1250 1057 1343 1100 Hoc
1364 1054 1463 1099 dico
1481 1053 1602 1115 quod
1620 1069 1716 1098 sus-

316 1126 443 1171 tinui.
470 1126 756 1186 Loquebatur
778 1135 979 1185 expertus
998 1145 1007 1171 z
1035 1146 1053 1169 «
1081 1128 1202 1172 Sicut
1218 1126 1422 1170 sustinuit
1439 1125 1582 1170 anima
1601 1139 1712 1168 mea.

321 1216 342 1239 »
377 1196 576 1242 Incolent
612 1206 654 1241 et
676 1196 963 1242 abscondent.
995 1199 1157 1242 Omnes
1185 1197 1393 1242 sustineat
1427 1196 1567 1241 anima
1592 1210 1714 1252 mea3

318 1269 422 1313 foris
459 1268 689 1324 latrantes,
727 1269 844 1313 intus
881 1268 1152 1313 occultantes
1194 1268 1418 1312 sustineat.
1458 1266 1717 1311 Forinsecus

317 1340 518 1395 veniens,
536 1340 661 1400 quasi
676 1339 836 1383 fluvius
857 1340 976 1383 venit
998 1340 1180 1383 tentatio
1204 1358 1212 1384 ;
1237 1339 1282 1384 in
1301 1348 1424 1398 petra
1448 1347 1489 1381 te
1505 1338 1714 1392 inveniat,

318 1410 546 1470 impingat,
572 1426 662 1454 non
675 1409 873 1470 dejiciat,
893 1409 1076 1454 fundata
1094 1419 1158 1454 est
1180 1409 1337 1454 domus
1350 1425 1478 1468 supra
1496 1418 1665 1468 petram
1681 1411 1714 1452 ².

320 1484 444 1525 Intus
467 1490 554 1536 est,
580 1480 744 1525 incolet
776 1489 820 1524 et
849 1481 1090 1524 abscondet
1116 1500 1124 1524 :
1152 1490 1202 1524 ut
1226 1478 1350 1540 palea
1379 1479 1459 1524 tibi
1482 1479 1711 1533 vicinetur,

317 1552 450 1597 intret
471 1552 624 1596 tritura
647 1551 805 1607 boum,
831 1551 965 1595 intret
991 1550 1156 1595 tribula
1179 1551 1503 1608 tentationum,
1527 1558 1577 1594 tu
1607 1565 1717 1609 pur-

319 1623 428 1682 garis
442 1658 453 1678 ,
476 1623 549 1667 illa
571 1623 900 1668 comminuitur.

378 1698 479 1740 XII.
520 1715 540 1738 «
561 1695 683 1740 Sicut
698 1695 903 1739 sustinuit
920 1694 1063 1738 anima
1087 1708 1205 1748 mea,
1230 1708 1310 1752 pro
1337 1692 1476 1737 nihilo
1493 1692 1632 1737 salvos
1648 1692 1718 1737 fa-

323 1785 344 1809 »
379 1767 465 1811 cies
498 1768 616 1811 eosss.
641 1784 661 1807 »
700 1766 859 1810 Docuit
879 1774 923 1811 et
944 1781 1023 1825 pro
1054 1764 1156 1825 ipsis
1188 1779 1326 1808 orare.
1357 1766 1521 1823 Nempe
1553 1767 1719 1808 «Inco-

324 1857 342 1880 »
377 1836 469 1882 lent
492 1846 534 1881 et
556 1836 849 1892 abscondent,
879 1854 898 1877 »
936 1851 1094 1895 nempe
1116 1834 1256 1879 dolosi
1274 1869 1285 1890 ,
1312 1849 1469 1894 nempe
1489 1833 1717 1880 simulato-

318 1925 386 1953 res
407 1918 539 1969 atque
560 1908 834 1954 insidiatores
849 1917 952 1952 sunt
975 1927 985 1952 :
1008 1916 1056 1951 tu
1074 1923 1148 1951 ora
1168 1922 1247 1966 pro
1261 1906 1337 1961 eis,
1364 1915 1407 1950 et
1429 1905 1520 1950 noli
1542 1905 1712 1952 dicere:

318 1980 545 2042 Numquid
586 1990 630 2025 et
654 1981 785 2025 talem
817 1980 1042 2024 hominem
1075 1982 1189 2023 Deus
1218 1987 1491 2023 correcturus
1515 1988 1603 2033 est,
1627 1988 1718 2023 tam

320 2052 485 2096 malum
502 2087 513 2107 ,
537 2061 627 2096 tam
648 2052 924 2111 perversum?
949 2049 1049 2096 Noli
1071 2049 1299 2110 desperare
1318 2070 1326 2094 :
1350 2065 1482 2110 quem
1505 2065 1629 2109 roges
1651 2059 1718 2095 af-

324 2123 478 2179 tende,
512 2138 602 2166 non
634 2138 714 2182 pro
745 2137 834 2183 quo
857 2136 994 2180 roges.
1029 2120 1378 2180 Magnitudinem
1400 2120 1543 2164 morbi
1563 2121 1713 2176 vides,

319 2195 560 2256 potentiam
590 2194 746 2239 medici
782 2209 871 2238 non
898 2191 1047 2238 vides?
1085 2192 1318 2237 «Incolent
1340 2202 1383 2236 et
1405 2193 1677 2237 abscondent
1703 2211 1712 2236 :

322 2285 343 2307 »
378 2266 490 2310 sicut
511 2266 715 2309 sustinuit
733 2264 876 2308 anima
899 2279 1009 2307 mea.
1033 2282 1052 2305 »
1078 2263 1251 2309 Sustine
1267 2298 1277 2318 ,
1303 2279 1377 2307 ora
1404 2282 1412 2307 :
1434 2272 1477 2307 ct
1500 2262 1607 2323 quid
1632 2263 1715 2307 fit?

323 2356 344 2380 ι(
378 2340 463 2380 Pro
487 2335 624 2380 nihilo
644 2335 783 2380 salvos
805 2333 933 2378 facies
957 2349 1042 2378 eos.
1065 2354 1082 2375 »
1113 2334 1179 2379 Sic
1200 2333 1297 2378 illos
1319 2332 1459 2378 salvos
1484 2333 1613 2378 facies
1632 2368 1642 2388 ‚
1664 2341 1715 2378 ut

318 2407 428 2451 nihil
453 2408 530 2451 tibi
553 2407 627 2462 sit,
659 2406 703 2451 id
736 2416 823 2461 est,
853 2416 902 2450 ut
933 2405 1080 2449 nullus
1107 2405 1230 2450 labor
1252 2405 1331 2449 tibi
1352 2405 1421 2449 sit.
1452 2405 1715 2449 Hominibus

319 2478 530 2538 desperati
553 2486 654 2522 sunt
669 2513 679 2533 ,
705 2476 780 2522 sed
804 2486 852 2521 tu
875 2477 1010 2521 verbo
1027 2492 1150 2520 curas
1170 2497 1180 2533 3
1212 2491 1302 2520 non
1321 2475 1539 2521 laborabis
1562 2475 1607 2519 in
1629 2473 1710 2519 cuss

367 2570 374 2585 ¹
392 2565 485 2594 Prov.
506 2573 596 2602 xxiv,
619 2562 668 2594 16.
691 2579 733 2585 --
753 2570 766 2585 ‘²
784 2562 896 2595 Manli.
916 2573 975 2602 vu,
995 2563 1048 2593 αὖ.
1068 2579 1107 2584 -
1125 2559 1137 2583 3
1157 2562 1236 2593 Psal.
1257 2573 1305 2603 tv,
1331 2563 1360 2593 8.
