1841 3223
454 217 695 248 ENAnnArro
729 223 772 249 m
806 220 1007 250 rsALMUM
1042 225 1108 250 ιν.
1386 213 1464 250 ,561

86 283 377 341 videbantur3
402 292 444 328 et
465 283 675 343 petebant
707 301 808 329 eum
839 287 893 329 de
915 286 1270 341 liaereditatibus‚
1293 286 1348 331 dc
1379 303 1472 349 am<

87 354 264 415 plianda
297 356 503 414 pecunia,
545 355 600 399 de
626 356 923 415 prolonganda
957 359 1042 402 vita
1077 359 1180 413 ista,
1219 357 1273 402 de
1306 359 1470 402 eaeteris

87 424 399 486 temporalibus
430 425 589 470 rebus:
621 436 664 470 et
683 427 790 486 quid
817 426 872 470 de
893 427 976 471 inis
1006 429 1251 487 Scriptura?
1277 448 1296 470 «
1328 429 1473 473 Domi-

90 514 112 538 »
146 512 255 540 num
276 510 364 541 non
385 496 713 542 invocaverunt.
738 515 758 539 »
783 498 887 542 Ideo
907 497 1015 558 quid
1032 499 1256 558 sequitur?
1283 518 1302 541 «
1327 499 1394 543 Ibi
1419 500 1475 542 ti-

92 584 114 608 »
148 575 356 611 muerunt
377 566 548 623 timore,
571 567 650 612 ubi
671 583 762 612 non
781 577 872 612 erat
888 568 1018 612 timor
1035 570 1065 611 ¹.
1087 587 1106 609 »
1123 568 1237 621 Quid
1258 578 1335 623 est,
1359 569 1476 614 «Ubi

93 654 113 678 η
149 652 241 681 non
267 646 358 681 erat
379 637 535 682 timor?
564 655 584 678 >›
616 640 679 683 Ne
712 636 793 681 illis
821 637 1150 682 subtraheretur
1175 639 1384 698 pecunia,
1421 655 1476 683 ne

90 705 255 767 aliquid
281 707 327 751 in
350 707 484 752 domo
505 723 655 753 eorum
674 708 818 752 minus
842 708 985 765 fieret3
1009 717 1228 768 postremo
1252 724 1306 752 ne
1331 709 1477 753 minus

90 791 306 822 annorum
329 777 541 822 haberent
566 778 613 821 in
633 778 714 822 hac
738 778 825 822 vita
843 813 854 832 ‚
875 793 1007 839 quam
1025 778 1107 822 sibi
1124 778 1357 838 sperabant
1373 798 1381 823 :
1397 795 1476 823 ve-

90 863 188 892 rum
213 866 234 890 «
261 847 329 892 Ibi
349 848 676 908 trepidaverunt
708 848 888 905 timore,
927 849 1004 893 ubi
1037 865 1128 894 non
1155 858 1248 894 erat
1278 850 1422 895 timor.
1452 868 1473 891 »

91 917 250 972 Quales
271 917 452 963 fuerunt
468 918 532 963 illi
554 918 699 963 Judaei
718 938 726 963 z
756 938 776 960 «
807 919 850 964 Si
871 917 1159 964 dimiserimus
1181 935 1282 965 eum
1304 920 1448 965 vivere
1465 955 1476 975 ‚

93 990 303 1034 »venient
314 989 517 1044 Romani,
528 998 572 1033 et
584 988 784 1034 auferent
795 1005 818 1034 a
831 990 956 1035 nobis
968 999 1011 1034 et
1024 990 1169 1035 locum
1184 1000 1226 1034 et
1239 995 1446 1049 gentein2.
1455 1009 1477 1032 η

92 1059 161 1103 Ibi
188 1059 432 1104 timuerunt
458 1059 614 1104 timore
641 1059 718 1103 ubi
754 1075 844 1104 non
871 1069 963 1104 erat
990 1061 1135 1105 timor.
1166 1079 1186 1103 «
1211 1063 1323 1105 Ecce
1346 1061 1477 1116 scivi,

94 1147 116 1171 »
151 1130 357 1189 quoniam
393 1133 508 1174 Deus
534 1145 656 1174 meus
691 1145 734 1174 es
765 1140 827 1174 tu.
863 1149 883 1171 n
913 1133 1086 1190 Magnae
1118 1130 1279 1175 divitiae
1315 1131 1478 1187 cordis,

92 1214 301 1260 magnum
322 1200 474 1245 lumen
505 1199 622 1245 oculi
648 1200 863 1246 interioris
879 1236 890 1256 ‚
916 1216 1074 1260 magna
1097 1200 1256 1246 fiducia
1279 1201 1482 1246 securita-

92 1270 148 1315 tis
169 1289 178 1315 :
209 1289 230 1312 «
248 1273 362 1315 Ecce
379 1270 484 1315 scivi
500 1271 707 1330 quoniam
729 1274 843 1314 Deus
861 1286 982 1315 meus
1005 1286 1048 1315 es
1070 1281 1135 1315 tu.
1162 1290 1183 1312 »

149 1343 318 1385 XVIII.
341 1359 361 1383 «
382 1343 435 1384 In
456 1343 547 1384 Deo
563 1339 755 1385 laudabo
777 1341 961 1385 verbum
978 1376 988 1396 ‚
1014 1342 1061 1385 in
1080 1342 1268 1386 Domino
1289 1341 1481 1387 laudabo

96 1430 118 1454 »
153 1426 427 1456 sermonem:
464 1411 510 1455 in
544 1414 634 1455 Deo
666 1413 859 1471 speravi,
895 1427 985 1456 non
1019 1413 1181 1457 timebo
1212 1413 1321 1472 quid
1354 1413 1484 1465 faciat

95 1500 117 1524 ³)
152 1482 262 1526 mihi
283 1482 460 1527 homoss.
489 1500 509 1523 ›>
531 1484 629 1526 Jam
651 1483 742 1542 ipse
769 1491 832 1527 est
852 1498 1001 1527 sensus
1019 1483 1096 1542 qui
1117 1483 1314 1543 superius
1331 1493 1394 1528 est
1412 1500 1483 1529 re-

92 1552 271 1612 petitus.

154 1624 279 1666 XIX.
310 1641 331 1664 «
349 1624 401 1666 In
416 1636 486 1666 me
505 1631 621 1677 suut,
648 1626 778 1677 Deus,
799 1632 899 1666 vota
916 1630 1007 1677 tua,
1026 1638 1125 1682 quae
1142 1623 1324 1667 reddam
1344 1624 1485 1668 laudis

81 1701 117 1734 ·»
152 1693 281 1736 tibi4.
311 1711 331 1733 »
357 1695 524 1737 Vovete
541 1728 551 1747 ‚
578 1701 621 1736 et
644 1691 812 1736 reddite
833 1692 1020 1736 Domino
1048 1695 1137 1737 Deo
1158 1702 1300 1737 vestro
1318 1695 1348 1737 ⁵.
1372 1694 1485 1746 Quid

92 1762 308 1818 voveatis,
335 1761 444 1822 quid
465 1761 654 1806 reddatis
672 1764 689 1805 P
710 1765 779 1806 Au
801 1760 912 1806 forte
934 1761 1134 1806 animatia
1158 1761 1232 1807 illa
1254 1779 1352 1823 quae
1374 1764 1486 1808 oss'ea-

94 1833 305 1877 rebantur
327 1831 382 1877 ad
411 1847 503 1876 aras
524 1831 791 1892 aliquando?
812 1831 929 1877 Nihil
961 1831 1043 1876 tale
1072 1832 1227 1876 offeras
1248 1853 1257 1878 2
1283 1834 1328 1877 in
1349 1842 1392 1877 te
1422 1843 1486 1878 est

94 1904 217 1964 quod
235 1918 391 1948 voveas
413 1912 457 1947 et
477 1901 648 1946 reddas.
668 1908 725 1946 De
743 1902 885 1947 cordis
900 1919 996 1947 arca
1014 1902 1160 1962 profer
1180 1903 1320 1948 laudis
1338 1907 1485 1949 incen-

95 1989 206 2029 sum,
223 1974 278 2017 de
295 1972 470 2018 cellario
487 1972 616 2018 bonae
633 1972 907 2017 eonscientiae
920 1973 1067 2032 profer
1087 1973 1346 2018 sacrificium
1363 1975 1482 2020 fidei.

97 2043 327 2104 Quidquid
347 2041 529 2103 profers,
555 2042 744 2087 accende
770 2043 994 2086 charitate.
1018 2046 1070 2087 In
1087 2052 1130 2086 te
1153 2043 1239 2087 sint
1253 2053 1369 2099 vota,
1386 2061 1486 2104 quae

95 2112 250 2158 reddas
265 2112 408 2158 laudis
428 2116 534 2158 Deo.
555 2114 691 2173 Cujus
705 2111 869 2156 laudis?
886 2112 1002 2166 Quid
1022 2113 1138 2157 enim
1155 2114 1234 2157 tihi
1255 2115 1485 2173 praestitit?

101 2203 122 2227 «
156 2183 370 2237 Quoniam
407 2181 556 2228 eruisti
586 2183 775 2227 animam
804 2198 943 2227 meam
979 2183 1033 2227 de
1055 2193 1210 2228 morte.
1240 2203 1259 2225 »
1295 2187 1392 2244 Ipsa
1420 2195 1484 2230 est

97 2255 171 2300 illa
190 2255 280 2300 vita
301 2270 434 2316 quam
454 2255 653 2299 enuntiat
673 2253 758 2299 illi:
781 2257 932 2299 «Deus
947 2255 1082 2299 vitam
1095 2271 1236 2299 meam
1258 2256 1483 2301 enuntiavi

100 2345 121 2369 »
158 2325 251 2370 tibi.
275 2343 296 2367 »
322 2325 437 2379 Quid
457 2324 574 2369 enim
602 2327 746 2369 eram?
768 2328 982 2369 Mortuus.
1008 2328 1089 2368 Per
1111 2341 1180 2369 me
1201 2326 1342 2385 ipsum
1365 2342 1483 2372 cram

99 2405 325 2442 mortuus:
350 2410 428 2456 per
450 2404 492 2440 te
523 2395 631 2457 quid
657 2398 784 2440 sum?
805 2393 955 2440 Vivus.
995 2396 1100 2441 Ideo
1125 2415 1144 2438 «
1168 2399 1219 2441 In
1246 2411 1316 2441 me
1350 2407 1452 2442 sunt
1467 2433 1478 2453 ‚

147 2499 156 2516 ¹
185 2492 266 2525 Psal.
287 2501 355 2533 xm,
375 2490 408 2523 5.
431 2508 473 2514 ——
492 2498 505 2514 ²
524 2493 617 2524 Joan.
645 2500 700 2532 xi,
721 2490 775 2532 48.
796 2507 836 2513 -
858 2488 870 2513 3
890 2491 969 2524 Psal.
992 2501 1049 2533 ιν,
1077 2502 1127 2524 11.
1158 2509 1199 2515 —
1217 2491 1234 2517 4
1251 2491 1333 2526 Ibid.
1366 2502 1418 2526 12.
1439 2511 1480 2518 —

100 2547 116 2572 ⁵
140 2547 186 2581 Id.
204 2558 300 2590 Lxxv,
319 2555 369 2579 12.

336 2612 424 2643 CXV
431 2633 439 2641 .
1248 2606 1296 2641 36
