1841 3223
306 195 389 235 538
718 204 752 234 s.
789 203 1026 235 Aucus'rnu
1059 206 1241 235 EPISCOPI

306 274 382 318 sed
404 270 525 333 quod
547 271 639 331 ipse
663 272 717 316 sit
724 272 859 333 judex
880 272 1162 333 iniquitatum
1181 285 1347 317 eorum.
1368 268 1564 314 Tradidit
1585 269 1704 314 enim

307 359 380 388 cos
390 347 503 387 Deus
513 343 557 386 in
569 343 943 402 concupiscentias
952 342 1092 388 cordis
1106 345 1292 387 eorum¹.
1306 344 1575 387 Amaverunt
1586 341 1703 384 enim

311 413 515 458 tenebras
532 447 542 467 ‚
564 421 607 456 et
628 428 718 457 non
733 413 900 471 lucem,
921 413 1168 458 dilexerunt
1190 414 1428 458 caecitatem
1442 447 1452 466 ,
1472 420 1516 455 ct
1537 427 1627 456 non
1642 411 1703 455 vi·

308 484 490 529 sionem.
517 486 626 529 Nam
650 499 749 528 ecce
765 485 974 529 Dominus
990 487 1010 529 J
1018 500 1113 529 esus
1132 483 1267 529 eluxit
1283 484 1485 528 universo
1507 481 1673 526 mundo
1689 502 1702 539 3

307 564 486 600 cantent
509 554 554 599 in
577 555 749 600 unitate
771 571 870 600 cum
895 565 988 601 toto
1011 556 1179 601 mundo
1206 574 1214 600 :
1248 557 1380 600 «Non
1401 554 1517 598 enim
1542 562 1606 598 est
1627 553 1704 613 qui

310 646 330 669 »
365 641 409 671 se
427 625 668 671 abscondat
691 642 712 670 a
733 625 875 671 calore
893 626 1050 671 illius2.
1069 645 1089 667 »
1113 625 1182 670 Illi
1200 634 1345 670 autem
1362 624 1638 669 traducentes
1660 638 1705 668 sc

307 714 330 742 a
354 706 448 742 toto
476 697 531 741 ad
554 707 722 757 partem
741 733 751 753 ‚
777 713 800 741 a
826 713 1008 757 corpore
1027 697 1083 740 ad
1105 695 1264 741 vulnus
1280 731 1290 751 ,
1316 712 1339 740 a
1359 696 1447 740 vita
1470 694 1523 739 ad
1548 695 1705 755 praeci—-

307 769 498 825 sionem,
528 767 637 829 quid
660 768 826 829 passuri
858 777 982 824 sunt,
1009 767 1091 812 nisi
1123 768 1170 812 in
1200 776 1384 828 puteum
1418 766 1708 827 corruptionis

306 839 438 884 ituri?

363 911 528 954 XXVI.
569 909 692 954 «Viri
713 909 979 969 sanguinum
998 918 1041 953 et
1058 908 1315 954 dolositatis.
1341 926 1361 950 n
1388 908 1513 953 Viros
1535 907 1709 967 sangui-

310 995 417 1024 num
440 988 620 1040 propter
644 978 970 1024 interfectiones
996 979 1131 1038 dicit3
1159 989 1292 1040 atque
1314 979 1480 1024 utinam
1503 994 1709 1039 corpora-

306 1050 394 1107 les,
416 1058 460 1095 et
483 1065 574 1095 non
591 1049 824 1111 spiritales!
856 1051 1038 1110 Sanguis
1053 1050 1169 1094 enim
1182 1050 1237 1095 de
1253 1065 1383 1095 earne
1400 1050 1559 1104 exiens,
1583 1048 1709 1093 vide-

307 1131 381 1167 tur
389 1122 643 1167 ethorretur
661 1141 671 1167 ι
687 1122 785 1183 quis
798 1121 919 1167 videt
932 1123 1185 1180 sanguinem
1201 1121 1342 1167 cordis
1354 1122 1399 1166 in
1412 1121 1708 1181 rebaptizato?

310 1192 403 1239 111ae
436 1203 598 1239 mortes
629 1193 734 1239 alios
757 1193 906 1239 oculos
929 1203 1150 1255 quaerunt.
1188 1198 1445 1254 Quanquam
1472 1203 1514 1237 et
1542 1192 1597 1237 de
1619 1193 1709 1237 istis

311 1266 523 1310 mortibus
541 1265 785 1311 visibilibus
804 1281 895 1311 non
918 1266 1144 1327 quiescant
1165 1266 1319 1310 armati
1333 1266 1498 1326 ubique
1515 1265 1708 1310 Circum-

307 1336 528 1382 celliones.
551 1340 608 1381 Et
625 1337 659 1381 si
678 1338 777 1382 istas
798 1336 988 1382 visibiles
1003 1346 1165 1382 mortes
1181 1336 1460 1381 attendamus
1475 1371 1486 1391 ,
1512 1336 1591 1380 viri
1608 1351 1708 1380 san-

311 1407 494 1466 guinum
519 1416 635 1453 sunt.
663 1407 854 1451 Attende
876 1417 1114 1463 armatum,
1139 1408 1172 1452 si
1204 1408 1271 1452 vir
1291 1407 1408 1467 pacis
1431 1415 1521 1462 est,
1554 1416 1597 1451 et
1619 1422 1708 1451 non

307 1479 544 1536 sanguinis.
570 1479 613 1524 Si
635 1477 796 1523 fustem
819 1478 974 1523 saltem
995 1479 1138 1523 solum
1161 1477 1294 1523 ferret
1326 1498 1335 1523 z
1363 1478 1439 1522 sed
1456 1478 1539 1522 fert
1555 1476 1709 1522 fundi-

308 1550 486 1606 bulum,
514 1548 598 1594 fert
623 1550 837 1606 securim,
875 1548 958 1595 fert
983 1549 1171 1610 lapides,
1207 1548 1292 1595 fert
1324 1550 1494 1594 lanceas
1521 1569 1530 1595 ε
1556 1559 1599 1594 et
1627 1550 1709 1594 ista

309 1631 536 1682 portantes
560 1622 727 1682 ubique
749 1638 836 1683 qua
863 1632 1045 1682 possunt
1065 1632 1317 1681 evagantur,
1354 1622 1608 1680 sanguinem
1638 1622 1710 1665 in·-

308 1694 562 1738 nocentium
593 1693 762 1738 sitiunt.
789 1696 907 1753 Ergo
931 1703 975 1738 et
1006 1693 1061 1737 de
1095 1693 1185 1737 istis
1219 1691 1464 1737 visibilibus
1492 1692 1707 1737 mortibus

307 1773 410 1809 sunt
430 1764 513 1809 viri
534 1765 813 1823 sanguinum.
837 1763 921 1809 Sed
943 1773 986 1808 et
1006 1762 1061 1807 de
1082 1763 1166 1807 illis
1188 1762 1383 1807 dicamus
1410 1781 1418 1807 :
1444 1763 1617 1807 Utinam
1634 1779 1706 1808 so·-

307 1834 370 1880 las
393 1834 614 1880 3facerent
633 1870 645 1891 ,
665 1843 710 1879 et
731 1835 895 1879 animas
912 1850 1002 1879 non
1018 1834 1298 1894 perimerent.
1320 1833 1394 1878 Isti
1416 1834 1492 1894 qui
1510 1845 1608 1878 sunt
1624 1834 1706 1879 viri

307 1906 572 1964 sanguinum
590 1913 634 1948 et
651 1904 915 1960 dolositatis,
936 1920 991 1949 ne
1012 1913 1171 1964 putent
1192 1904 1295 1965 quia
1316 1919 1397 1949 nos
1420 1903 1533 1948 male
1553 1905 1613 1949 sic
1637 1904 1706 1949 in-

308 1974 545 2034 telligimus
572 1976 687 2020 viros
716 1975 1004 2034 sanguinum,
1040 1975 1117 2035 qui
1142 1974 1306 2018 animas
1339 1974 1549 2019 occidunt
1588 1994 1597 2020 :
1623 1976 1705 2035 ipsi

308 2046 650 2091 Maximianistas
672 2062 771 2091 suos
798 2046 858 2090 sic
886 2045 1207 2090 intellexerunt.
1234 2049 1342 2092 Nam
1365 2061 1466 2090 cum
1489 2061 1561 2090 eos
1585 2045 1705 2090 dam-

308 2125 490 2172 narent,
523 2117 569 2161 in
597 2118 686 2176 ipsa
715 2116 929 2161 sententia
950 2116 1155 2161 concilii⁴
1182 2117 1247 2161 sui
1282 2117 1361 2161 ista
1390 2116 1523 2162 verba
1545 2133 1705 2178 posue-

309 2197 413 2232 runt
440 2206 448 2233 ;
474 2206 494 2229 «
508 2187 689 2232 Veloces
710 2186 841 2247 pedes
861 2203 1012 2232 eorum
1028 2186 1083 2231 ad
1101 2186 1423 2231 effundendum
1444 2188 1704 2247 sanguinem

312 2277 331 2300 η
369 2259 746 2303 annuntiatorum.
779 2258 1103 2304 Contribulatio
1132 2267 1175 2302 et
1203 2257 1423 2303 calamitas
1452 2259 1495 2302 in
1527 2259 1603 2302 viis
1625 2274 1702 2304 co-

311 2348 331 2370 »
368 2345 482 2384 rum,
508 2339 551 2374 et
572 2330 686 2374 viam
708 2330 825 2390 pacis
848 2345 937 2373 non
957 2332 1300 2389 cognoverunt5.
1328 2350 1344 2371 »
1365 2332 1458 2374 Hoc
1481 2329 1537 2374 de
1558 2331 1702 2375 Maxi-

308 2402 516 2446 mianistis
533 2402 751 2446 dixerunt.
773 2404 933 2455 Quaero
955 2411 1101 2446 autem
1117 2417 1196 2459 ego
1214 2401 1269 2446 ab
1283 2402 1342 2446 eis
1364 2401 1543 2462 quando
1564 2404 1702 2447 Maxi-

357 2503 366 2520 ¹
388 2499 478 2530 Rom.
499 2509 522 2539 1,
542 2495 596 2539 24.
618 2514 660 2520 -
680 2505 692 2520 ²
712 2497 793 2530 Psal.
814 2509 908 2539 xvm,
926 2509 956 2539 7.
979 2515 1019 2520 —
1041 2496 1053 2519 3
1072 2496 1223 2529 Subumli
1238 2497 1377 2530 visibiles
1398 2504 1528 2531 mortes,
1549 2515 1590 2521 —
1607 2496 1623 2527 4
1637 2500 1699 2530 Ra-

309 2553 436 2592 gaitani.
453 2571 493 2575 —
511 2551 525 2576 5
546 2553 626 2585 psal.
646 2564 714 2592 xm,
736 2553 766 2585 3.
