1841 3223
315 205 398 245 564
757 214 790 242 S.
828 214 1058 242 Arc-[snm
1092 216 1271 241 El‘tscom

313 286 443 328 Suam
460 280 693 340 reliquerat
711 279 966 339 adjutricem
980 315 990 333 ,
1009 295 1098 323 non
1113 278 1254 322 mariti
1268 277 1610 322 consolatricem.
1633 277 1707 321 llle

309 368 412 411 crgo
435 350 589 411 plenus
608 355 718 406 Deo,
738 352 784 395 in
806 367 895 412 quo
918 360 1018 394 vota
1040 360 1190 405 erant,
1213 366 1312 410 quse
1328 348 1530 393 redderet
1545 347 1704 404 laudis,

308 432 360 467 ut
374 422 621 467 ostenderet
635 421 736 482 quia
751 421 881 480 gratis
895 424 1034 466 Deum
1052 420 1241 476 colebat,
1260 435 1349 464 non
1362 419 1458 464 ideo
1472 419 1574 479 quia
1588 428 1709 463 tanta

309 502 561 553 acceperat,
595 502 639 537 et
667 493 828 537 amissis
857 491 1059 536 omnibus
1098 490 1191 535 talis
1224 499 1308 545 est,
1346 491 1450 550 quia
1472 489 1598 547 illum
1631 489 1710 549 qui

311 564 491 609 dederat
517 564 685 619 omnia,
716 580 806 608 non
844 563 986 607 amisit
1015 583 1024 608 :
1059 582 1078 604 «
1110 562 1319 607 Dominus
1358 560 1501 616 dedit,
1540 560 1706 621 inquit,

312 654 332 678 »
360 635 568 681 Dominus
592 634 798 691 abstulit,
823 635 935 679 sicut
952 633 1140 679 Domino
1157 631 1342 693 placuit,
1357 632 1414 676 ita
1432 630 1598 676 factum
1615 640 1680 675 est
1697 648 1707 677 ε

312 726 333 749 »
361 707 415 751 sit
434 723 594 752 nomen
626 706 800 751 Domini
834 704 1162 749 benedictum1.
1191 703 1425 748 »Vulnere
1454 704 1583 748 etiam
1605 718 1707 763 per-

310 794 459 823 cussus
478 795 502 822 a
523 777 663 837 eapite
687 791 826 837 usque
850 776 905 820 ad
922 775 1054 836 pedes
1071 811 1082 831 ,
1102 775 1272 835 integer
1294 784 1441 819 tamen
1462 774 1580 819 intus
1595 809 1605 829 ,
1627 789 1711 818 res-

313 850 472 910 pondit
494 849 712 893 tentatrici
729 883 739 903 ,
763 846 817 891 de
838 847 1006 891 lumine
1027 846 1267 891 viventium
1281 845 1353 902 ,de
1374 845 1542 890 lumine
1565 845 1708 891 cordis

311 922 377 966 sui
402 941 411 966 :
441 940 461 963 «
486 924 653 965 Locuta
687 935 731 964 es
758 928 970 979 tanquam
993 935 1082 963 una
1103 934 1155 962 ex
1180 918 1483 978 insipientibus
1512 916 1711 962 mulieri-

314 1010 335 1034 »
359 992 489 1047 bus2,
519 1010 539 1033 »
567 990 612 1035 id
634 1000 698 1035 est
713 1026 724 1046 ,
758 999 970 1051 tanquam
993 1005 1042 1033 ea
1065 1006 1165 1050 quaa
1198 1005 1287 1034 non
1320 988 1453 1033 habet
1479 988 1631 1032 lumen
1652 989 1713 1033 vi-

309 1063 526 1108 ventium.
560 1065 730 1106 Lumen
761 1061 879 1105 enim
904 1060 1146 1105 viventium
1180 1060 1415 1120 sapientia,
1449 1069 1492 1105 et
1518 1060 1712 1104 tenebra:

312 1133 611 1194 insipientium
640 1131 822 1178 stultitia
852 1141 929 1176 est.
962 1151 982 1174 (ς
1007 1135 1172 1176 Locuta
1210 1148 1254 1176 es
1292 1142 1503 1193 tanquam
1540 1148 1628 1176 una
1662 1148 1712 1176 cx

315 1222 337 1247 >›
362 1205 666 1265 insipientibus
688 1203 946 1248 mulieribus
967 1223 975 1248 :
1002 1222 1021 1244 n
1042 1219 1215 1249 carnem
1237 1218 1378 1247 meam
1394 1201 1514 1248 vides
1530 1238 1540 1258 ,
1561 1201 1713 1247 lumen

313 1275 456 1321 cordis
469 1276 555 1319 mei
571 1291 662 1320 non
679 1274 815 1320 vides.
834 1278 1010 1319 Poterat
1028 1275 1142 1318 enim
1157 1274 1228 1319 illa
1247 1284 1352 1319 tune
1367 1275 1508 1318 virum
1527 1273 1712 1334 amplius

315 1362 460 1392 amare
478 1382 489 1403 ,
515 1347 548 1391 si
565 1346 941 1406 pulchritudinem
958 1345 1210 1390 interiorem
1227 1355 1373 1390 nosset
1388 1380 1398 1400 ,
1419 1355 1462 1389 et
1482 1345 1714 1405 inspiceret

314 1419 392 1463 ubi
410 1417 483 1462 ille
502 1416 685 1477 pulcher
705 1425 797 1460 erat
819 1432 965 1460 coram
989 1414 1124 1460 oculis
1151 1416 1229 1460 Dei
1256 1435 1264 1460 :
1291 1415 1393 1476 quia
1423 1416 1469 1459 in
1492 1414 1568 1459 illo
1591 1424 1714 1459 erant

314 1498 443 1544 vota,
470 1504 570 1548 quae
593 1486 795 1531 redderet
823 1485 965 1530 laudis
982 1489 1088 1531 Deo.
1111 1486 1345 1540 Quomodo
1369 1485 1481 1530 illud
1505 1486 1714 1546 patrimo-

315 1560 441 1604 nium
466 1575 557 1603 non
576 1558 792 1602 invaserat
813 1556 1046 1601 inimicus?
1070 1561 1209 1610 Quam
1231 1557 1451 1615 integrum
1474 1566 1566 1601 erat
1593 1557 1714 1618 quod

315 1628 587 1690 possidebat,
614 1638 657 1672 et
679 1636 859 1688 propter
881 1626 1002 1688 quod
1025 1626 1211 1687 amplius
1234 1626 1546 1687 possidendum
1568 1642 1714 1686 spera-

315 1701 394 1746 bat
410 1701 548 1744 iturus
569 1716 592 1743 a
618 1698 852 1743 virtutibus
874 1698 921 1741 in
939 1698 1162 1743 virtutem.
1185 1701 1323 1756 Ergo,
1350 1697 1504 1742 fratres
1520 1733 1530 1753 ,
1554 1697 1610 1742 ad
1630 1698 1714 1743 hoc

315 1771 444 1817 nobis
462 1770 639 1816 valeant
658 1770 754 1814 haec
768 1769 929 1825 omnia,
947 1778 997 1814 ut
1014 1772 1152 1813 Deum
1173 1769 1303 1828 gratis
1317 1768 1565 1827 diligamus,
1580 1768 1626 1813 in
1638 1768 1714 1814 illo

315 1858 538 1904 speremus
553 1856 738 1902 semper,
759 1856 840 1885 nec
862 1840 1102 1895 hominem,
1120 1854 1200 1884 nee
1220 1839 1446 1884 diabolum
1464 1840 1709 1884 timeamus.

316 1916 407 1960 Nec
432 1913 528 1968 ille,
554 1927 634 1956 nec
657 1912 736 1956 iste
760 1910 864 1955 facit
883 1909 1068 1970 aliquid,
1100 1910 1183 1954 nisi
1214 1909 1393 1970 quando
1415 1910 1681 1970 permittitur
1702 1930 1710 1955 ε

316 1984 510 2045 permitti
528 1984 583 2027 ad
606 1982 793 2027 nihilum
815 1990 974 2042 potest,
991 1980 1073 2024 nisi
1095 1980 1218 2041 quod
1234 1980 1359 2025 nobis
1379 1980 1571 2041 prodest.
1592 1980 1714 2026 Tole-

316 2071 463 2101 remus
491 2054 650 2110 malos,
687 2054 821 2099 simus
844 2053 966 2109 boni,
992 2053 1095 2113 quia
1125 2062 1168 2097 et
1195 2068 1274 2098 nos
1298 2053 1460 2097 fuimus
1482 2052 1600 2097 mali.
1629 2056 1714 2097 Pro

314 2127 454 2172 nihilo
472 2125 610 2171 salvos
628 2124 757 2170 faciet
769 2128 884 2170 Deus
905 2139 1055 2169 omnes
1071 2123 1125 2168 de
1148 2123 1308 2184 quibus
1325 2123 1553 2184 desperare
1575 2122 1714 2168 aude-

313 2214 427 2244 mus.
462 2201 580 2257 Ergo
614 2196 668 2241 de
704 2197 878 2241 nemine
908 2194 1210 2255 desperemus,
1248 2211 1328 2256 pro
1364 2195 1571 2240 omnibus
1603 2211 1713 2256 quos

315 2269 507 2329 patimur
529 2283 728 2323 oremus,
760 2283 784 2311 a
819 2270 909 2311 Deo
939 2282 1167 2326 nunquam
1200 2265 1468 2311 recedamus.
1497 2265 1712 2311 Patrimo-

314 2341 442 2386 nium
464 2349 661 2385 nostrum
681 2339 771 2399 ipse
793 2339 874 2394 sit,
911 2353 1005 2398 spes
1032 2347 1177 2382 nostra
1202 2338 1291 2398 ipse
1314 2337 1390 2393 sit,
1422 2337 1536 2382 salus
1566 2345 1713 2382 nostra

315 2411 405 2471 ipse
422 2411 490 2456 sit.
519 2414 615 2470 Ipse
632 2410 702 2454 hic
724 2409 972 2455 consolator
986 2444 997 2465 ,
1022 2408 1084 2453 ibi
1105 2418 1357 2454 munerator
1373 2444 1384 2465 ,
1410 2408 1576 2468 ubique
1597 2408 1711 2452 vivi-

366 2520 469 2554 ι301).
495 2532 518 2561 1,
539 2530 592 2553 21.
611 2537 650 2544 -
675 2520 752 2552 2111.
775 2531 810 2560 11,
833 2530 882 2552 io.

1799 3172 1811 3223 ξ
1826 3190 1830 3223 i
