1841 3223
406 267 488 306 122
839 275 871 303 5.
909 274 1139 305 Aneusrrm
1170 277 1353 306 Emscom

400 358 573 388 eausam
599 356 761 395 meam,
787 341 841 385 de
865 356 910 385 re
932 357 1032 401 age,
1058 342 1262 387 Ecclesiae
1284 358 1458 388 eausam
1483 342 1680 398 attende,
1704 343 1783 387 ubi

401 415 453 458 sis
473 412 585 457 vide.
608 412 772 455 Veritas
796 411 874 456 tibi
899 412 1128 457 undelibet
1149 412 1376 474 loquatur,
1399 414 1588 458 esuriens
1609 414 1781 474 aeeipe3

399 499 454 528 ne
474 497 699 543 nunquam
724 481 779 526 ad
802 491 844 526 te
862 484 1085 542 perveniat
1107 484 1228 543 panis
1244 519 1254 539 ‚
1280 484 1386 529 dum
1405 500 1573 544 semper
1595 484 1704 545 quid
1722 500 1785 529 re-

397 553 638 614 prehendas
653 553 698 597 in
719 553 894 599 vasculo
912 552 1154 603 fastidiosus
1176 564 1219 599 et
1241 555 1534 601 calumniosus
1556 555 1751 616 inquiris.

905 830 1288 881 ENARRATIO

753 971 814 1009 IN
856 969 1162 1010 PSALMUM
1203 971 1449 1012 XXXVII.

854 1102 1003 1146 Sermo
1022 1100 1078 1146 ad
1100 1101 1333 1162 populum.

468 1241 504 1284 Ι.
539 1239 800 1284 Opponwm
823 1237 878 1283 ad
910 1238 955 1283 id
981 1239 1103 1299 quod
1128 1239 1397 1284 cantavimus
1414 1273 1426 1294 ‚
1461 1257 1482 1282 «
1506 1238 1786 1300 Iniquitatem

401 1328 422 1352 »
456 1325 599 1354 meam
634 1325 714 1369 ego
751 1309 989 1369 pronuntio
1010 1345 1021 1365 ,
1054 1320 1097 1354 et
1134 1326 1284 1354 euram
1323 1325 1469 1368 geram
1504 1325 1581 1370 pro
1608 1319 1787 1370 peccato

401 1400 420 1426 ))
457 1383 606 1437 meo¹,
637 1400 657 1423 »
685 1381 908 1442 respondit
931 1382 1023 1426 haee
1046 1380 1202 1425 mulier
1239 1381 1293 1426 de
1330 1381 1519 1426 lectione
1540 1382 1782 1441 Evangelii.

399 1453 654 1513 Iniquitates
674 1455 790 1497 enim
813 1454 903 1513 ejus
925 1453 1098 1497 intuens
1124 1453 1357 1509 Dominus,
1382 1468 1535 1498 canem
1555 1452 1788 1513 appellavit

398 1524 545 1568 dicens
571 1543 579 1568 :
609 1542 628 1564 «
652 1526 749 1568 Non
771 1533 834 1568 est
856 1524 1022 1568 bonum
1057 1539 1218 1583 panem
1247 1523 1436 1568 filiorum
1470 1524 1642 1568 mittere
1664 1524 1787 1568 cani-

398 1612 420 1636 »
456 1594 538 1638 bus
552 1598 584 1638 2.
613 1613 632 1635 n
660 1597 716 1638 At
740 1593 813 1638 illa
829 1610 928 1655 quae
951 1604 1132 1638 noverat
1153 1594 1429 1654 iniquitatem
1448 1610 1569 1638 suam
1587 1610 1787 1654 pronun-

396 1665 503 1710 tiare
527 1675 570 1710 et
592 1681 742 1710 curam
764 1680 910 1724 gerere
932 1681 1011 1725 pro
1034 1675 1212 1725 peceato
1230 1681 1308 1710 suo
1323 1701 1334 1721 ‚
1360 1681 1450 1710 non
1472 1666 1644 1724 negavit
1667 1665 1789 1727 quod

395 1737 553 1782 veritas
574 1735 709 1794 dixit3
733 1736 809 1781 sed
832 1737 1047 1781 miseriam
1079 1735 1275 1782 confessa
1291 1772 1302 1793 ,
1336 1737 1676 1782 misericordiam
1704 1753 1787 1798 po-

396 1808 480 1853 tius
516 1808 786 1864 impetravit,
821 1823 971 1851 curam
995 1822 1146 1866 gerens
1183 1823 1262 1866 pro
1291 1816 1470 1867 peceato
1492 1823 1586 1852 suo.
1611 1810 1719 1853 Nam
1745 1817 1788 1852 et

396 1878 537 1924 curari
568 1879 778 1936 petiverat
810 1877 941 1922 filiam
976 1893 1098 1922 suam
1116 1912 1126 1932 ‚
1152 1876 1341 1922 fortassis
1371 1878 1415 1921 in
1434 1876 1521 1922 filia
1543 1878 1787 1937 significans

396 1950 527 1996 vitam
550 1965 686 1994 suam.
713 1947 934 1994 Psalmum
957 1964 1059 2006 ergo
1090 1958 1232 1993 totum
1250 1983 1260 2003 ,
1294 1957 1509 2009 quantum
1526 1964 1755 2009 possumus
1771 1984 1783 2005 ‚

394 2021 502 2065 dum
523 2019 846 2066 consideramus
867 2030 910 2064 et
926 2029 1240 2079 pertractamus
1256 2054 1268 2075 ‚
1291 2018 1520 2064 advertite.
1547 2019 1673 2064 Adsit
1696 2023 1786 2065 Do-

395 2092 538 2137 minus
567 2093 770 2138 cordibus
790 2092 967 2146 nostris‚
993 2101 1044 2136 ut
1065 2091 1297 2136 salubriter
1319 2091 1390 2136 hie
1411 2091 1684 2136 inveniamus
1707 2108 1786 2137 vo-

396 2180 466 2209 ces
498 2173 691 2220 nostras,
729 2172 773 2208 et
805 2162 1027 2224 quomodo
1064 2163 1357 2206 invenerimus
1380 2161 1680 2222 proferamus,
1706 2179 1786 2209 nec

393 2234 630 2280 difficulter
651 2233 914 2279 inveniendo
930 2269 942 2290 ‚
962 2249 1041 2278 nee
1059 2233 1209 2293 imperi
1217 2244 1258 2278 te
1275 2231 1558 2293 proferendo.

453 2308 511 2350 11.
549 2304 716 2350 Titulus
738 2307 829 2366 ejus
849 2314 926 2350 est.
942 2303 1172 2349 «Psalmus
1189 2304 1270 2365 ipsi
1293 2303 1431 2349 David
1448 2304 1494 2348 in
1517 2302 1785 2349 reeordatio-

399 2396 420 2419 »
456 2393 557 2421 nem
578 2378 792 2422 sabbati?
821 2396 841 2419 η
868 2377 1111 2431 Quaerimus
1146 2393 1246 2438 quae
1269 2377 1393 2422 nobis
1416 2376 1574 2437 scripta
1596 2386 1699 2421 sunt
1730 2376 1786 2421 de

397 2457 546 2493 saneto
567 2448 705 2492 David
728 2449 942 2509 propheta
957 2483 968 2504 ,
994 2464 1046 2493 ex
1066 2449 1187 2509 eujus
1210 2449 1374 2492 semine
1398 2448 1609 2493 Dominus
1639 2457 1786 2493 noster

395 2521 518 2564 Jesus
535 2518 730 2564 Christus
750 2519 991 2564 seeundum
1014 2519 1214 2564 earnem⁴
1240 2538 1249 2564 :
1273 2529 1315 2563 et
1337 2520 1450 2564 inter
1471 2519 1586 2565 bona
1609 2535 1709 2580 quae
1729 2517 1784 2563 de

447 2633 455 2650 ¹
476 2627 558 2659 Psal.
584 2638 707 2666 xxxvii,
727 2638 833 2669 19.—-
853 2634 866 2651 ²
884 2627 1064 2669 Mattl1.xv‚
1079 2626 1188 2659 26.—
1205 2625 1218 2651 3
1237 2626 1317 2659 Psal.
1337 2637 1469 2669 xxxvn,
1492 2638 1521 2660 1.
1536 2626 1778 2669 —4R0m.1,3.
