1841 3223
206 231 448 259 mummio
482 233 496 259 1
529 233 573 259 m
606 230 809 259 PSALMIJM
841 231 1031 269 xxxvm,
1066 230 1192 258 SERM.
1227 232 1258 257 1.
1361 220 1443 258 163

58 309 176 338 nunc
193 310 216 338 a
238 295 456 339 veteribus
469 304 511 339 te
532 294 729 339 exuendo
743 330 753 349 ,
771 295 874 339 etin
889 311 999 339 nova
1013 293 1244 339 currendo.
1260 297 1312 338 In
1329 310 1444 339 nova

58 380 159 423 ergo
181 381 357 410 currens
379 366 480 420 iste,
505 375 548 409 et
566 365 611 409 in
634 381 683 409 ea
707 381 804 425 quae
825 375 924 409 ante
939 376 1040 410 sunt
1062 374 1259 409 extentus
1280 379 1289 406 t
1316 384 1334 406 «
1349 368 1443 410 No-
1465 360 1467 362 i

60 445 186 480 »tum
201 472 212 492 ‚
237 437 380 497 inquit
396 472 407 491 ,
431 436 636 491 Domine,
657 435 725 480 fac
749 436 854 479 mihi
876 437 1008 480 finem
1027 452 1173 480 meum
1191 472 1202 491 ,
1228 445 1270 480 et
1282 451 1443 480 nume-

59 523 190 551 »rum
211 507 381 552 dierum
401 523 596 552 meorum
611 507 687 568 qui
705 516 783 563 est,
809 515 858 550 ut
879 507 1009 550 sciam
1027 506 1135 566 quid
1152 507 1263 551 desit
1281 507 1402 551 mihi.
1419 524 1440 548 »

55 581 168 623 Ecce
205 579 338 623 trahit
369 578 512 623 adhuc
533 577 672 622 Adam
691 613 702 633 ,
738 587 781 621 et
803 577 862 621 sic
893 576 1068 621 festinat
1090 576 1146 621 ad
1167 578 1389 622 Christum
1429 597 1440 624 z

61 667 81 690 «
96 650 231 704 Ecce,
260 648 420 709 inquit,
444 658 610 693 veteres
629 648 810 709 posuisti
840 647 929 692 dies
951 662 1125 691 meos.»
1150 650 1328 692 Veteres
1353 647 1445 692 dies

56 734 109 763 ex
125 718 264 764 Adam
281 754 292 775 ,
317 728 482 764 veteres
505 718 601 764 illos
621 718 802 779 posuisti
826 738 834 763 ς
859 727 1135 762 veterascunt
1156 718 1374 778 quotidie,
1400 727 1444 763 et

54 789 114 834 sic
145 798 441 845 veterascunt,
483 799 533 834 ut
561 789 797 850 aliquando
821 789 952 833 etiam
977 797 1305 834 consumantur.
1341 807 1362 831 «
1387 791 1447 833 Et

59 878 79 901 »
100 860 339 905 substantia
359 876 454 905 mea
478 870 686 922 tanquam
708 858 816 904 nihil
850 869 959 904 ante*
976 869 1034 904 te.
1060 878 1080 900 »
1112 863 1227 904 Ante
1250 869 1294 904 te
1310 895 1321 915 ,
1355 862 1445 904 Do-

55 931 198 987 mine,
222 941 433 992 tanquam
463 931 573 977 nihil
598 931 838 977 substantia
867 946 984 986 mea,
1021 940 1121 975 ante
1152 940 1194 975 te
1225 931 1302 992 qui
1324 929 1445 976 vides

56 1003 135 1047 hoc
156 1022 165 1047 z
192 1012 234 1047 et
254 1018 333 1062 ego
355 1019 454 1048 cum
472 1004 556 1048 hoc
574 1004 702 1048 video
719 1038 730 1058 ,
762 1012 862 1047 ante
882 1012 925 1047 te
950 1002 1100 1057 video,
1126 1012 1224 1046 ante
1247 1003 1444 1047 homines

55 1089 145 1118 non
183 1073 323 1119 video.
357 1075 469 1128 Quid
501 1075 616 1119 enim
645 1074 814 1119 dicam?
847 1074 1013 1127 Quibus
1042 1074 1183 1118 verbis
1218 1073 1444 1118 ostendam

55 1144 166 1189 nihil
186 1161 273 1190 esse
299 1145 420 1207 quod
442 1161 539 1190 sum
558 1147 605 1190 in
631 1145 954 1205 comparatione
982 1145 1072 1206 ejus
1099 1144 1219 1205 quod
1240 1147 1335 1189 est?
1359 1144 1444 1190 Sed

54 1215 172 1261 intus
199 1216 373 1273 dicitur,
408 1217 525 1262 intus
546 1226 788 1278 utcumque
815 1216 1014 1261 sentitur.
1045 1219 1190 1260 «Ante
1212 1225 1281 1271 te,
1303 1235 1322 1258 »
1350 1219 1442 1261 Do-

55 1287 198 1343 mine,
230 1287 308 1332 ubi
335 1287 450 1332 oculi
471 1288 534 1332 tui
567 1303 690 1343 sunt,
723 1303 813 1332 non
845 1287 923 1332 ubi
954 1287 1071 1332 oculi
1095 1287 1277 1331 humani
1299 1296 1403 1331 sunt
1430 1305 1439 1331 ε

55 1358 163 1419 quid
182 1358 261 1402 ubi
282 1357 396 1403 oculi
413 1359 476 1403 tui
493 1361 626 1403 sunt?
644 1358 926 1404 «Substantia
945 1374 1039 1402 mea
1059 1368 1264 1419 tanquam
1285 1357 1438 1402 nihil.»

113 1432 171 1473 X.
210 1431 560 1474 «Verumtamen
596 1429 795 1475 universa
821 1430 1003 1484 vanitas,
1037 1429 1176 1473 omnis
1209 1429 1344 1473 homo
1378 1427 1445 1472 vi-

59 1516 80 1540 »
99 1502 250 1544 vens1.
288 1503 632 1546 Verumtamen:
655 1518 676 1542 »
712 1501 820 1561 quid
850 1500 965 1544 enim
987 1498 1186 1544 dicebat?
1215 1502 1313 1543 Jam
1346 1513 1445 1543 ecce

56 1571 266 1616 transilivi
286 1571 485 1617 mortalia
507 1572 676 1627 omnia,
711 1581 754 1616 et
774 1572 861 1615 ima
878 1571 1143 1630 contempsi,
1174 1569 1336 1615 calcavi
1353 1579 1445 1614 ter-

56 1656 182 1698 rena,
203 1642 376 1687 ascendi
394 1643 450 1687 ad
471 1642 805 1687 delectationem
826 1641 934 1700 legis
956 1641 1127 1685 Domini
1144 1674 1155 1696 ,
1173 1640 1382 1685 fluctuavi
1399 1640 1447 1684 in

56 1710 374 1773 dispensatione
397 1729 680 1758 numerorum
705 1712 875 1757 dierum
895 1711 1212 1757 dominicorum
1229 1747 1240 1767 ,
1272 1711 1444 1755 deside-

56 1783 147 1827 ravi
178 1783 309 1827 etiam
337 1784 470 1827 finem
502 1783 656 1838 illum,
688 1783 811 1842 cujus
843 1797 933 1826 non
967 1790 1030 1825 est
1058 1780 1182 1839 finis3
1206 1780 1444 1826 desideravi

57 1868 291 1898 numerum
311 1853 480 1898 dierum
502 1868 702 1898 meorum
719 1853 795 1913 qui
809 1861 893 1907 est,
919 1852 1019 1912 quia
1044 1867 1251 1896 numerus
1275 1852 1446 1896 dierum

56 1923 239 1969 istorum
259 1939 349 1969 non
366 1933 452 1981 est,
479 1938 578 1968 ecce
601 1924 693 1984 jam
717 1921 813 1967 talis
842 1937 938 1966 sum
954 1957 965 1977 ,
990 1930 1111 1966 tanta
1143 1922 1375 1977 transilivi,
1400 1923 1446 1966 in

57 2010 107 2040 ea
128 2012 228 2056 quae
248 2005 366 2041 stant
385 1996 420 2040 si
440 1996 561 2040 inhio
584 2014 593 2040 ε
620 1998 991 2050 «Verumtamen,
1014 2013 1035 2036 »
1061 1995 1119 2038 sic
1133 1993 1356 2055 quomodo
1374 1995 1445 2039 hic

57 2081 178 2121 sum,
217 2065 416 2127 quandiu
449 2066 521 2110 hic
549 2081 669 2121 sum,
709 2064 908 2126 quandiu
937 2064 982 2109 in
1011 2065 1094 2109 hoc
1126 2064 1286 2109 saeculo
1323 2081 1442 2120 sum,

58 2136 253 2197 quandiu
279 2151 454 2181 carnem
480 2135 709 2181 mortalem
738 2144 892 2195 porto,
927 2134 1126 2196 quandiu
1151 2135 1334 2180 tentatio
1356 2135 1447 2181 vita

58 2207 250 2253 humana
277 2216 341 2251 est
363 2222 492 2267 super
521 2209 725 2261 terram‘2,
760 2205 959 2266 quandiu
980 2206 1096 2250 inter
1121 2205 1321 2251 scandala
1353 2221 1448 2250 sus·

57 2278 169 2338 piro,
181 2277 379 2339 quandiu
389 2277 521 2322 timeo
531 2292 585 2322 ne
599 2276 751 2321 cadam
768 2277 843 2338 qui
855 2286 936 2332 sto,
954 2276 1153 2337 quandiu
1164 2277 1271 2321 mihi
1283 2277 1448 2321 incerta

59 2358 163 2394 sunt
183 2357 226 2393 et
252 2348 366 2393 mala
385 2364 482 2394 mea
501 2358 544 2393 et
567 2347 684 2393 bona
705 2363 823 2403 mea,
853 2367 874 2390 «
888 2347 1097 2393 Universa
1115 2348 1282 2392 vanitas
1307 2348 1447 2393 omnis

62 2437 84 2461 »
119 2419 252 2464 homo
281 2416 446 2465 vivens.
474 2419 652 2473 Omnis,
680 2436 700 2459 >›
725 2418 929 2479 inquam,
961 2428 1004 2463 et
1024 2418 1193 2462 haerens
1223 2427 1267 2463 et
1296 2419 1448 2463 transi-

61 2487 168 2534 liens
184 2524 195 2545 ,
219 2498 263 2534 et
277 2489 369 2549 ipse
389 2488 572 2534 Idithun
594 2489 650 2533 ad
670 2489 917 2533 universam
934 2488 1172 2534 vanitatem
1188 2488 1333 2535 adhuc
1354 2505 1448 2550 per-

110 2569 118 2587 ¹
140 2562 220 2596 Psal.
239 2562 421 2606 xxxvm‚6.
442 2579 484 2587 --
503 2563 603 2595 nob.
626 2573 685 2603 vu,
705 2574 733 2594 1.

1222 2616 1286 2656 11.
