1841 3223
432 206 485 246 94
861 218 894 243 s.
931 214 1161 242 Aneusnm
1194 214 1375 242 Enseom

430 281 758 342 conspirationis
789 278 1041 339 impellens,
1069 280 1151 323 hoc
1189 279 1244 323 ab
1273 279 1331 323 eis
1361 277 1483 322 velut
1504 277 1696 338 precario
1720 279 1818 338 jure

430 352 680 413 postulavit,
701 361 750 394 ut
765 349 818 394 ad
834 349 1104 394 damnandos
1123 359 1312 410 quatuor
1330 348 1549 403 diaconos,
1567 349 1679 392 viros
1693 364 1818 407 egre-

431 424 545 483 gios,
582 438 630 466 ac
664 419 956 479 singularibus
990 420 1152 464 meritis
1187 420 1470 480 approbatos,
1508 419 1819 463 Maximianum

430 492 617 546 scilicet,
639 491 954 550 Rogatianum,
983 494 1225 546 Donatum,
1252 491 1444 550 itemque
1475 489 1765 548 salgamium,
1794 507 1815 530 n

429 568 513 622 (Et
544 579 644 608 cum
668 563 893 618 recitaret,
920 563 1034 607 idem
1070 572 1255 607 tractans
1289 562 1422 606 dixit:
1466 565 1517 606 ln
1542 562 1608 606 his
1629 571 1821 622 quatuor

428 645 522 679 erat
540 634 611 679 ille
634 644 785 679 auctor
807 635 1068 689 schismatis,
1098 633 1340 694 prsecidens
1364 634 1418 677 de
1442 631 1580 676 frusto
1603 631 1817 687 frustum,

428 715 473 750 et
493 722 582 750 non
601 722 645 750 se
671 705 822 750 dolens
841 707 895 749 ab
918 705 1166 764 integritate
1189 704 1434 764 praecisum.
1468 706 1525 748 Et
1545 718 1646 747 cum
1662 712 1822 748 tracta-

428 786 521 832 ret,
546 776 663 821 idem
687 776 911 837 sequentia
933 776 1152 820 recitavit:
1173 777 1190 834 )
1209 802 1266 808 —
1286 794 1305 817 «
1331 775 1632 819 incunctanter
1654 774 1691 818 ei
1719 789 1821 834 pro—

428 846 652 892 mitterent
679 846 1006 892 accommodare
1026 861 1299 891 eonsensum.
1336 865 1354 887 »
1378 848 1576 903 (Etcum
1603 843 1818 901 recitaret,

428 918 544 963 idem
575 928 763 963 tractans
791 918 901 963 dixit
922 939 931 963 ι
962 921 1054 963 Hoc
1076 933 1177 963 cum
1202 916 1286 962 illis
1310 918 1411 975 egit,
1439 916 1500 960 illi
1522 916 1760 961 noluerunt
1783 917 1823 960 ei

427 991 682 1050 promittere
699 1025 710 1045 ,
744 989 819 1033 sed
848 998 1080 1034 tacuerunt
1105 1009 1112 1033 :
1145 988 1217 1033 ille
1239 1004 1316 1048 per
1337 1004 1381 1032 se
1407 988 1550 1048 ipsum
1584 988 1822 1047 cogitatum

431 1061 568 1106 scelus
591 1077 682 1106 non
704 1060 923 1105 dubitavit
939 1060 1135 1120 implere.
1158 1063 1214 1105 Et
1237 1076 1338 1104 eum
1360 1069 1586 1115 tractaret,
1614 1058 1731 1103 idem
1752 1073 1822 1102 re-

431 1133 714 1191 citavit:)—-·
745 1151 765 1173 (ι
789 1133 924 1191 Cujus
949 1131 1013 1175 illi
1047 1131 1159 1176 mala
1194 1131 1535 1191 praesumptione
1563 1128 1820 1190 stupefacti,

431 1220 530 1249 cum
553 1219 641 1247 rem
667 1203 839 1248 silentio
861 1203 1139 1259 refellissent,
1164 1218 1241 1263 per
1258 1219 1301 1247 se
1318 1203 1556 1261 cogitatum
1579 1201 1717 1246 scelus
1734 1215 1824 1245 non

431 1275 649 1319 dubitavit
670 1273 874 1334 implere,
900 1291 1038 1335 usque
1061 1273 1169 1319 adeo
1191 1283 1241 1317 ut
1264 1275 1308 1318 in
1335 1275 1646 1318 Maximianum
1674 1272 1823 1316 diaco-

431 1362 540 1390 num
556 1382 567 1402 ,
588 1347 731 1391 virum
748 1380 759 1400 ,
778 1346 889 1390 sieut
906 1346 1110 1390 omnibus
1127 1354 1281 1390 notum
1300 1355 1385 1400 est,
1406 1345 1684 1390 innocentem
1699 1379 1710 1400 ,
1733 1343 1824 1388 sine

429 1433 583 1472 causa,
608 1417 699 1461 siue
721 1426 991 1472 accusatore,
1017 1416 1108 1461 sine
1130 1426 1238 1460 teste
1254 1451 1264 1471 ,
1292 1416 1516 1460 absentem
1536 1431 1585 1460 ac
1608 1414 1722 1460 lecto
1743 1430 1824 1459 cu·-

430 1488 610 1532 bantem
634 1523 644 1543 ,
694 1487 956 1531 sententiam
993 1496 1168 1546 putaret
1200 1502 1290 1531 6336
1318 1484 1620 1546 promendam.
1660 1504 1680 1527 »
1717 1487 1733 1542 (
1767 1487 1825 1530 Et

430 1575 532 1604 cum
565 1559 787 1614 recitaret,
824 1557 938 1602 idem
972 1567 1159 1602 tractans
1182 1558 1291 1602 dixit
1319 1578 1327 1603 :
1365 1557 1520 1603 Videte
1542 1556 1729 1602 crimen!
1769 1558 1825 1601 Et

429 1646 531 1676 cum
554 1639 758 1675 tractaret
778 1665 789 1685 ,
814 1628 930 1673 idem
954 1630 1179 1690 sequentia
1209 1629 1405 1674 recitavit
1422 1631 1461 1686 2)
1483 1657 1538 1662 —
1567 1648 1587 1670 «
1611 1628 1697 1682 Qui
1713 1629 1823 1688 jam-

428 1702 599 1762 pridem
617 1701 795 1746 elericos
819 1716 909 1745 non
932 1699 1128 1745 dissimili
1150 1700 1298 1745 furore
1319 1699 1561 1744 damnaret.
1583 1703 1692 1744 Nam
1722 1714 1824 1744 cum

428 1773 614 1818 incestos
645 1782 796 1817 contra
833 1771 974 1831 legem
1018 1771 1280 1831 decretaque
1313 1771 1509 1814 omnium
1549 1770 1823 1815 sacerdotum

428 1843 730 1890 communioni
751 1851 910 1887 sanctae
943 1842 1221 1903 adjungeret,
1248 1857 1438 1901 eumque
1469 1841 1705 1885 obsistente
1728 1856 1822 1884 ma-

426 1915 541 1958 xima
562 1923 684 1974 parte
706 1912 843 1973 plebis
861 1948 871 1968 ,
893 1913 1021 1957 etiam
1038 1913 1256 1957 seniorum
1280 1912 1646 1957 nobilissimorum
1669 1911 1822 1956 litteris

427 1985 750 2040 conveniretur,
776 1994 826 2029 ut
851 2000 928 2045 per
962 2000 1006 2029 se
1034 1983 1419 2051 corrigeretfluod
1451 1983 1706 2039 admiserat,
1745 1998 1823 2028 sua

426 2058 670 2102 temeritate
691 2072 905 2117 possessus
924 2055 1157 2100 emendare
1175 2052 1450 2115 contempsit.
1472 2055 1548 2099 His
1566 2056 1711 2115 itaque
1727 2069 1823 2114 per-

426 2129 537 2173 moti
559 2129 748 2174 seniores
771 2126 975 2172 Ecclesiae
998 2125 1275 2185 supradictae,
1297 2125 1351 2169 ad
1370 2125 1621 2170 universum
1637 2125 1822 2170 chorum

425 2198 592 2244 litteras
623 2198 874 2258 legatosque
906 2198 1143 2253 miserunt,
1179 2197 1338 2257 quibus
1372 2212 1463 2241 non
1494 2197 1584 2240 sine
1617 2196 1821 2254 lacrymis

427 2270 647 2331 deprecati
662 2280 763 2315 sunt
779 2278 829 2314 ut
846 2267 898 2313 ad
913 2284 956 2313 36
971 2268 1209 2313 ferventius
1221 2268 1481 2322 veniremus,
1500 2284 1589 2328 quo
1606 2283 1819 2328 perpenso

426 2340 670 2396 libramine,
690 2339 1051 2385 intentationibus
1073 2338 1321 2399 exploratis,
1342 2338 1597 2382 existimatio
1615 2338 1819 2382 Ecclesiae

425 2423 701 2473 purgaretur.
717 2413 783 2457 Ad
795 2413 907 2457 hane
920 2410 1101 2472 proinde
1112 2426 1210 2455 eum
1224 2409 1464 2455 secundum
1477 2419 1818 2454 memoratorum

426 2482 594 2528 litteras
622 2483 894 2538 veniremus,
928 2491 1031 2527 nota
1058 2497 1134 2525 sua
1162 2481 1235 2525 illa
1257 2481 1423 2526 ratione
1446 2480 1711 2536 fervescens,
1737 2481 1817 2524 ad-

426 2562 608 2600 ventum
639 2562 836 2599 nostrum
861 2553 1032 2612 penitus
1057 2551 1304 2597 declinavit.
1341 2569 1360 2593 »
1400 2553 1418 2609 (
1446 2554 1627 2596 Etcum
1661 2550 1815 2596 recita-
