1841 3223
375 245 617 276 ENAnnAno
649 248 694 275 m
726 244 930 276 PsALMUM
963 247 1080 274 xLiv.
1351 235 1436 273 289

50 313 152 358 mile
175 322 297 373 petra
319 328 419 358 cum
453 313 652 359 Christo¹
672 335 683 372 3
707 312 814 374 quid
846 313 980 357 habet
1007 310 1146 356 simile
1179 326 1315 371 agnus
1337 326 1454 356 cum.

53 383 329 429 Salvatore2?
355 382 463 444 quid
494 382 626 427 habet
653 381 722 427 leo
745 398 846 427 cum
871 381 1091 442 Unigeniti
1115 380 1373 426 fortitudine
1388 381 1438 425 3?

51 454 173 499 Dicta
204 462 306 499 sunt
340 454 435 498 haec
469 463 614 498 tamen
640 471 649 497 :
683 462 726 497 et
759 453 839 497 nisi
868 451 1143 508 dicerentur,
1171 468 1261 497 non
1293 450 1440 512 aliquo

51 524 184 569 modo
206 540 284 584 per
304 525 398 569 haec
423 523 609 569 visibilia
637 522 693 568 ad
714 522 976 568 invisibilem
996 523 1347 569 informaremur.
1374 524 1442 568 Sic

52 610 153 654 ergo
166 595 378 640 humilem
390 595 717 640 similitudinem
726 594 879 639 calami
891 595 1036 655 hujus,
1049 611 1129 641 nec
1143 611 1444 656 comparemus

52 664 114 710 illi
136 665 423 720 excellentiae,
440 681 520 710 nec
538 674 682 709 tamen
703 680 972 725 respuamus.
990 670 1146 718 Quaero
1165 666 1278 709 enim
1307 681 1443 726 quare

52 735 247 794 linguam
261 751 383 780 suam
397 735 610 780 calamum
626 736 735 780 dixit
755 752 843 780 esse
861 737 1012 781 scribae
1027 736 1232 781 velociter
1251 736 1445 781 scriben-

54 805 134 850 tis?
146 809 204 850 At
219 821 322 851 vero
333 807 613 867 quantumvis
626 806 832 851 velociter
855 807 1019 852 scribat
1039 808 1195 862 scriba,
1211 822 1301 852 non
1319 822 1443 852 com-

54 885 232 937 paratur
252 876 315 921 illi
330 877 565 933 velocitati,
585 877 640 921 de
662 894 747 938 qua
771 878 877 922 dicit
898 877 1005 922 alius
1023 876 1237 923 Psalmus:
1262 880 1444 938 «Usque

57 964 79 989 »
113 947 158 991 in
168 946 442 992 velocitatem
463 948 599 992 currit
614 948 801 993 verbum
823 950 915 1009 ejus
929 949 960 991 ⁴.
983 967 1002 989 »
1022 948 1107 993 Sed
1129 949 1236 992 mihi
1252 948 1443 1003 videtur,

0 1020 3 1024 '
55 1027 269 1080 quantum
296 1018 428 1063 audet
448 1019 639 1064 humana
658 1019 945 1078 intelligentia
963 1054 973 1075 ,
994 1028 1036 1063 et
1058 1020 1141 1065 hoc
1163 1035 1286 1080 posse
1309 1020 1446 1079 accipi

56 1105 107 1133 ex
127 1104 310 1149 persona
323 1089 460 1134 Patris
476 1089 660 1145 dictum,
679 1109 698 1132 «
716 1090 884 1148 Lingua
904 1105 999 1134 mea
1022 1090 1212 1135 calamus
1237 1091 1442 1135 scribae.»

56 1160 164 1213 Quia
184 1160 305 1221 quod
324 1159 473 1219 lingua
495 1159 672 1215 dicitur,
689 1170 813 1204 sonat
826 1169 870 1205 et
891 1161 1065 1212 transit3
1085 1160 1205 1221 quod
1222 1162 1443 1214 scribitur,

56 1240 204 1275 manet
225 1250 234 1275 :
259 1246 360 1275 cum
384 1246 487 1289 ergo
509 1229 625 1275 dicat
653 1234 767 1275 Deus
789 1231 984 1275 Verbum
1003 1266 1013 1286 ,
1037 1241 1080 1276 et
1107 1232 1303 1276 Verbum
1325 1231 1448 1293 quod

58 1300 217 1346 dicitur
237 1317 327 1346 non
349 1310 473 1346 sonet
503 1310 547 1346 et
568 1310 758 1345 transeat
776 1335 786 1356 ,
825 1300 900 1345 sed
922 1310 964 1345 et
987 1302 1158 1346 dicatur
1179 1312 1222 1346 et
1243 1311 1415 1347 maneat
1433 1320 1446 1354 ·‚

57 1373 225 1432 scriptis
251 1373 335 1417 hoc
364 1371 520 1417 maluit
554 1375 668 1417 Deus
695 1388 944 1431 comparare
961 1408 972 1427 ,
998 1389 1131 1433 quam
1153 1373 1282 1418 sonis.
1320 1373 1448 1427 Quod

59 1452 205 1488 autem
227 1442 422 1499 addidit,
451 1462 471 1485 «
489 1442 706 1488 Velociter
728 1443 953 1488 scribentis
971 1479 982 1500 ‚
1010 1463 1030 1486 »
1057 1444 1232 1505 impulit
1254 1455 1448 1489 men-tem

59 1513 115 1558 ad
145 1513 474 1573 intelligentiam
498 1533 507 1559 :
532 1513 607 1559 sed
630 1530 720 1559 non
743 1515 863 1574 pigra
893 1524 1116 1559 remaneat
1132 1550 1142 1570 ,
1177 1515 1450 1576 respiciendo

60 1585 338 1646 antiquarios,
364 1594 440 1630 aut
463 1585 732 1645 respiciendo
755 1584 1013 1645 qualeslibet
1035 1585 1205 1631 veloces
1228 1587 1418 1632 notarios
1437 1607 1447 1632 :

60 1656 94 1701 si
116 1665 262 1700 autem
282 1656 366 1700 hoc
388 1655 643 1710 attenderit,
675 1655 919 1700 remanebit
942 1656 1017 1700 ibi.
1051 1660 1199 1716 Ipsum
1227 1676 1247 1699 «
1274 1657 1449 1703 Veloci-

64 1744 85 1767 »
119 1735 200 1780 ter,
222 1726 419 1785 »cogitet
431 1725 659 1781 velociter,
676 1734 719 1769 et
734 1725 881 1769 videat
902 1742 1036 1786 quare
1053 1726 1222 1772 dictum
1239 1728 1307 1783 sit,
1327 1747 1347 1770 «
1364 1731 1452 1772 Ve-

63 1814 85 1838 »
119 1796 285 1841 lociter.
307 1815 326 1838 »
348 1796 565 1840 Velociter
585 1796 661 1840 Dei
685 1796 769 1840 tale
791 1806 876 1849 est,
896 1806 947 1841 ut
968 1798 1158 1843 velocius
1176 1799 1282 1843 nihil
1306 1800 1373 1843 sit.
1399 1803 1452 1844 In

64 1866 293 1926 Scripturis
310 1865 425 1908 enim
442 1863 646 1908 scribitur
661 1863 803 1907 littera
825 1873 924 1923 post
939 1865 1144 1921 litteram,
1164 1868 1330 1923 syllaba
1352 1879 1453 1927 post

63 1935 299 1995 syllabam,
322 1935 506 1980 verbum
527 1942 625 1994 post
651 1933 858 1991 verbum,
886 1949 966 1979 nec
989 1935 1043 1978 ad
1063 1937 1304 1981 secundum
1320 1947 1452 1983 tran-

63 2006 196 2062 situr,
231 2005 314 2050 nisi
344 2005 486 2065 primo
515 2003 782 2064 praescripto.
820 2003 888 2048 Ibi
912 2013 1058 2049 autem
1091 2006 1202 2050 nihil
1234 2007 1448 2065 velocius,

63 2077 142 2121 ubi
162 2091 253 2121 non
273 2075 412 2120 multa
433 2083 535 2119 sunt
560 2074 714 2130 verba,
736 2089 816 2119 nec
835 2083 978 2119 tamen
995 2074 1162 2136 aliquid
1183 2080 1449 2137 praetermis-

65 2162 161 2192 sum
182 2155 267 2201 est,
288 2161 387 2191 cum
411 2145 457 2189 in
474 2160 564 2189 uno
586 2145 670 2198 sint
691 2145 850 2189 omnia.

123 2220 224 2263 VII.
259 2219 373 2262 Ecce
393 2217 485 2276 jam
508 2216 703 2260 Verbum
723 2214 835 2260 illud
862 2216 921 2261 sic
939 2217 1158 2277 prolatum
1173 2253 1184 2274 ,
1209 2229 1423 2266 aeternum
1438 2257 1452 2279 ,

68 2289 122 2334 ab
143 2297 308 2333 aeterno
320 2296 604 2342 coaeternum,
631 2287 777 2331 veniet
790 2303 986 2347 sponsus.
1016 2308 1036 2331 «
1064 2290 1288 2349 Speciosus
1312 2292 1455 2342 forma

71 2378 93 2402 »
127 2375 218 2420 prae
241 2358 338 2403 filiis
358 2357 588 2402 hominum
603 2359 633 2401 ⁵.
656 2360 754 2401 Prae
775 2357 872 2402 filiis
889 2359 1117 2404 hominum
1136 2380 1144 2406 ι
1167 2379 1339 2423 »quare
1363 2381 1456 2412 non

70 2438 114 2475 et
139 2445 231 2490 prae
255 2427 466 2488 Angelis?
496 2427 604 2488 quid
630 2427 770 2473 voluit
797 2428 965 2483 dicere,
1005 2449 1025 2472 «
1052 2434 1146 2475 Prae
1178 2433 1276 2478 filiis
1307 2435 1454 2482 homi-

117 2532 128 2550 ¹
151 2537 164 2559 1
181 2528 254 2560 cor.
268 2535 302 2567 x,
321 2522 354 2568 4.
374 2540 417 2549 -
431 2531 445 2549 ²
463 2526 555 2558 Joan.
573 2533 597 2568 1,
611 2532 666 2568 29.
682 2541 724 2550 --
740 2523 754 2550 3
772 2528 876 2568 Apoc.
889 2536 925 2568 v,
953 2526 985 2560 5.
1006 2543 1048 2552 ·-
1066 2525 1084 2554 6
1103 2529 1186 2564 Psal.
1205 2533 1455 2576 cxrvu,15‚...

71 2582 152 2618 ⁵1d.
169 2593 256 2625 xxiv,
274 2583 306 2616 3.

206 2647 311 2680 cxv.
1139 2643 1191 2684 19
