1841 3223
232 258 476 288 ENAsnAmo
509 259 524 284 1
555 258 601 284 ΙΝ
633 254 836 285 PsALMUM
866 255 1050 294 xxxvm,
1085 254 1210 282 SERM.
1246 257 1276 282 1.
1380 242 1462 282 155

80 343 103 367 ·»
131 324 381 386 delinquam
414 324 460 367 in
495 321 643 379 lingua
664 336 760 364 mea
786 339 794 365 :
824 338 844 362 »
883 329 928 365 et
961 321 1067 364 dum
1100 319 1234 364 timeo
1264 318 1387 379 loqui
1409 333 1471 366 ne«

78 410 272 455 peccem,
294 413 314 437 «
333 392 556 438 Obsurdui
580 400 624 435 et
645 390 898 435 humiliatus
920 406 1032 445 sum,
1060 399 1103 434 et
1119 389 1216 434 silui
1235 406 1258 433 a
1275 389 1415 434 bonis.
1437 407 1458 431 »

76 468 193 511 'Dum
228 466 355 510 nimis
383 464 515 508 timeo
544 478 600 506 ne
631 461 787 522 loquar
819 460 963 521 aliqua
991 461 1131 514 mala,
1164 460 1280 505 tacui
1317 459 1464 505 omnia

77 538 194 582 bona
214 557 223 582 ι
254 555 274 579 (ε
297 533 544 589 Obsurdui,
570 543 614 577 et
630 531 882 577 humiliatus
901 547 1019 586 sum,
1047 541 1089 575 et
1110 531 1209 575 silui
1236 547 1261 575 a
1282 531 1422 575 bonis.
1438 548 1460 572 ³›

78 606 205 653 Unde
222 607 339 650 enim
362 603 561 649 dicebam
579 604 716 658 bona,
736 602 817 647 nisi
834 603 936 663 quia
959 601 1219 646 audiebam?
1241 621 1261 643 ι(
1280 601 1465 646 Auditui

78 696 100 720 >›
124 677 240 722 enim
261 691 359 720 meo
375 675 499 720 dabis
517 674 826 719 exultationem
850 683 894 717 et
913 673 1147 717 laetitiam1.
1177 689 1197 713 »
1223 674 1280 716 Et
1302 671 1465 716 amicus

75 749 220 808 sponsi
259 757 342 792 stat
363 783 374 803 ‚
413 756 457 791 et
496 745 618 791 audit
651 761 778 800 eum,
817 754 860 789 et
898 743 1055 803 gaudio
1091 743 1252 803 gaudet
1288 752 1466 802 propter

75 835 227 864 vocem
242 855 252 873 ‚
277 834 367 863 non
388 833 532 873 suam,
553 816 628 862 sed
650 817 835 877 sponsi2.
861 817 919 860 Ut
939 830 1039 860 vera
1060 814 1196 870 dicat,
1223 813 1345 859 audit
1367 828 1466 874 quae

75 892 206 936 dicat.
234 894 340 935 Nam
364 890 440 951 qui
464 889 662 950 loquitur
688 887 965 933 mendacium
981 922 992 943 ‚
1027 886 1083 931 de
1110 903 1188 931 suo
1220 885 1461 947 loquiturss.

75 960 295 1015 Quiddam
307 977 410 1020 ergo
431 961 554 1005 triste
573 970 616 1005 et
628 960 860 1005 molestum
877 975 1024 1020 passus
1037 968 1100 1004 est
1112 959 1190 1003 iste
1206 979 1216 1016 3
1235 967 1278 1002 et
1290 958 1370 1002 hac
1388 972 1466 1002 sua

73 1031 343 1077 confessione
367 1031 413 1076 id
429 1031 550 1092 quod
565 1047 711 1091 passus
733 1039 796 1075 est
812 1067 822 1086 ‚
849 1030 1091 1075 cavendum
1110 1029 1317 1074 admonet
1332 1064 1342 1084 ‚
1373 1043 1465 1072 non

75 1101 353 1147 imitandum.
380 1101 590 1146 Timendo
605 1102 720 1146 enim
737 1101 883 1156 nimis,
906 1111 957 1145 ut
977 1100 1085 1156 dixi,
1123 1115 1179 1144 ne
1200 1099 1364 1144 diceret
1384 1097 1464 1144 ali-

72 1189 161 1234 qua
193 1188 283 1218 non
317 1173 461 1229 bona,
506 1173 656 1217 statuit
696 1172 778 1217 sibi
807 1171 928 1216 nulla
969 1172 1111 1217 dicere
1146 1171 1216 1216 vel
1239 1170 1355 1214 bona
1387 1190 1396 1215 :
1422 1179 1466 1216 et

72 1245 282 1305 quoniam
309 1245 461 1289 statuit
487 1254 654 1300 tacere,
685 1244 820 1304 coepit
846 1259 936 1288 non
969 1243 1133 1287 audire.
1168 1245 1261 1287 Stas
1288 1241 1405 1285 enim
1430 1241 1465 1285 si

71 1315 315 1360 transiliens
330 1330 390 1370 es,
409 1324 607 1374 expectas
621 1331 642 1359 a
657 1321 741 1359 Deo
758 1314 907 1359 audire
920 1314 1027 1375 quid
1045 1314 1160 1358 dicas
1181 1311 1434 1359 hominibus
1451 1330 1461 1356 :

71 1386 185 1430 inter
207 1385 385 1430 divitem
409 1390 571 1442 Deum,
608 1396 651 1431 et
672 1387 845 1447 inopem
870 1395 1138 1447 quaerentem
1156 1385 1261 1446 quid
1285 1383 1433 1430 audiat
1448 1420 1459 1441 ,

70 1457 320 1502 intercurris
352 1457 614 1513 transiliens,
640 1458 717 1518 qui
748 1458 879 1518 possis
904 1467 947 1502 et
978 1458 1080 1502 hinc
1113 1456 1263 1501 audire
1280 1493 1291 1512 ,
1317 1466 1360 1501 et
1380 1458 1461 1501 hac

70 1527 216 1573 dicere
235 1547 244 1572 ε
270 1527 303 1572 si
324 1527 445 1588 eligis
464 1529 545 1573 hac
567 1534 657 1573 no'n
679 1528 844 1584 dicere,
869 1545 959 1573 non
988 1528 1221 1572 mereberis
1244 1527 1347 1571 hinc
1380 1543 1460 1571 au-

69 1597 162 1643 dire
188 1599 456 1643 :contemnis
472 1614 704 1660 pauperem
719 1635 729 1654 ‚
755 1600 1043 1644 contemneris
1066 1616 1089 1643 a
1111 1598 1259 1643 divite.
1286 1597 1460 1643 Oblitus

69 1685 113 1713 es
136 1684 307 1714 servum
329 1679 373 1713 te
395 1685 506 1726 esse,
530 1685 662 1730 quem
694 1671 918 1715 constituit
945 1670 1155 1714 Dominus
1177 1684 1305 1729 super
1330 1667 1459 1713 fami-

67 1737 172 1785 liam
203 1755 326 1785 suam
363 1741 467 1784 dare
509 1742 723 1785 conservis
759 1741 973 1785 cibaria-1?
1006 1741 1122 1795 Quid
1163 1756 1266 1799 ergo
1302 1741 1458 1800 quaeris

69 1811 289 1870 accipere,
328 1810 450 1871 quod
477 1811 597 1871 piger
623 1826 666 1855 es
698 1813 907 1869 erogare?
930 1811 1086 1856 Merito
1115 1826 1218 1870 ergo
1249 1812 1459 1872 quoniam

67 1881 189 1942 quod
226 1896 451 1940 acceperas
488 1880 631 1926 dicere
670 1881 880 1937 noluisti,
922 1881 1143 1941 impediris
1183 1897 1239 1925 ne
1276 1882 1457 1941 accipias

68 1950 189 2012 quod
217 1951 411 2011 accipere
438 1952 656 2011 cupiebas.
697 1951 874 2012 Aliquid
905 1952 1019 1996 enim
1051 1951 1250 2007 volebas,
1290 1951 1457 2012 aliquid

54 2021 260 2074 ‘habebas
295 2040 305 2065 :
346 2020 398 2066 da
430 2021 552 2082 quod
582 2021 717 2081 hahes
737 2059 747 2077 ,
784 2032 834 2067 ut
868 2023 1071 2067 merearis
1108 2023 1303 2083 accipere
1335 2021 1457 2083 quod

67 2106 159 2136 non
184 2091 333 2135 habes.
374 2095 490 2150 Ergo
527 2108 627 2137 cum
657 2094 780 2154 quasi
811 2094 1047 2154 posuissem
1073 2094 1137 2138 ori
1174 2108 1271 2137 meo
1305 2103 1455 2139 custo-

68 2161 184 2206 diam
199 2195 210 2217 ,
238 2161 431 2222 mihique
452 2162 699 2207 indixissem
723 2164 965 2220 silentium,
992 2165 1095 2225 quia
1126 2162 1328 2209 videbam
1352 2164 1454 2207 uhi-

67 2247 155 2293 que
183 2232 476 2292 periculosum
510 2233 757 2294 eloquium,
793 2234 958 2280 factum
990 2245 1074 2290 est,
1111 2235 1276 2295 inquit,
1312 2235 1358 2278 in
1385 2249 1455 2278 me

68 2303 190 2363 quOd
217 2303 449 2362 nolebam3
489 2323 508 2346 «
531 2305 754 2349 Obsurdui
772 2341 782 2360 ,
825 2315 868 2350 et
896 2305 1149 2349 humiliatus
1177 2320 1273 2349 sum
1295 2325 1304 2350 z
1324 2323 1344 2347 »
1364 2320 1455 2350 non

67 2389 138 2418 me
159 2374 409 2420 humiliavi:
434 2375 530 2432 sed,
558 2395 578 2419 «
607 2376 870 2422 Humiliatus
891 2392 1002 2421 sum.
1028 2377 1251 2421 Obsurdui
1268 2413 1279 2433 ,
1304 2386 1347 2421 et
1369 2378 1453 2421 hu-

71 2461 92 2485 »
126 2444 314 2489 miliatus
337 2461 454 2502 sum,
472 2455 514 2490 et
532 2446 629 2490 silui
651 2464 674 2491 a
696 2447 835 2492 bonis.
861 2466 880 2488 n
900 2449 1025 2507 Coepi
1042 2462 1131 2491 non
1152 2447 1295 2492 dicere
1317 2448 1448 2504 bona,

68 2532 169 2561 cum
200 2516 333 2562 timeo
362 2534 417 2562 ne
450 2517 593 2563 dicam
625 2518 769 2580 aliqua
801 2519 915 2563 mala
940 2538 948 2564 :
986 2528 1028 2563 et
1055 2519 1315 2580 reprehendi
1343 2535 1451 2564 con-

117 2609 126 2625 ¹
143 2603 224 2635 Psal.
240 2614 270 2645 L,
292 2614 344 2637 10.
360 2620 402 2627 --
422 2610 435 2628 ²
453 2606 544 2637 Joan.
563 2616 614 2647 ιιι,
632 2613 687 2647 29.
704 2621 746 2628 —
766 2603 780 2629 3
794 2607 886 2640 Joan.
907 2616 973 2648 viu,
991 2604 1047 2648 44.
1061 2604 1129 2636 -4
1146 2606 1260 2640 Matth.
1287 2604 1441 2647 xx1v‚45.
