1841 3223
379 258 621 290 ENAnnATm
655 262 699 288 IN
733 257 936 288 PsALMUM
967 260 1102 287 XLvn.
1344 247 1423 285 361

50 344 72 368 »
107 341 161 370 ex
181 328 314 372 Deo².
337 346 358 369 »
397 326 508 371 Talis
543 325 721 370 Judaeus
755 335 845 369 esto
871 345 879 370 :
911 324 1090 383 gloriare
1121 324 1176 368 de
1200 323 1429 368 circumci-
1455 356 1457 358 -

48 397 168 441 sione
215 397 381 452 cordis,
436 397 514 441 etsi
555 411 646 440 non
682 396 815 439 hahes
857 395 1228 440 circumcisionem
1272 394 1426 439 carnis.

51 485 72 510 «
106 467 317 511 Exultent
347 465 446 511 filiae
478 467 630 520 Judae‚
665 474 842 525 propter
868 465 1030 525 judicia
1053 475 1150 519 tua,
1172 465 1371 509 Domine.
1402 483 1423 506 υ

106 540 209 581 XII.
249 556 269 580 «
289 537 565 582 Circumdate
590 537 692 581 Sion
708 571 718 590 ,
740 545 782 580 θῖ
795 535 1135 594 complectimini
1154 537 1289 578 eam2.
1313 554 1333 576 »
1362 535 1431 579 Di-

47 617 171 653 catur
191 609 250 653 eis
271 609 347 669 qui
368 608 479 653 male
503 609 681 662 vivunt,
717 608 763 650 in
783 622 971 666 quorum
994 605 1138 650 medio
1157 615 1220 649 est
1240 605 1429 665 populus

47 678 120 722 ille
141 680 216 739 qui
238 680 424 739 suscepit
445 677 780 722 misericordiam
801 677 877 721 Dei
897 697 905 721 :
928 680 979 721 In
1002 676 1146 721 medio
1162 686 1351 720 vestrum
1367 687 1431 721 est

47 748 236 808 populus
248 748 360 793 bene
374 749 523 793 vivens
544 769 552 793 :
578 746 886 794 «Circumdate
902 747 1017 791 Sion.
1041 765 1060 787 »
1081 745 1165 791 Sed
1177 746 1431 806 quomodo?

52 836 73 860 «
93 818 443 878 Complectimini
464 834 558 863 eam
573 855 583 874 ‚
603 837 623 860 »
646 818 788 865 Nolite
809 817 1018 862 scandalis
1039 816 1306 861 circumdare
1322 852 1333 871 ,
1355 816 1431 861 sed

48 888 257 933 charitate
287 889 575 946 circumdate3
600 897 649 933 ut
670 889 746 949 qui
778 888 890 932 bene
916 888 1072 931 vivunt
1092 888 1138 931 in
1160 886 1304 931 medio
1332 902 1430 931 ves-

47 968 189 1014 trum,
216 974 287 1004 eos
309 959 557 1015 imitemini,
583 969 626 1004 et
648 975 799 1004 eorum
827 958 1068 1003 imitatione
1090 957 1262 1010 Christo
1277 993 1288 1012 ‚
1309 959 1430 1018 cujus

46 1028 243 1073 membra
260 1039 382 1085 sunt,
407 1029 758 1089 incorporemini.
784 1027 1090 1075 «Circumdate
1106 1029 1229 1083 Sion,
1249 1038 1291 1072 et
1310 1043 1430 1072 com-

51 1117 71 1140 »
104 1098 343 1158 plectimini
379 1115 489 1144 eam.
516 1103 695 1145 Narrate
728 1100 772 1143 in
794 1099 986 1143 turribus
1008 1100 1113 1159 ejus.
1145 1117 1164 1140 »
1202 1102 1254 1143 In
1276 1097 1428 1143 altitu-

47 1168 150 1213 dine
171 1170 468 1215 munitionum
490 1172 580 1230 ejus
598 1169 828 1230 praedicate
852 1170 1003 1214 laudes
1025 1171 1129 1230 ejus.

105 1242 232 1284 XIII.
272 1259 292 1282 α
313 1241 467 1284 Ponite
488 1240 618 1285 corda
640 1250 781 1284 vestra
805 1240 850 1283 in
873 1240 1032 1284 virtute
1051 1241 1140 1300 ejus
1156 1241 1187 1283 3.
1218 1258 1237 1280 »
1262 1241 1360 1285 Non
1381 1248 1431 1284 ut

47 1309 242 1354 habeatis
268 1309 451 1354 formam
471 1311 666 1370 pietatis,
692 1311 897 1354 virtutem
928 1311 1020 1370 ejus
1053 1310 1322 1368 abnegetis⁴3
1355 1309 1433 1354 sed

52 1398 73 1422 «
107 1382 159 1423 In
190 1379 351 1424 virtute
389 1382 481 1441 ejus
505 1382 652 1441 ponite
681 1380 811 1425 corda
834 1390 990 1425 vestra.
1023 1401 1039 1421 »
1071 1385 1174 1433 Quae
1204 1389 1267 1425 est
1293 1381 1430 1425 virtus

47 1450 229 1495 civitatis
249 1452 406 1511 hujus?
426 1453 510 1506 Qui
532 1452 628 1497 vult
644 1452 882 1509 intelligere
902 1452 1109 1495 virtutem
1130 1452 1260 1512 hujus
1279 1452 1430 1496 civita-

47 1520 101 1565 tis
116 1555 127 1576 ,
161 1521 375 1581 intelligat
396 1522 485 1567 vim
506 1523 741 1567 charitatis.
769 1525 866 1581 Ipsa
890 1531 953 1566 est
974 1522 1110 1567 virtus
1141 1538 1273 1582 quam
1301 1538 1431 1567 nemo

48 1591 195 1636 vincit.
222 1594 363 1653 Hujus
391 1593 537 1652 ignem
568 1593 680 1637 nulli
708 1594 867 1637 fluetus
893 1592 1062 1647 saeculi,
1097 1592 1218 1637 nulla
1249 1593 1430 1638 flumina

48 1661 297 1706 tentationis
325 1663 600 1722 extinguunt.
631 1667 692 1708 De
714 1664 796 1707 hac
825 1663 990 1707 dictum
1013 1672 1077 1707 est
1105 1683 1114 1708 z
1157 1662 1346 1707 «valida
1369 1673 1432 1708 est

49 1748 71 1772 »
105 1731 217 1776 sicut
249 1747 365 1777 mors
396 1732 612 1777 dileetio-³.
640 1751 660 1774 n
702 1732 934 1786 Quomodo
967 1733 1083 1776 enim
1110 1749 1224 1778 mors
1255 1734 1432 1794 quando

46 1801 191 1856 venit,
217 1803 353 1847 resisti
376 1803 414 1846 ei
435 1819 524 1847 non
546 1812 713 1862 potest,
740 1803 1012 1863 quibuslibet
1034 1804 1198 1847 artibus
1214 1839 1225 1858 ,
1246 1804 1430 1864 quibus-

46 1869 154 1915 libet
168 1870 493 1917 medicamentis
511 1889 726 1927 oecurras,
746 1873 997 1917 violentiam
1014 1875 1164 1918 mortis
1184 1875 1321 1918 vitare
1342 1891 1431 1920 non

47 1949 211 1999 potest,
235 1941 312 2002 qui
334 1942 524 1987 mortalis
545 1952 672 1987 natus
689 1952 779 2001 est·⁷
802 1943 861 1987 sic
881 1953 1031 1987 contra
1051 1943 1301 1988 violentiam
1325 1946 1431 1989 eha-

47 2010 184 2055 ritatis
197 2011 387 2056 mundus
407 2011 467 2056 nil
485 2021 641 2072 potest.
661 2016 696 2057 A
710 2014 926 2058 contrario
940 2013 1056 2057 enim
1074 2013 1313 2059 similitudo
1330 2014 1431 2060 data

47 2088 112 2123 est
134 2079 188 2123 de
210 2089 373 2138 morte3
398 2081 622 2142 quomodo
648 2083 764 2127 enim
790 2099 906 2128 mors
929 2083 983 2128 ad
1017 2082 1305 2128 auferendum
1336 2086 1432 2130 vio-

47 2148 282 2195 lentissima
301 2160 379 2206 est,
399 2152 457 2196 sic
479 2152 662 2196 charitas
678 2152 984 2197 violentissima
1001 2163 1064 2197 est
1081 2154 1137 2197 ad
1155 2154 1426 2199 salvandum.

50 2221 131 2262 Per
151 2220 405 2265 charitatem
427 2222 541 2266 enim
563 2221 691 2266 multi
715 2223 876 2267 mortui
898 2232 1000 2267 sunt
1027 2220 1208 2278 saeculo,
1232 2234 1283 2269 ut
1310 2225 1432 2269 vive-

48 2299 147 2334 rent
164 2294 270 2335 Deo.
303 2294 393 2337 Hac
416 2293 625 2338 charitate
648 2295 815 2338 accensi
836 2297 1072 2352 Martyres,
1098 2310 1188 2339 non
1211 2295 1429 2352 simulati,

49 2375 140 2404 non
159 2376 270 2405 vana
285 2361 420 2420 gloria
440 2363 650 2419 ventilati,
673 2379 763 2408 non
780 2365 886 2409 tales
903 2365 957 2408 cle
975 2365 1132 2424 quibus
1151 2365 1332 2413 dictume
1339 2376 1404 2420 est
1420 2386 1428 2413 z

55 2448 75 2471 «
111 2430 154 2474 Si
187 2430 404 2476 tradidero
437 2447 593 2492 corpus
620 2449 766 2478 meum
789 2443 839 2478 ut
860 2433 1054 2489 ardeam,
1078 2435 1332 2480 charitatem
1345 2423 1433 2481 ‘au-

98 2531 109 2548 ¹
124 2528 214 2558 Rom.
235 2538 270 2568 ιι,
288 2527 344 2567 28,
362 2536 416 2570 29.
437 2535 501 2552 —-²
514 2529 593 2562 Psal.
611 2540 710 2570 nvn,
732 2529 781 2560 13.
803 2547 844 2552 —
861 2528 873 2552 3
892 2530 961 2562 1bi‹l
997 2529 1047 2572 14.
1064 2530 1127 2561 —li
1141 2540 1160 2564 2
1178 2532 1257 2564 Tim.
1277 2544 1326 2574 in,
1343 2532 1373 2564 5.
1390 2549 1432 2556 —·

53 2579 68 2604 5
91 2582 183 2614 Cant.
203 2593 268 2625 vin,
287 2585 318 2615 6.
333 2600 373 2606 —
