<?xml version="1.0" encoding="UTF-8"?>
<!DOCTYPE html PUBLIC "-//W3C//DTD XHTML 1.0 Transitional//EN"
    "http://www.w3.org/TR/xhtml1/DTD/xhtml1-transitional.dtd">
<html xmlns="http://www.w3.org/1999/xhtml" xml:lang="en" lang="en">
 <head>
  <title>
</title>
<meta http-equiv="Content-Type" content="text/html;charset=utf-8" />
  <meta name='ocr-system' content='tesseract 3.04.00' />
  <meta name='ocr-capabilities' content='ocr_page ocr_carea ocr_par ocr_line ocrx_word'/>
</head>
<body>
  <div class='ocr_page' id='page_1' title='image "./operaomniaaccura08auguuoft_0016.png"; bbox 0 0 1841 3223; ppageno 0'>
   <div class='ocr_carea' id='block_1_1' title="bbox 330 187 1270 226">
    <p class='ocr_par' dir='ltr' id='par_1_1' title="bbox 330 187 1270 226">
     <span class='ocr_line' id='line_1_1' title="bbox 330 187 1270 226; baseline -0.003 -1"><span class='ocrx_word' id='word_1_1' title='bbox 330 187 357 225; x_wconf 88' lang='lat'><strong>6</strong></span> <span class='ocrx_word' id='word_1_2' title='bbox 756 196 790 225; x_wconf 88' lang='lat' dir='ltr'>s.</span> <span class='ocrx_word' id='word_1_3' title='bbox 826 197 1056 226; x_wconf 75' lang='lat' dir='ltr'>AUGUST1N1</span> <span class='ocrx_word' id='word_1_4' title='bbox 1088 196 1270 223; x_wconf 73' lang='lat' dir='ltr'>131&gt;1scor1</span> 
     </span>
    </p>
   </div>
   <div class='ocr_carea' id='block_1_2' title="bbox 330 258 1778 2522">
    <p class='ocr_par' dir='ltr' id='par_1_2' title="bbox 330 258 1726 1084">
     <span class='ocr_line' id='line_1_2' title="bbox 330 258 1716 322; baseline -0.005 -15"><span class='ocrx_word' id='word_1_5' title='bbox 330 263 394 307; x_wconf 91' lang='lat' dir='ltr'>vis</span> <span class='ocrx_word' id='word_1_6' title='bbox 411 261 639 322; x_wconf 87' lang='lat' dir='ltr'>splendida</span> <span class='ocrx_word' id='word_1_7' title='bbox 655 296 666 317; x_wconf 91' lang='lat'>,</span> <span class='ocrx_word' id='word_1_8' title='bbox 693 261 888 321; x_wconf 81' lang='lat' dir='ltr'>quamvis</span> <span class='ocrx_word' id='word_1_9' title='bbox 911 260 1122 320; x_wconf 89' lang='lat' dir='ltr'>producta</span> <span class='ocrx_word' id='word_1_10' title='bbox 1138 296 1148 315; x_wconf 86' lang='lat'>,</span> <span class='ocrx_word' id='word_1_11' title='bbox 1173 258 1371 321; x_wconf 86' lang='lat' dir='ltr'>quamvis</span> <span class='ocrx_word' id='word_1_12' title='bbox 1393 266 1535 313; x_wconf 83' lang='lat' dir='ltr'>acuta,</span> <span class='ocrx_word' id='word_1_13' title='bbox 1560 271 1716 317; x_wconf 87' lang='lat' dir='ltr'>quam-</span> 
     </span>
     <span class='ocr_line' id='line_1_3' title="bbox 330 328 1718 394; baseline -0.005 -16"><span class='ocrx_word' id='word_1_14' title='bbox 330 334 392 379; x_wconf 85' lang='lat' dir='ltr'>vis</span> <span class='ocrx_word' id='word_1_15' title='bbox 410 343 558 386; x_wconf 87' lang='lat' dir='ltr'>uncta,</span> <span class='ocrx_word' id='word_1_16' title='bbox 575 333 771 394; x_wconf 86' lang='lat' dir='ltr'>quamvis</span> <span class='ocrx_word' id='word_1_17' title='bbox 788 332 886 377; x_wconf 90' lang='lat' dir='ltr'>luce</span> <span class='ocrx_word' id='word_1_18' title='bbox 903 332 1124 393; x_wconf 75' lang='lat' dir='ltr'>sapientiae</span> <span class='ocrx_word' id='word_1_19' title='bbox 1142 341 1186 376; x_wconf 90' lang='lat' dir='ltr'>et</span> <span class='ocrx_word' id='word_1_20' title='bbox 1207 329 1508 376; x_wconf 80' lang='lat' dir='ltr'>coruscatione</span> <span class='ocrx_word' id='word_1_21' title='bbox 1523 328 1718 372; x_wconf 78' lang='lat' dir='ltr'>vibrata?</span> 
     </span>
     <span class='ocr_line' id='line_1_4' title="bbox 333 399 1719 463; baseline -0.004 -15"><span class='ocrx_word' id='word_1_22' title='bbox 333 404 451 458; x_wconf 88' lang='lat' dir='ltr'><strong>Quid</strong></span> <span class='ocrx_word' id='word_1_23' title='bbox 473 413 535 448; x_wconf 86' lang='lat' dir='ltr'>est</span> <span class='ocrx_word' id='word_1_24' title='bbox 558 404 646 463; x_wconf 86' lang='lat' dir='ltr'>ipsa</span> <span class='ocrx_word' id='word_1_25' title='bbox 669 404 810 448; x_wconf 87' lang='lat' dir='ltr'>anima</span> <span class='ocrx_word' id='word_1_26' title='bbox 843 413 987 448; x_wconf 86' lang='lat' dir='ltr'>nostra</span> <span class='ocrx_word' id='word_1_27' title='bbox 1006 438 1016 457; x_wconf 91' lang='lat'>‚</span> <span class='ocrx_word' id='word_1_28' title='bbox 1043 412 1118 447; x_wconf 88' lang='lat' dir='ltr'>aut</span> <span class='ocrx_word' id='word_1_29' title='bbox 1154 402 1261 462; x_wconf 88' lang='lat' dir='ltr'>quid</span> <span class='ocrx_word' id='word_1_30' title='bbox 1295 408 1458 461; x_wconf 88' lang='lat' dir='ltr'>potest,</span> <span class='ocrx_word' id='word_1_31' title='bbox 1500 399 1580 443; x_wconf 90' lang='lat' dir='ltr'>nisi</span> <span class='ocrx_word' id='word_1_32' title='bbox 1605 401 1719 443; x_wconf 91' lang='lat' dir='ltr'>Deus</span> 
     </span>
     <span class='ocr_line' id='line_1_5' title="bbox 331 467 1721 534; baseline -0.005 -15"><span class='ocrx_word' id='word_1_33' title='bbox 331 474 449 520; x_wconf 86' lang='lat' dir='ltr'>illam</span> <span class='ocrx_word' id='word_1_34' title='bbox 475 483 618 519; x_wconf 88' lang='lat' dir='ltr'>teneat</span> <span class='ocrx_word' id='word_1_35' title='bbox 634 482 677 518; x_wconf 90' lang='lat' dir='ltr'>et</span> <span class='ocrx_word' id='word_1_36' title='bbox 694 483 862 534; x_wconf 83' lang='lat' dir='ltr'><strong>pugnet</strong></span> <span class='ocrx_word' id='word_1_37' title='bbox 884 472 938 518; x_wconf 93' lang='lat' dir='ltr'>de</span> <span class='ocrx_word' id='word_1_38' title='bbox 959 473 1178 518; x_wconf 78' lang='lat' dir='ltr'>illaPNam</span> <span class='ocrx_word' id='word_1_39' title='bbox 1197 471 1404 533; x_wconf 81' lang='lat' dir='ltr'>quaelibet</span> <span class='ocrx_word' id='word_1_40' title='bbox 1426 469 1589 530; x_wconf 90' lang='lat' dir='ltr'>optime</span> <span class='ocrx_word' id='word_1_41' title='bbox 1605 467 1721 513; x_wconf 85' lang='lat' dir='ltr'>facta</span> 
     </span>
     <span class='ocr_line' id='line_1_6' title="bbox 332 541 1723 603; baseline -0.006 -12"><span class='ocrx_word' id='word_1_42' title='bbox 332 545 496 591; x_wconf 86' lang='lat' dir='ltr'>framea</span> <span class='ocrx_word' id='word_1_43' title='bbox 512 580 524 599; x_wconf 95' lang='lat'>,</span> <span class='ocrx_word' id='word_1_44' title='bbox 550 545 584 589; x_wconf 89' lang='lat' dir='ltr'>si</span> <span class='ocrx_word' id='word_1_45' title='bbox 606 560 695 590; x_wconf 92' lang='lat' dir='ltr'>non</span> <span class='ocrx_word' id='word_1_46' title='bbox 726 544 884 589; x_wconf 88' lang='lat' dir='ltr'>habeat</span> <span class='ocrx_word' id='word_1_47' title='bbox 905 543 1158 588; x_wconf 79' lang='lat' dir='ltr'>bellatorem</span> <span class='ocrx_word' id='word_1_48' title='bbox 1177 578 1187 597; x_wconf 93' lang='lat'>‚</span> <span class='ocrx_word' id='word_1_49' title='bbox 1207 544 1337 603; x_wconf 84' lang='lat' dir='ltr'>jacet.</span> <span class='ocrx_word' id='word_1_50' title='bbox 1364 541 1613 586; x_wconf 87' lang='lat' dir='ltr'>Dixeramus</span> <span class='ocrx_word' id='word_1_51' title='bbox 1642 554 1723 583; x_wconf 80' lang='lat' dir='ltr'>au-</span> 
     </span>
     <span class='ocr_line' id='line_1_7' title="bbox 332 609 1722 675; baseline -0.004 -14"><span class='ocrx_word' id='word_1_52' title='bbox 332 626 422 661; x_wconf 90' lang='lat' dir='ltr'>tem</span> <span class='ocrx_word' id='word_1_53' title='bbox 445 617 489 660; x_wconf 91' lang='lat' dir='ltr'>in</span> <span class='ocrx_word' id='word_1_54' title='bbox 513 617 639 660; x_wconf 87' lang='lat' dir='ltr'>armis</span> <span class='ocrx_word' id='word_1_55' title='bbox 662 616 817 661; x_wconf 89' lang='lat' dir='ltr'>nostris</span> <span class='ocrx_word' id='word_1_56' title='bbox 834 651 844 671; x_wconf 93' lang='lat'>,</span> <span class='ocrx_word' id='word_1_57' title='bbox 870 631 960 660; x_wconf 88' lang='lat' dir='ltr'>non</span> <span class='ocrx_word' id='word_1_58' title='bbox 992 615 1112 675; x_wconf 85' lang='lat' dir='ltr'>quasi</span> <span class='ocrx_word' id='word_1_59' title='bbox 1136 613 1303 674; x_wconf 83' lang='lat' dir='ltr'>aliquid</span> <span class='ocrx_word' id='word_1_60' title='bbox 1325 613 1459 656; x_wconf 88' lang='lat' dir='ltr'>fixum</span> <span class='ocrx_word' id='word_1_61' title='bbox 1482 611 1618 671; x_wconf 85' lang='lat' dir='ltr'>accipi</span> <span class='ocrx_word' id='word_1_62' title='bbox 1641 609 1722 655; x_wconf 88' lang='lat' dir='ltr'>de-</span> 
     </span>
     <span class='ocr_line' id='line_1_8' title="bbox 332 681 1723 747; baseline -0.004 -15"><span class='ocrx_word' id='word_1_63' title='bbox 332 688 458 743; x_wconf 87' lang='lat' dir='ltr'>bere,</span> <span class='ocrx_word' id='word_1_64' title='bbox 486 696 535 731; x_wconf 91' lang='lat' dir='ltr'>ut</span> <span class='ocrx_word' id='word_1_65' title='bbox 552 686 672 747; x_wconf 85' lang='lat' dir='ltr'>quod</span> <span class='ocrx_word' id='word_1_66' title='bbox 694 696 758 731; x_wconf 88' lang='lat' dir='ltr'>est</span> <span class='ocrx_word' id='word_1_67' title='bbox 785 702 851 731; x_wconf 89' lang='lat' dir='ltr'>res</span> <span class='ocrx_word' id='word_1_68' title='bbox 867 702 978 741; x_wconf 90' lang='lat' dir='ltr'>una,</span> <span class='ocrx_word' id='word_1_69' title='bbox 999 687 1089 746; x_wconf 86' lang='lat' dir='ltr'>ipsa</span> <span class='ocrx_word' id='word_1_70' title='bbox 1113 684 1233 730; x_wconf 85' lang='lat' dir='ltr'>aliud</span> <span class='ocrx_word' id='word_1_71' title='bbox 1255 699 1343 728; x_wconf 87' lang='lat' dir='ltr'>esse</span> <span class='ocrx_word' id='word_1_72' title='bbox 1365 699 1454 728; x_wconf 91' lang='lat' dir='ltr'>non</span> <span class='ocrx_word' id='word_1_73' title='bbox 1477 683 1610 744; x_wconf 84' lang='lat' dir='ltr'>possit</span> <span class='ocrx_word' id='word_1_74' title='bbox 1630 702 1638 728; x_wconf 91' lang='lat'>:</span> <span class='ocrx_word' id='word_1_75' title='bbox 1664 681 1723 727; x_wconf 89' lang='lat' dir='ltr'>sic</span> 
     </span>
     <span class='ocr_line' id='line_1_9' title="bbox 332 752 1726 804; baseline -0.005 0"><span class='ocrx_word' id='word_1_76' title='bbox 332 769 378 804; x_wconf 86' lang='lat' dir='ltr'>et</span> <span class='ocrx_word' id='word_1_77' title='bbox 409 759 453 801; x_wconf 91' lang='lat' dir='ltr'>in</span> <span class='ocrx_word' id='word_1_78' title='bbox 480 758 608 802; x_wconf 86' lang='lat' dir='ltr'>armis</span> <span class='ocrx_word' id='word_1_79' title='bbox 636 757 713 802; x_wconf 90' lang='lat' dir='ltr'>Dei</span> <span class='ocrx_word' id='word_1_80' title='bbox 736 757 996 801; x_wconf 81' lang='lat' dir='ltr'>invenimus.</span> <span class='ocrx_word' id='word_1_81' title='bbox 1024 759 1135 801; x_wconf 90' lang='lat' dir='ltr'>Ecce</span> <span class='ocrx_word' id='word_1_82' title='bbox 1162 755 1352 799; x_wconf 88' lang='lat' dir='ltr'>animam</span> <span class='ocrx_word' id='word_1_83' title='bbox 1373 754 1484 799; x_wconf 89' lang='lat' dir='ltr'>Justi</span> <span class='ocrx_word' id='word_1_84' title='bbox 1508 752 1616 797; x_wconf 81' lang='lat' dir='ltr'><strong>dixit</strong></span> <span class='ocrx_word' id='word_1_85' title='bbox 1636 752 1726 798; x_wconf 86' lang='lat' dir='ltr'>fra-</span> 
     </span>
     <span class='ocr_line' id='line_1_10' title="bbox 335 823 1722 887; baseline -0.004 -14"><span class='ocrx_word' id='word_1_86' title='bbox 335 844 476 873; x_wconf 88' lang='lat' dir='ltr'>meam</span> <span class='ocrx_word' id='word_1_87' title='bbox 504 828 610 873; x_wconf 84' lang='lat' dir='ltr'>Dei:</span> <span class='ocrx_word' id='word_1_88' title='bbox 642 827 799 871; x_wconf 91' lang='lat' dir='ltr'>iterum</span> <span class='ocrx_word' id='word_1_89' title='bbox 828 826 933 872; x_wconf 90' lang='lat' dir='ltr'>dicit</span> <span class='ocrx_word' id='word_1_90' title='bbox 967 827 1155 871; x_wconf 85' lang='lat' dir='ltr'>animam</span> <span class='ocrx_word' id='word_1_91' title='bbox 1181 826 1289 887; x_wconf 89' lang='lat' dir='ltr'>justi</span> <span class='ocrx_word' id='word_1_92' title='bbox 1317 840 1407 870; x_wconf 87' lang='lat' dir='ltr'>esse</span> <span class='ocrx_word' id='word_1_93' title='bbox 1435 823 1580 869; x_wconf 87' lang='lat' dir='ltr'>sedem</span> <span class='ocrx_word' id='word_1_94' title='bbox 1616 824 1722 882; x_wconf 71' lang='lat' dir='ltr'>Dei,</span> 
     </span>
     <span class='ocr_line' id='line_1_11' title="bbox 335 893 1726 958; baseline -0.004 -14"><span class='ocrx_word' id='word_1_95' title='bbox 335 901 478 944; x_wconf 87' lang='lat' dir='ltr'>anima</span> <span class='ocrx_word' id='word_1_96' title='bbox 503 898 609 958; x_wconf 85' lang='lat' dir='ltr'>justi</span> <span class='ocrx_word' id='word_1_97' title='bbox 632 896 753 943; x_wconf 89' lang='lat' dir='ltr'>sedes</span> <span class='ocrx_word' id='word_1_98' title='bbox 780 896 1047 957; x_wconf 77' lang='lat' dir='ltr'>sapientiae1.</span> <span class='ocrx_word' id='word_1_99' title='bbox 1075 898 1192 955; x_wconf 86' lang='lat' dir='ltr'>Ergo</span> <span class='ocrx_word' id='word_1_100' title='bbox 1228 894 1447 957; x_wconf 87' lang='lat' dir='ltr'>quidquid</span> <span class='ocrx_word' id='word_1_101' title='bbox 1481 894 1598 950; x_wconf 89' lang='lat' dir='ltr'>vult,</span> <span class='ocrx_word' id='word_1_102' title='bbox 1622 893 1726 939; x_wconf 83' lang='lat' dir='ltr'>facit</span> 
     </span>
     <span class='ocr_line' id='line_1_12' title="bbox 335 968 1726 1029; baseline -0.002 -15"><span class='ocrx_word' id='word_1_103' title='bbox 335 969 392 1014; x_wconf 89' lang='lat' dir='ltr'>de</span> <span class='ocrx_word' id='word_1_104' title='bbox 413 969 556 1013; x_wconf 87' lang='lat' dir='ltr'>anima</span> <span class='ocrx_word' id='word_1_105' title='bbox 573 978 734 1013; x_wconf 86' lang='lat' dir='ltr'>nostra.</span> <span class='ocrx_word' id='word_1_106' title='bbox 761 970 873 1014; x_wconf 89' lang='lat' dir='ltr'>Cum</span> <span class='ocrx_word' id='word_1_107' title='bbox 896 968 942 1012; x_wconf 92' lang='lat' dir='ltr'>in</span> <span class='ocrx_word' id='word_1_108' title='bbox 963 983 1097 1013; x_wconf 91' lang='lat' dir='ltr'>manu</span> <span class='ocrx_word' id='word_1_109' title='bbox 1114 968 1205 1029; x_wconf 85' lang='lat' dir='ltr'>ejus</span> <span class='ocrx_word' id='word_1_110' title='bbox 1227 977 1306 1024; x_wconf 85' lang='lat' dir='ltr'>est,</span> <span class='ocrx_word' id='word_1_111' title='bbox 1332 975 1483 1012; x_wconf 86' lang='lat' dir='ltr'>utatur</span> <span class='ocrx_word' id='word_1_112' title='bbox 1503 982 1553 1011; x_wconf 86' lang='lat' dir='ltr'>ea</span> <span class='ocrx_word' id='word_1_113' title='bbox 1569 981 1726 1028; x_wconf 88' lang='lat' dir='ltr'>quem-</span> 
     </span>
     <span class='ocr_line' id='line_1_13' title="bbox 337 1038 704 1084; baseline -0.003 0"><span class='ocrx_word' id='word_1_114' title='bbox 337 1038 576 1084; x_wconf 84' lang='lat' dir='ltr'>admodum</span> <span class='ocrx_word' id='word_1_115' title='bbox 592 1038 704 1083; x_wconf 89' lang='lat' dir='ltr'>vult.</span> 
     </span>
    </p>

    <p class='ocr_par' dir='ltr' id='par_1_3' title="bbox 338 1109 1778 2307">
     <span class='ocr_line' id='line_1_14' title="bbox 399 1109 1730 1170; baseline -0.003 -14"><span class='ocrx_word' id='word_1_116' title='bbox 399 1113 480 1156; x_wconf 82' lang='lat'><em>111.</em></span> <span class='ocrx_word' id='word_1_117' title='bbox 509 1113 703 1170; x_wconf 84' lang='lat' dir='ltr'>Exurgat</span> <span class='ocrx_word' id='word_1_118' title='bbox 723 1125 843 1170; x_wconf 87' lang='lat' dir='ltr'>ergo,</span> <span class='ocrx_word' id='word_1_119' title='bbox 863 1110 946 1169; x_wconf 88' lang='lat' dir='ltr'>(sic</span> <span class='ocrx_word' id='word_1_120' title='bbox 969 1110 1087 1154; x_wconf 90' lang='lat' dir='ltr'>enim</span> <span class='ocrx_word' id='word_1_121' title='bbox 1108 1109 1334 1155; x_wconf 85' lang='lat' dir='ltr'>invocatus</span> <span class='ocrx_word' id='word_1_122' title='bbox 1351 1111 1468 1167; x_wconf 85' lang='lat' dir='ltr'>est,)</span> <span class='ocrx_word' id='word_1_123' title='bbox 1491 1109 1730 1169; x_wconf 84' lang='lat' dir='ltr'>apprehen·</span> 
     </span>
     <span class='ocr_line' id='line_1_15' title="bbox 338 1179 1726 1242; baseline -0.002 -16"><span class='ocrx_word' id='word_1_124' title='bbox 338 1181 413 1226; x_wconf 87' lang='lat' dir='ltr'>dat</span> <span class='ocrx_word' id='word_1_125' title='bbox 434 1197 574 1237; x_wconf 88' lang='lat' dir='ltr'>arma,</span> <span class='ocrx_word' id='word_1_126' title='bbox 601 1190 784 1241; x_wconf 83' lang='lat' dir='ltr'>exurgat</span> <span class='ocrx_word' id='word_1_127' title='bbox 805 1181 849 1225; x_wconf 91' lang='lat' dir='ltr'>in</span> <span class='ocrx_word' id='word_1_128' title='bbox 882 1180 1147 1242; x_wconf 87' lang='lat' dir='ltr'>adjutorium</span> <span class='ocrx_word' id='word_1_129' title='bbox 1179 1180 1319 1225; x_wconf 87' lang='lat' dir='ltr'>nobis.</span> <span class='ocrx_word' id='word_1_130' title='bbox 1359 1179 1485 1225; x_wconf 84' lang='lat' dir='ltr'>Unde</span> <span class='ocrx_word' id='word_1_131' title='bbox 1522 1187 1726 1238; x_wconf 81' lang='lat' dir='ltr'>exurgat,</span> 
     </span>
     <span class='ocr_line' id='line_1_16' title="bbox 339 1251 1730 1312; baseline -0.002 -14"><span class='ocrx_word' id='word_1_132' title='bbox 339 1252 423 1299; x_wconf 91' lang='lat' dir='ltr'>alio</span> <span class='ocrx_word' id='word_1_133' title='bbox 445 1252 540 1297; x_wconf 95' lang='lat' dir='ltr'>loco</span> <span class='ocrx_word' id='word_1_134' title='bbox 558 1254 688 1297; x_wconf 86' lang='lat' dir='ltr'>etiam</span> <span class='ocrx_word' id='word_1_135' title='bbox 710 1252 870 1297; x_wconf 88' lang='lat' dir='ltr'>dicitur</span> <span class='ocrx_word' id='word_1_136' title='bbox 890 1252 952 1297; x_wconf 84' lang='lat' dir='ltr'>illi</span> <span class='ocrx_word' id='word_1_137' title='bbox 974 1253 1063 1312; x_wconf 81' lang='lat' dir='ltr'>ipsa</span> <span class='ocrx_word' id='word_1_138' title='bbox 1085 1268 1192 1298; x_wconf 88' lang='lat' dir='ltr'>voce</span> <span class='ocrx_word' id='word_1_139' title='bbox 1211 1272 1220 1298; x_wconf 89' lang='grc'>;</span> <span class='ocrx_word' id='word_1_140' title='bbox 1244 1255 1466 1310; x_wconf 81' lang='lat' dir='ltr'>«Exurge,</span> <span class='ocrx_word' id='word_1_141' title='bbox 1485 1268 1620 1312; x_wconf 86' lang='lat' dir='ltr'>quare</span> <span class='ocrx_word' id='word_1_142' title='bbox 1646 1251 1730 1295; x_wconf 93' lang='lat' dir='ltr'>ob-</span> 
     </span>
     <span class='ocr_line' id='line_1_17' title="bbox 343 1322 1778 1385; baseline 0 -19"><span class='ocrx_word' id='word_1_143' title='bbox 343 1342 363 1366; x_wconf 89' lang='lat'>»</span> <span class='ocrx_word' id='word_1_144' title='bbox 399 1322 587 1379; x_wconf 80' lang='lat' dir='ltr'>dormis,</span> <span class='ocrx_word' id='word_1_145' title='bbox 623 1324 807 1369; x_wconf 91' lang='lat' dir='ltr'>Domine</span> <span class='ocrx_word' id='word_1_146' title='bbox 821 1327 860 1366; x_wconf 75' lang='lat'>¹²:</span> <span class='ocrx_word' id='word_1_147' title='bbox 888 1341 909 1365; x_wconf 73' lang='lat' dir='ltr'>n</span> <span class='ocrx_word' id='word_1_148' title='bbox 934 1327 991 1369; x_wconf 90' lang='lat' dir='ltr'>Et</span> <span class='ocrx_word' id='word_1_149' title='bbox 1024 1324 1202 1385; x_wconf 88' lang='lat' dir='ltr'>quando</span> <span class='ocrx_word' id='word_1_150' title='bbox 1224 1324 1297 1368; x_wconf 88' lang='lat' dir='ltr'>ille</span> <span class='ocrx_word' id='word_1_151' title='bbox 1328 1323 1488 1368; x_wconf 87' lang='lat' dir='ltr'>dicitur</span> <span class='ocrx_word' id='word_1_152' title='bbox 1515 1322 1727 1379; x_wconf 85' lang='lat' dir='ltr'>dormire,</span> <span class='ocrx_word' id='word_1_153' title='bbox 1772 1323 1778 1327; x_wconf 67' lang='grc'><strong><em>’</em></strong></span> 
     </span>
     <span class='ocr_line' id='line_1_18' title="bbox 339 1394 1734 1455; baseline -0.001 -16"><span class='ocrx_word' id='word_1_154' title='bbox 339 1411 418 1440; x_wconf 86' lang='lat' dir='ltr'>nos</span> <span class='ocrx_word' id='word_1_155' title='bbox 437 1395 677 1439; x_wconf 87' lang='lat' dir='ltr'>dormimus</span> <span class='ocrx_word' id='word_1_156' title='bbox 699 1414 708 1440; x_wconf 75' lang='grc' dir='ltr'>ε</span> <span class='ocrx_word' id='word_1_157' title='bbox 734 1404 778 1439; x_wconf 90' lang='lat' dir='ltr'>et</span> <span class='ocrx_word' id='word_1_158' title='bbox 796 1395 975 1455; x_wconf 89' lang='lat' dir='ltr'>quando</span> <span class='ocrx_word' id='word_1_159' title='bbox 993 1395 1065 1439; x_wconf 90' lang='lat' dir='ltr'>ille</span> <span class='ocrx_word' id='word_1_160' title='bbox 1086 1394 1246 1440; x_wconf 90' lang='lat' dir='ltr'>dicitur</span> <span class='ocrx_word' id='word_1_161' title='bbox 1268 1410 1488 1453; x_wconf 80' lang='lat' dir='ltr'>exurgere,</span> <span class='ocrx_word' id='word_1_162' title='bbox 1514 1410 1594 1439; x_wconf 90' lang='lat' dir='ltr'>nos</span> <span class='ocrx_word' id='word_1_163' title='bbox 1616 1394 1734 1438; x_wconf 88' lang='lat' dir='ltr'>cxci-</span> 
     </span>
     <span class='ocr_line' id='line_1_19' title="bbox 339 1464 1732 1516; baseline -0.001 -6"><span class='ocrx_word' id='word_1_164' title='bbox 339 1475 498 1510; x_wconf 86' lang='lat' dir='ltr'>tamur.</span> <span class='ocrx_word' id='word_1_165' title='bbox 527 1469 636 1510; x_wconf 89' lang='lat' dir='ltr'>Nam</span> <span class='ocrx_word' id='word_1_166' title='bbox 658 1475 701 1509; x_wconf 87' lang='lat' dir='ltr'>ct</span> <span class='ocrx_word' id='word_1_167' title='bbox 723 1466 933 1510; x_wconf 86' lang='lat' dir='ltr'>Dominus</span> <span class='ocrx_word' id='word_1_168' title='bbox 954 1465 1198 1510; x_wconf 83' lang='lat' dir='ltr'>dormiebat</span> <span class='ocrx_word' id='word_1_169' title='bbox 1220 1466 1265 1509; x_wconf 92' lang='lat' dir='ltr'>in</span> <span class='ocrx_word' id='word_1_170' title='bbox 1289 1466 1412 1516; x_wconf 89' lang='lat' dir='ltr'>navi;</span> <span class='ocrx_word' id='word_1_171' title='bbox 1435 1475 1479 1509; x_wconf 91' lang='lat' dir='ltr'>et</span> <span class='ocrx_word' id='word_1_172' title='bbox 1499 1464 1598 1509; x_wconf 90' lang='lat' dir='ltr'>ideo</span> <span class='ocrx_word' id='word_1_173' title='bbox 1618 1465 1732 1509; x_wconf 89' lang='lat' dir='ltr'>ssuc-</span> 
     </span>
     <span class='ocr_line' id='line_1_20' title="bbox 340 1535 1734 1597; baseline 0 -17"><span class='ocrx_word' id='word_1_174' title='bbox 340 1537 495 1581; x_wconf 88' lang='lat' dir='ltr'>tuabat</span> <span class='ocrx_word' id='word_1_175' title='bbox 512 1537 632 1581; x_wconf 87' lang='lat' dir='ltr'>navis</span> <span class='ocrx_word' id='word_1_176' title='bbox 650 1572 660 1591; x_wconf 92' lang='lat'>,</span> <span class='ocrx_word' id='word_1_177' title='bbox 688 1536 790 1597; x_wconf 86' lang='lat' dir='ltr'>quia</span> <span class='ocrx_word' id='word_1_178' title='bbox 812 1535 1057 1581; x_wconf 84' lang='lat' dir='ltr'>dormiebat</span> <span class='ocrx_word' id='word_1_179' title='bbox 1081 1539 1105 1581; x_wconf 88' lang='lat' dir='ltr'>J</span> <span class='ocrx_word' id='word_1_180' title='bbox 1110 1552 1221 1581; x_wconf 89' lang='lat' dir='ltr'>esus.</span> <span class='ocrx_word' id='word_1_181' title='bbox 1247 1539 1355 1582; x_wconf 91' lang='lat' dir='ltr'>Nam</span> <span class='ocrx_word' id='word_1_182' title='bbox 1379 1535 1412 1580; x_wconf 86' lang='lat' dir='ltr'>si</span> <span class='ocrx_word' id='word_1_183' title='bbox 1431 1535 1518 1580; x_wconf 88' lang='lat' dir='ltr'>illic</span> <span class='ocrx_word' id='word_1_184' title='bbox 1534 1535 1734 1595; x_wconf 83' lang='lat' dir='ltr'>vigilaret</span> 
     </span>
     <span class='ocr_line' id='line_1_21' title="bbox 342 1608 1734 1663; baseline -0.001 -10"><span class='ocrx_word' id='word_1_185' title='bbox 342 1611 488 1663; x_wconf 86' lang='lat' dir='ltr'>Jesus,</span> <span class='ocrx_word' id='word_1_186' title='bbox 515 1624 604 1652; x_wconf 89' lang='lat' dir='ltr'>non</span> <span class='ocrx_word' id='word_1_187' title='bbox 627 1608 860 1652; x_wconf 85' lang='lat' dir='ltr'>fluctuaret</span> <span class='ocrx_word' id='word_1_188' title='bbox 881 1608 1017 1652; x_wconf 85' lang='lat' dir='ltr'>navis.</span> <span class='ocrx_word' id='word_1_189' title='bbox 1043 1608 1171 1653; x_wconf 90' lang='lat' dir='ltr'>Navis</span> <span class='ocrx_word' id='word_1_190' title='bbox 1194 1616 1268 1651; x_wconf 85' lang='lat' dir='ltr'>tua</span> <span class='ocrx_word' id='word_1_191' title='bbox 1286 1643 1297 1662; x_wconf 93' lang='lat'>,</span> <span class='ocrx_word' id='word_1_192' title='bbox 1328 1623 1402 1652; x_wconf 91' lang='lat' dir='ltr'>cor</span> <span class='ocrx_word' id='word_1_193' title='bbox 1424 1615 1552 1651; x_wconf 84' lang='lat' dir='ltr'>tuum</span> <span class='ocrx_word' id='word_1_194' title='bbox 1574 1626 1583 1652; x_wconf 91' lang='lat'>:</span> <span class='ocrx_word' id='word_1_195' title='bbox 1609 1610 1734 1652; x_wconf 88' lang='lat' dir='ltr'>Jesus</span> 
     </span>
     <span class='ocr_line' id='line_1_22' title="bbox 340 1677 1735 1734; baseline -0.001 -11"><span class='ocrx_word' id='word_1_196' title='bbox 340 1679 387 1723; x_wconf 91' lang='lat' dir='ltr'>in</span> <span class='ocrx_word' id='word_1_197' title='bbox 415 1680 537 1734; x_wconf 90' lang='lat' dir='ltr'>navi,</span> <span class='ocrx_word' id='word_1_198' title='bbox 562 1679 669 1723; x_wconf 85' lang='lat' dir='ltr'>fides</span> <span class='ocrx_word' id='word_1_199' title='bbox 701 1679 746 1723; x_wconf 92' lang='lat' dir='ltr'>in</span> <span class='ocrx_word' id='word_1_200' title='bbox 768 1679 914 1723; x_wconf 88' lang='lat' dir='ltr'>corde.</span> <span class='ocrx_word' id='word_1_201' title='bbox 944 1679 987 1724; x_wconf 91' lang='lat' dir='ltr'>Si</span> <span class='ocrx_word' id='word_1_202' title='bbox 1005 1679 1238 1723; x_wconf 88' lang='lat' dir='ltr'>meministi</span> <span class='ocrx_word' id='word_1_203' title='bbox 1256 1677 1358 1723; x_wconf 86' lang='lat' dir='ltr'>fidei</span> <span class='ocrx_word' id='word_1_204' title='bbox 1378 1688 1489 1733; x_wconf 84' lang='lat' dir='ltr'>tuae,</span> <span class='ocrx_word' id='word_1_205' title='bbox 1515 1694 1605 1723; x_wconf 93' lang='lat' dir='ltr'>non</span> <span class='ocrx_word' id='word_1_206' title='bbox 1628 1679 1735 1722; x_wconf 86' lang='lat' dir='ltr'>ssuc-</span> 
     </span>
     <span class='ocr_line' id='line_1_23' title="bbox 343 1748 1736 1804; baseline -0.001 -10"><span class='ocrx_word' id='word_1_207' title='bbox 343 1758 438 1794; x_wconf 87' lang='lat' dir='ltr'>tuat</span> <span class='ocrx_word' id='word_1_208' title='bbox 460 1765 535 1794; x_wconf 85' lang='lat' dir='ltr'>cor</span> <span class='ocrx_word' id='word_1_209' title='bbox 565 1758 692 1793; x_wconf 87' lang='lat' dir='ltr'>tuum</span> <span class='ocrx_word' id='word_1_210' title='bbox 715 1768 724 1794; x_wconf 91' lang='lat'>:</span> <span class='ocrx_word' id='word_1_211' title='bbox 751 1749 785 1793; x_wconf 90' lang='lat' dir='ltr'>si</span> <span class='ocrx_word' id='word_1_212' title='bbox 807 1748 969 1793; x_wconf 88' lang='lat' dir='ltr'>oblitus</span> <span class='ocrx_word' id='word_1_213' title='bbox 998 1765 1042 1793; x_wconf 89' lang='lat' dir='ltr'>es</span> <span class='ocrx_word' id='word_1_214' title='bbox 1063 1749 1195 1793; x_wconf 80' lang='lat' dir='ltr'>fidem</span> <span class='ocrx_word' id='word_1_215' title='bbox 1218 1758 1338 1793; x_wconf 89' lang='lat' dir='ltr'>tuam</span> <span class='ocrx_word' id='word_1_216' title='bbox 1356 1784 1366 1804; x_wconf 86' lang='lat'>,</span> <span class='ocrx_word' id='word_1_217' title='bbox 1401 1748 1564 1793; x_wconf 89' lang='lat' dir='ltr'>dormit</span> <span class='ocrx_word' id='word_1_218' title='bbox 1586 1748 1736 1794; x_wconf 90' lang='lat' dir='ltr'>Chris-</span> 
     </span>
     <span class='ocr_line' id='line_1_24' title="bbox 342 1818 1731 1880; baseline -0.001 -14"><span class='ocrx_word' id='word_1_219' title='bbox 342 1830 413 1866; x_wconf 85' lang='lat' dir='ltr'>tus</span> <span class='ocrx_word' id='word_1_220' title='bbox 445 1839 454 1866; x_wconf 91' lang='lat'>:</span> <span class='ocrx_word' id='word_1_221' title='bbox 481 1820 661 1865; x_wconf 86' lang='lat' dir='ltr'>observa</span> <span class='ocrx_word' id='word_1_222' title='bbox 684 1818 978 1879; x_wconf 85' lang='lat' dir='ltr'>naufragium.</span> <span class='ocrx_word' id='word_1_223' title='bbox 1004 1823 1318 1865; x_wconf 87' lang='lat' dir='ltr'>Verumtamen</span> <span class='ocrx_word' id='word_1_224' title='bbox 1339 1819 1460 1880; x_wconf 92' lang='lat' dir='ltr'>quod</span> <span class='ocrx_word' id='word_1_225' title='bbox 1482 1829 1613 1864; x_wconf 88' lang='lat' dir='ltr'>restat</span> <span class='ocrx_word' id='word_1_226' title='bbox 1634 1819 1702 1865; x_wconf 89' lang='lat' dir='ltr'>fac</span> <span class='ocrx_word' id='word_1_227' title='bbox 1719 1855 1731 1876; x_wconf 90' lang='lat'>,</span> 
     </span>
     <span class='ocr_line' id='line_1_25' title="bbox 342 1889 1735 1951; baseline -0.001 -15"><span class='ocrx_word' id='word_1_228' title='bbox 342 1901 395 1936; x_wconf 93' lang='lat' dir='ltr'>ut</span> <span class='ocrx_word' id='word_1_229' title='bbox 411 1892 445 1936; x_wconf 89' lang='lat' dir='ltr'>si</span> <span class='ocrx_word' id='word_1_230' title='bbox 462 1891 687 1935; x_wconf 88' lang='lat' dir='ltr'>dormierit</span> <span class='ocrx_word' id='word_1_231' title='bbox 705 1891 939 1948; x_wconf 66' lang='lat' dir='ltr'>excitetur,</span> <span class='ocrx_word' id='word_1_232' title='bbox 963 1889 1077 1935; x_wconf 88' lang='lat' dir='ltr'>dicas</span> <span class='ocrx_word' id='word_1_233' title='bbox 1100 1890 1188 1935; x_wconf 89' lang='lat' dir='ltr'>illi:</span> <span class='ocrx_word' id='word_1_234' title='bbox 1212 1892 1396 1935; x_wconf 90' lang='lat' dir='ltr'>Domine</span> <span class='ocrx_word' id='word_1_235' title='bbox 1412 1926 1423 1946; x_wconf 88' lang='lat'>,</span> <span class='ocrx_word' id='word_1_236' title='bbox 1449 1906 1630 1950; x_wconf 82' lang='lat' dir='ltr'>exurge,</span> <span class='ocrx_word' id='word_1_237' title='bbox 1655 1906 1735 1951; x_wconf 91' lang='lat' dir='ltr'>pe-</span> 
     </span>
     <span class='ocr_line' id='line_1_26' title="bbox 345 1960 1736 2022; baseline 0 -16"><span class='ocrx_word' id='word_1_238' title='bbox 345 1962 478 2007; x_wconf 87' lang='lat' dir='ltr'>rimus</span> <span class='ocrx_word' id='word_1_239' title='bbox 506 1981 514 2006; x_wconf 93' lang='lat'>:</span> <span class='ocrx_word' id='word_1_240' title='bbox 540 1971 590 2006; x_wconf 91' lang='lat' dir='ltr'>ut</span> <span class='ocrx_word' id='word_1_241' title='bbox 616 1962 813 2022; x_wconf 88' lang='lat' dir='ltr'>increpet</span> <span class='ocrx_word' id='word_1_242' title='bbox 840 1970 1017 2017; x_wconf 87' lang='lat' dir='ltr'>ventos,</span> <span class='ocrx_word' id='word_1_243' title='bbox 1054 1970 1097 2005; x_wconf 91' lang='lat' dir='ltr'>et</span> <span class='ocrx_word' id='word_1_244' title='bbox 1126 1962 1202 2005; x_wconf 89' lang='lat' dir='ltr'>fiat</span> <span class='ocrx_word' id='word_1_245' title='bbox 1226 1960 1515 2022; x_wconf 87' lang='lat' dir='ltr'>tranquillitas</span> <span class='ocrx_word' id='word_1_246' title='bbox 1536 1961 1582 2005; x_wconf 89' lang='lat' dir='ltr'>in</span> <span class='ocrx_word' id='word_1_247' title='bbox 1604 1961 1736 2006; x_wconf 90' lang='lat' dir='ltr'>corde</span> 
     </span>
     <span class='ocr_line' id='line_1_27' title="bbox 345 2031 1737 2088; baseline 0 -10"><span class='ocrx_word' id='word_1_248' title='bbox 345 2034 471 2079; x_wconf 70' lang='lat' dir='ltr'>tuo-⁷³.</span> <span class='ocrx_word' id='word_1_249' title='bbox 489 2031 714 2077; x_wconf 88' lang='lat' dir='ltr'>Recedent</span> <span class='ocrx_word' id='word_1_250' title='bbox 741 2033 858 2077; x_wconf 92' lang='lat' dir='ltr'>enim</span> <span class='ocrx_word' id='word_1_251' title='bbox 896 2048 1045 2077; x_wconf 90' lang='lat' dir='ltr'>omncs</span> <span class='ocrx_word' id='word_1_252' title='bbox 1071 2033 1350 2088; x_wconf 88' lang='lat' dir='ltr'>tentationes,</span> <span class='ocrx_word' id='word_1_253' title='bbox 1376 2042 1451 2077; x_wconf 86' lang='lat' dir='ltr'>aut</span> <span class='ocrx_word' id='word_1_254' title='bbox 1488 2042 1604 2078; x_wconf 88' lang='lat' dir='ltr'>certe</span> <span class='ocrx_word' id='word_1_255' title='bbox 1625 2032 1737 2078; x_wconf 87' lang='lat' dir='ltr'>nihil</span> 
     </span>
     <span class='ocr_line' id='line_1_28' title="bbox 344 2103 1738 2165; baseline 0 -15"><span class='ocrx_word' id='word_1_256' title='bbox 344 2104 573 2160; x_wconf 88' lang='lat' dir='ltr'>valebunt,</span> <span class='ocrx_word' id='word_1_257' title='bbox 598 2104 776 2165; x_wconf 86' lang='lat' dir='ltr'>quando</span> <span class='ocrx_word' id='word_1_258' title='bbox 793 2105 1013 2160; x_wconf 87' lang='lat' dir='ltr'>Christus,</span> <span class='ocrx_word' id='word_1_259' title='bbox 1037 2105 1122 2150; x_wconf 93' lang='lat' dir='ltr'>hoc</span> <span class='ocrx_word' id='word_1_260' title='bbox 1143 2114 1222 2159; x_wconf 86' lang='lat' dir='ltr'>est,</span> <span class='ocrx_word' id='word_1_261' title='bbox 1244 2103 1350 2149; x_wconf 87' lang='lat' dir='ltr'>fides</span> <span class='ocrx_word' id='word_1_262' title='bbox 1373 2114 1464 2161; x_wconf 91' lang='lat' dir='ltr'>tua,</span> <span class='ocrx_word' id='word_1_263' title='bbox 1493 2104 1738 2164; x_wconf 86' lang='lat' dir='ltr'>vigilaverit</span> 
     </span>
     <span class='ocr_line' id='line_1_29' title="bbox 345 2176 1737 2237; baseline -0.001 -16"><span class='ocrx_word' id='word_1_264' title='bbox 345 2176 391 2221; x_wconf 91' lang='lat' dir='ltr'>in</span> <span class='ocrx_word' id='word_1_265' title='bbox 421 2176 552 2221; x_wconf 91' lang='lat' dir='ltr'>corde</span> <span class='ocrx_word' id='word_1_266' title='bbox 575 2185 667 2221; x_wconf 87' lang='lat' dir='ltr'>tuo.</span> <span class='ocrx_word' id='word_1_267' title='bbox 700 2195 719 2218; x_wconf 75' lang='grc' dir='ltr'>α</span> <span class='ocrx_word' id='word_1_268' title='bbox 744 2179 917 2235; x_wconf 80' lang='lat' dir='ltr'>Exurge</span> <span class='ocrx_word' id='word_1_269' title='bbox 943 2195 963 2218; x_wconf 89' lang='lat'>»</span> <span class='ocrx_word' id='word_1_270' title='bbox 990 2191 1091 2234; x_wconf 88' lang='lat' dir='ltr'>ergo</span> <span class='ocrx_word' id='word_1_271' title='bbox 1113 2177 1221 2237; x_wconf 89' lang='lat' dir='ltr'>quid</span> <span class='ocrx_word' id='word_1_272' title='bbox 1254 2186 1343 2221; x_wconf 83' lang='lat' dir='ltr'>est:</span> <span class='ocrx_word' id='word_1_273' title='bbox 1380 2179 1630 2232; x_wconf 85' lang='lat' dir='ltr'>Innotesce,</span> <span class='ocrx_word' id='word_1_274' title='bbox 1656 2191 1737 2236; x_wconf 88' lang='lat' dir='ltr'>ap-</span> 
     </span>
     <span class='ocr_line' id='line_1_30' title="bbox 346 2247 1584 2307; baseline -0.002 -16"><span class='ocrx_word' id='word_1_275' title='bbox 346 2263 474 2307; x_wconf 86' lang='lat' dir='ltr'>pare,</span> <span class='ocrx_word' id='word_1_276' title='bbox 501 2247 676 2292; x_wconf 80' lang='lat' dir='ltr'>sentire‚</span> <span class='ocrx_word' id='word_1_277' title='bbox 702 2267 721 2289; x_wconf 90' lang='lat'>«</span> <span class='ocrx_word' id='word_1_278' title='bbox 748 2251 921 2306; x_wconf 86' lang='lat' dir='ltr'>Exurge</span> <span class='ocrx_word' id='word_1_279' title='bbox 943 2263 1045 2306; x_wconf 90' lang='lat' dir='ltr'>ergo</span> <span class='ocrx_word' id='word_1_280' title='bbox 1064 2248 1109 2291; x_wconf 91' lang='lat' dir='ltr'>in</span> <span class='ocrx_word' id='word_1_281' title='bbox 1126 2247 1389 2307; x_wconf 83' lang='lat' dir='ltr'>adjutorium</span> <span class='ocrx_word' id='word_1_282' title='bbox 1414 2247 1534 2291; x_wconf 84' lang='lat' dir='ltr'>mihi.</span> <span class='ocrx_word' id='word_1_283' title='bbox 1563 2266 1584 2289; x_wconf 86' lang='lat'>»</span> 
     </span>
    </p>

    <p class='ocr_par' dir='ltr' id='par_1_4' title="bbox 347 2318 1738 2522">
     <span class='ocr_line' id='line_1_31' title="bbox 406 2318 1738 2379; baseline 0 -16"><span class='ocrx_word' id='word_1_284' title='bbox 406 2322 480 2363; x_wconf 90' lang='lat' dir='ltr'>IV.</span> <span class='ocrx_word' id='word_1_285' title='bbox 521 2339 541 2361; x_wconf 88' lang='lat'>«</span> <span class='ocrx_word' id='word_1_286' title='bbox 566 2320 758 2364; x_wconf 78' lang='lat' dir='ltr'>Effunde</span> <span class='ocrx_word' id='word_1_287' title='bbox 782 2318 1013 2374; x_wconf 85' lang='lat' dir='ltr'>frameam,</span> <span class='ocrx_word' id='word_1_288' title='bbox 1040 2329 1083 2363; x_wconf 87' lang='lat' dir='ltr'>et</span> <span class='ocrx_word' id='word_1_289' title='bbox 1103 2319 1318 2364; x_wconf 86' lang='lat' dir='ltr'>conclude</span> <span class='ocrx_word' id='word_1_290' title='bbox 1344 2318 1548 2364; x_wconf 86' lang='lat' dir='ltr'>adversus</span> <span class='ocrx_word' id='word_1_291' title='bbox 1570 2334 1642 2363; x_wconf 90' lang='lat' dir='ltr'>eos</span> <span class='ocrx_word' id='word_1_292' title='bbox 1660 2318 1738 2379; x_wconf 87' lang='lat' dir='ltr'>qui</span> 
     </span>
     <span class='ocr_line' id='line_1_32' title="bbox 350 2389 1738 2451; baseline 0.003 -19"><span class='ocrx_word' id='word_1_293' title='bbox 350 2409 370 2432; x_wconf 75' lang='lat' dir='ltr'>n</span> <span class='ocrx_word' id='word_1_294' title='bbox 406 2405 476 2434; x_wconf 90' lang='lat' dir='ltr'>me</span> <span class='ocrx_word' id='word_1_295' title='bbox 500 2391 869 2451; x_wconf 42' lang='lat' dir='ltr'>persequuntur&amp;</span> <span class='ocrx_word' id='word_1_296' title='bbox 910 2408 930 2431; x_wconf 89' lang='lat'>»</span> <span class='ocrx_word' id='word_1_297' title='bbox 957 2390 1042 2443; x_wconf 87' lang='lat' dir='ltr'>Qui</span> <span class='ocrx_word' id='word_1_298' title='bbox 1073 2399 1175 2435; x_wconf 87' lang='lat' dir='ltr'>sunt</span> <span class='ocrx_word' id='word_1_299' title='bbox 1206 2389 1283 2450; x_wconf 82' lang='lat' dir='ltr'>qui</span> <span class='ocrx_word' id='word_1_300' title='bbox 1315 2399 1358 2434; x_wconf 91' lang='lat' dir='ltr'>te</span> <span class='ocrx_word' id='word_1_301' title='bbox 1381 2393 1738 2450; x_wconf 80' lang='lat' dir='ltr'>persequuntur?</span> 
     </span>
     <span class='ocr_line' id='line_1_33' title="bbox 347 2458 1735 2522; baseline -0.001 -16"><span class='ocrx_word' id='word_1_302' title='bbox 347 2465 478 2506; x_wconf 87' lang='lat' dir='ltr'>Forte</span> <span class='ocrx_word' id='word_1_303' title='bbox 499 2462 666 2505; x_wconf 86' lang='lat' dir='ltr'>vicinus</span> <span class='ocrx_word' id='word_1_304' title='bbox 693 2470 794 2506; x_wconf 86' lang='lat' dir='ltr'>tuus</span> <span class='ocrx_word' id='word_1_305' title='bbox 810 2497 820 2517; x_wconf 92' lang='lat'>,</span> <span class='ocrx_word' id='word_1_306' title='bbox 853 2471 928 2506; x_wconf 88' lang='lat' dir='ltr'>aut</span> <span class='ocrx_word' id='word_1_307' title='bbox 960 2460 1032 2505; x_wconf 86' lang='lat' dir='ltr'>ille</span> <span class='ocrx_word' id='word_1_308' title='bbox 1053 2476 1183 2522; x_wconf 85' lang='lat' dir='ltr'>quem</span> <span class='ocrx_word' id='word_1_309' title='bbox 1211 2458 1378 2516; x_wconf 65' lang='lat' dir='ltr'>laesisti,</span> <span class='ocrx_word' id='word_1_310' title='bbox 1404 2470 1480 2505; x_wconf 89' lang='lat' dir='ltr'>aut</span> <span class='ocrx_word' id='word_1_311' title='bbox 1502 2462 1573 2505; x_wconf 91' lang='lat' dir='ltr'>cui</span> <span class='ocrx_word' id='word_1_312' title='bbox 1595 2459 1735 2506; x_wconf 86' lang='lat' dir='ltr'>fecisti</span> 
     </span>
    </p>
   </div>
   <div class='ocr_carea' id='block_1_3' title="bbox 395 2544 1734 2589">
    <p class='ocr_par' dir='ltr' id='par_1_5' title="bbox 395 2544 1734 2589">
     <span class='ocr_line' id='line_1_34' title="bbox 395 2544 1734 2589; baseline 0.002 -14"><span class='ocrx_word' id='word_1_313' title='bbox 395 2552 402 2568; x_wconf 91' lang='lat'>¹</span> <span class='ocrx_word' id='word_1_314' title='bbox 427 2548 499 2587; x_wconf 66' lang='lat' dir='ltr'>Sap.</span> <span class='ocrx_word' id='word_1_315' title='bbox 520 2557 579 2578; x_wconf 80' lang='lat' dir='ltr'>vu.</span> <span class='ocrx_word' id='word_1_316' title='bbox 604 2562 644 2569; x_wconf 87' lang='lat'>-</span> <span class='ocrx_word' id='word_1_317' title='bbox 662 2553 676 2569; x_wconf 82' lang='lat'>²</span> <span class='ocrx_word' id='word_1_318' title='bbox 696 2546 775 2580; x_wconf 78' lang='lat' dir='ltr'>Psal.</span> <span class='ocrx_word' id='word_1_319' title='bbox 799 2557 892 2588; x_wconf 75' lang='lat' dir='ltr'>xun,</span> <span class='ocrx_word' id='word_1_320' title='bbox 914 2547 968 2580; x_wconf 66' lang='lat'>23.</span> <span class='ocrx_word' id='word_1_321' title='bbox 989 2562 1030 2569; x_wconf 84' lang='lat'>-</span> <span class='ocrx_word' id='word_1_322' title='bbox 1050 2545 1064 2568; x_wconf 75' lang='lat'>3</span> <span class='ocrx_word' id='word_1_323' title='bbox 1081 2546 1195 2579; x_wconf 78' lang='lat' dir='ltr'>Matth.</span> <span class='ocrx_word' id='word_1_324' title='bbox 1222 2558 1293 2587; x_wconf 82' lang='lat' dir='ltr'>vni,</span> <span class='ocrx_word' id='word_1_325' title='bbox 1313 2546 1367 2588; x_wconf 61' lang='lat'>24.</span> <span class='ocrx_word' id='word_1_326' title='bbox 1394 2561 1429 2570; x_wconf 82' lang='lat'>-</span> <span class='ocrx_word' id='word_1_327' title='bbox 1451 2544 1467 2575; x_wconf 73' lang='lat'><strong><em>4</em></strong></span> <span class='ocrx_word' id='word_1_328' title='bbox 1488 2545 1573 2579; x_wconf 80' lang='lat' dir='ltr'>Psal.</span> <span class='ocrx_word' id='word_1_329' title='bbox 1589 2556 1681 2588; x_wconf 77' lang='lat' dir='ltr'>xxxv,</span> <span class='ocrx_word' id='word_1_330' title='bbox 1702 2545 1734 2589; x_wconf 52' lang='lat'>37</span> 
     </span>
    </p>
   </div>
   <div class='ocr_carea' id='block_1_4' title="bbox 1822 0 1841 528">
    <p class='ocr_par' dir='ltr' id='par_1_6' title="bbox 1822 0 1841 528">
     <span class='ocr_line' id='line_1_35' title="bbox 1822 0 1841 528; baseline 0 2695"><span class='ocrx_word' id='word_1_331' title='bbox 1822 0 1841 528; x_wconf 95' lang='lat' dir='ltr'> </span> 
     </span>
    </p>
   </div>
  </div>
 </body>
</html>
