1841 3223
438 244 679 273 ENARRATm
711 247 756 274 IN
789 247 991 275 PsALMUM
1024 249 1116 274 L111.
1388 236 1471 276 495

92 308 250 354 obfuit.
289 312 485 370 Namque
519 311 685 355 animus
718 327 868 356 eorum
908 311 1124 371 malignus
1157 310 1476 358 demonstratus

92 389 154 424 est
176 399 184 424 :
212 379 313 423 Saiil
341 395 442 425 vero
466 395 547 424 nec
568 391 666 440 post
692 397 842 426 eorum
874 382 1168 442 proditionem
1193 383 1336 441 potuit
1363 399 1477 428 com-

88 449 357 509 prehendere
379 449 544 508 David,
576 450 651 495 sed
673 452 816 510 potius
845 453 890 495 in
912 452 1044 511 ipsius
1073 452 1256 510 regionis
1286 454 1477 513 quadam

87 521 293 581 spelunca
308 556 319 576 ,
341 537 442 565 cum
464 523 555 581 ejus
577 523 776 566 manibus
798 522 925 567 datus
944 533 1053 567 esset
1070 523 1332 568 occidendus
1346 525 1471 581 Saiil,

88 592 281 652 pepercit
303 590 366 636 illi
395 593 528 637 David
543 628 554 648 ,
579 602 623 637 et
644 593 764 654 quod
786 594 978 638 habebat
1004 595 1050 637 in
1078 604 1289 654 potestate
1309 611 1398 640 non
1414 595 1475 640 fe-

87 662 185 707 cit1.
221 661 300 706 Ille
339 672 486 706 autem
508 664 733 723 quaerebat
753 663 895 708 facere
919 665 1041 724 quod
1070 665 1116 708 in
1143 674 1356 724 potestate
1384 682 1475 711 non

86 733 256 777 habuit.
287 733 450 793 Ziphaei
473 750 575 793 ergo
597 734 786 779 viderint
806 734 869 779 illi
891 735 966 795 qui
989 735 1152 779 fuerint
1172 756 1180 779 :
1213 752 1321 796 quos
1349 737 1474 783 nobis

87 803 282 850 Psalmus
311 820 363 848 ex
398 804 573 850 illorum.
605 806 830 852 occasione
855 806 1158 865 intelligendos
1193 808 1375 864 offerat,
1412 809 1476 854 vi-

86 874 280 923 deamus.

145 947 202 993 11.
230 944 272 989 Si
289 960 536 1005 quaeramus
557 961 659 1005 ergo
681 946 786 1006 quid
814 947 1156 1006 interpretentur
1180 948 1343 1007 Ziphaei
1360 984 1370 1004 ,
1404 949 1475 993 in-

84 1015 281 1062 venimus
304 1014 542 1060 Florentes.
560 1017 782 1062 Florcntes
801 1034 904 1077 ergo
919 1019 1062 1063 nescio
1079 1020 1155 1079 qui
1173 1019 1335 1064 inimici
1352 1029 1476 1065 erant

85 1096 234 1131 sancto
259 1086 418 1141 David,
444 1087 645 1132 florentes
669 1088 836 1132 latenti.
858 1090 1132 1134 Inveniamus
1156 1106 1230 1134 eos
1254 1091 1298 1133 in
1318 1107 1476 1149 genere

85 1157 303 1212 humano,
345 1157 378 1201 si
410 1157 630 1203 Psalmum
663 1158 904 1218 intelligere
932 1159 1149 1204 volumus.
1196 1161 1474 1206 Inveniamus

86 1228 156 1272 hic
178 1228 319 1288 primo
352 1227 490 1272 David
515 1228 723 1273 latentem
740 1265 750 1283 ,
776 1239 819 1273 et
848 1230 1117 1275 inveniemus
1145 1231 1183 1274 ei
1211 1230 1474 1276 adversarios

86 1299 304 1343 florentes.
330 1298 520 1343 Attende
544 1300 681 1345 David
697 1299 906 1344 latentem
933 1320 940 1345 :
974 1320 992 1342 «
1018 1301 1181 1346 Mortui
1206 1302 1320 1345 enim
1344 1302 1442 1347 estis
1459 1337 1470 1358 ,

89 1387 109 1411 >2
144 1369 250 1414 dicit
280 1368 513 1429 Apostolus
533 1405 543 1424 ,
570 1369 777 1414 membris
811 1370 996 1425 Christi,
1017 1381 1060 1415 et
1091 1372 1179 1416 vita
1209 1382 1348 1416 vestra
1371 1373 1472 1417 abs-

89 1459 109 1483 »
144 1439 320 1485 condita
347 1449 411 1484 est
447 1456 548 1485 cum
577 1441 749 1485 Christo
780 1441 825 1485 in
855 1443 991 1486 De01.
1012 1460 1032 1483 »
1061 1443 1135 1486 Isti
1161 1457 1262 1500 ergo
1290 1442 1474 1489 latentes

85 1511 263 1571 quando
295 1519 425 1555 erunt
445 1510 676 1556 florentes?
703 1514 856 1559 «Cum
883 1511 1106 1568 Christus,
1136 1513 1306 1573 inquit,
1336 1530 1473 1574 appa-

89 1599 108 1623 »
144 1581 279 1626 ruerit
299 1582 387 1627 vita
408 1590 548 1626 vestra
564 1616 576 1635 ,
614 1590 721 1626 tunc
743 1591 786 1626 et
812 1597 887 1626 vos
908 1598 1010 1628 cum
1036 1582 1113 1628 illo
1140 1584 1403 1643 apparebitis
1427 1583 1474 1630 in

87 1670 108 1694 »
145 1651 281 1711 gloria
294 1655 326 1695 2.
350 1670 371 1694 ³)
400 1651 585 1705 Quando
609 1661 738 1696 erunt
763 1653 831 1696 isti
863 1653 1088 1709 florentes,
1124 1663 1230 1703 tunc
1257 1665 1386 1700 erunt
1410 1656 1474 1700 illi

87 1723 250 1782 Ziphaei
272 1732 526 1767 arescentes.
553 1723 635 1768 Cui
657 1738 846 1783 namque
872 1723 967 1768 ssori
998 1723 1172 1769 illorum
1201 1735 1475 1785 comparetur

28 1816 30 1819 f
87 1792 244 1852 gloria,
272 1793 483 1837 attendite
506 1813 514 1837 ;
544 1812 563 1835 ‹<
588 1793 738 1837 Omnis
757 1810 856 1838 caro
880 1793 1049 1838 foenum
1067 1830 1077 1849 ,
1104 1804 1147 1839 et
1169 1798 1308 1840 omnis
1331 1797 1473 1842 honor

88 1881 108 1904 >›
144 1863 283 1907 carnis
315 1872 366 1906 ut
401 1863 479 1907 flos
513 1862 677 1906 foeni.»
707 1864 812 1916 Quis
840 1864 962 1909 finis?
994 1884 1013 1906 «
1040 1868 1226 1910 Foenum
1257 1866 1394 1922 aruit,
1431 1876 1476 1911 et

88 1951 109 1974 ))
145 1933 224 1977 flos
242 1932 418 1976 decidit.
439 1951 459 1974 »
480 1932 563 1977 Ubi
586 1941 691 1976 tunc
716 1934 798 1977 erit
815 1934 977 1978 David?
996 1935 1105 1978 Vide
1121 1935 1229 1995 quid
1247 1937 1444 1996 sequitur
1461 1956 1470 1982 ;

90 2023 110 2046 «
144 2003 340 2048 Verbum
363 2012 506 2047 autem
530 2003 703 2048 Domini
724 2013 872 2047 manet
892 2005 937 2048 in
955 2008 1210 2051 aeternum3.
1233 2026 1252 2048 n
1274 2007 1351 2052 Illa
1370 2024 1474 2066 ergo

86 2072 175 2117 duo
199 2088 355 2131 genera
367 2073 594 2117 hominum
618 2082 733 2127 sunt,
755 2089 854 2133 quae
877 2083 919 2118 et
936 2074 1201 2134 distinguere
1219 2076 1383 2121 debetis
1400 2112 1410 2132 ,
1433 2086 1477 2121 et

88 2159 240 2188 eorum
269 2143 454 2187 alterum
483 2143 653 2201 eligere.
682 2143 799 2196 Quid
820 2144 933 2188 enim
962 2145 1040 2188 tibi
1070 2146 1246 2205 prodest
1270 2162 1415 2202 nosse,
1441 2147 1476 2191 si

89 2215 245 2273 eligere
257 2215 376 2274 piger
391 2216 459 2258 es?
474 2217 530 2259 Et
547 2214 725 2275 quidem
743 2231 861 2259 nunc
879 2214 1067 2274 eligendi
1086 2227 1273 2276 potestas
1286 2219 1472 2278 adjacet:

89 2285 234 2330 veniet
255 2294 426 2344 tenipus
461 2284 638 2345 quando
659 2285 738 2329 tibi
766 2295 954 2344 potestas
977 2286 1115 2330 deerit
1144 2286 1350 2345 eligendi,
1377 2305 1478 2334 cum

86 2357 177 2416 jam
200 2359 313 2400 Deus
327 2355 583 2399 sententiam
599 2371 686 2399 non
702 2355 875 2399 differet
885 2355 1126 2415 judicandi.
1143 2358 1229 2409 Qui
1250 2368 1351 2403 sunt
1364 2360 1480 2404 enim

92 2426 296 2470 florentes
327 2426 397 2471 isti
435 2425 627 2484 Ziphaei,
657 2425 738 2469 nisi
770 2442 927 2486 corpus
950 2425 1060 2470 illud
1092 2429 1237 2472 Doe'ch
1269 2429 1478 2486 Idumaei,

93 2497 148 2542 de
175 2513 264 2558 quo
285 2499 378 2558 jam
406 2496 543 2541 locuti
578 2511 727 2541 sumus
758 2497 970 2541 Charitati
1003 2499 1166 2541 Vestrae
1196 2508 1295 2544 ante
1321 2516 1483 2561 paucos

142 2590 150 2606 ¹
177 2595 189 2615 1
212 2585 294 2626 Reg.
313 2594 402 2625 xxiv,
423 2581 488 2625 4-8.
505 2600 546 2606 --
566 2590 579 2606 ²
594 2582 712 2616 Coloss.
731 2592 781 2624 111,
802 2581 835 2623 3,
853 2581 886 2624 4.
912 2599 952 2606 -
969 2579 1068 2616 315ειῖ.
1096 2595 1148 2627 XL,
1166 2583 1237 2617 6-8.
