1841 3223
188 236 430 268 munuum
463 241 477 267 1
509 241 554 267 m
588 238 792 268 PSALMUM
823 239 1014 277 xxxvm,
1050 236 1176 265 θεῖοι.
1212 239 1242 265 1.
1342 223 1427 266 149

40 304 324 364 suspirantes,
350 303 425 349 sed
451 305 712 349 inhaerentes
740 305 824 361 illi,
862 305 932 350 cui
953 320 1089 365 usque
1110 304 1156 348 in
1173 303 1306 347 finem
1327 318 1424 348 sus-

38 375 302 434 piravimus,
338 385 381 420 et
407 375 453 419 in
484 390 558 435 spe
591 375 725 420 laetau
748 392 910 420 sumus.
938 379 989 420 In
1011 375 1084 419 ilia
1106 375 1218 418 enim
1251 373 1425 420 civitate
1474 366 1477 369 μ

38 446 224 502 erimus,
249 445 327 491 ubi
348 446 514 491 bonum
550 456 748 491 nostrum
771 450 884 491 Deus
907 456 996 501 est,
1022 446 1172 491 lumen
1193 449 1308 491 Deus
1331 454 1421 502 est,

36 517 158 576 panis
178 521 291 563 Deus
310 526 397 573 est,
423 517 511 563 vita
539 520 654 562 Deus
682 526 746 561 est
768 536 775 561 :
802 516 1019 577 quidquid
1041 526 1103 561 est
1130 517 1297 561 bonum
1319 531 1425 561 nos-

36 595 169 643 trum,
191 604 213 632 a
233 604 322 648 quo
334 588 658 648 peregrinantes
679 587 950 642 laboramus,
974 588 1019 630 in
1040 586 1115 631 illo
1134 587 1420 632 inveniemus.

37 662 88 702 In
106 659 181 703 illo
203 660 282 703 erit
310 660 453 720 quies,
489 675 620 720 quam
638 658 770 704 modo
793 658 1067 703 recordantes
1090 673 1261 703 necesse
1284 668 1348 703 est
1373 668 1425 704 ut

36 728 274 775 doleamus.
303 730 420 775 Illud
442 731 557 775 enim
579 730 808 776 sabbatum
823 730 1119 784 recordamur,
1140 730 1185 773 in
1208 730 1329 789 cujus
1352 745 1424 774 re-

34 801 285 846 cordatione
306 811 426 847 tanta
448 802 562 847 dicta
579 812 695 858 sunt,
719 812 761 847 et
778 818 855 847 nos
870 810 989 846 tanta
1012 801 1155 846 dicere
1176 801 1388 846 debemus
1406 835 1418 858 ‚

35 881 78 916 et
99 870 290 917 dicentes
307 888 536 934 nunquam
557 882 699 918 tacere
715 908 726 928 ‚
744 888 832 918 non
855 888 952 928 ore,
976 871 1050 917 sed
1068 870 1198 917 corde
1217 891 1225 917 :
1245 871 1346 932 quia
1360 871 1422 918 sic

34 958 108 988 ore
130 952 321 989 tacemus
335 979 347 1001 ,
372 953 422 990 ut
443 943 575 990 corde
596 944 781 989 clamare
803 945 1030 1006 possimus.

36 1102 674 1120 mmmmmxwmnnmmmmmwu
679 1103 745 1119 tu}
749 1104 1168 1121 ΊΝἋῑἋἘΝΊΜΝΛΝὮνὶΑΝωἜ
1175 1103 1310 1120 ἱἸΑἫὶΜὶ
1318 1102 1423 1119 mavum

486 1217 879 1267 ENARRATIO
917 1221 938 1266 Ι

350 1373 412 1412 ΙΝ
453 1373 755 1430 ΡεᾼιΜυΜ
799 1375 1081 1414 xxxvlu.

559 1515 736 1554 sunno
761 1517 819 1555 1¹.
837 1517 885 1565 (8)

89 1639 124 1681 Ι.
160 1641 324 1682 PsALMl
353 1639 482 1698 hujus
499 1641 532 1695 ²,
565 1655 698 1700 quem
725 1639 858 1686 modo
892 1641 1181 1697 cantavimus⁷
1227 1650 1270 1685 ct
1309 1650 1418 1687 trac-

28 1708 211 1753 tandum
232 1709 523 1768 suscepimus,
545 1709 698 1754 titulus
723 1721 786 1756 est
813 1731 821 1756 :
847 1730 866 1752 α
883 1714 935 1755 In
953 1712 1084 1755 finem
1106 1727 1185 1771 pro
1208 1712 1414 1768 Idimum,

31 1797 51 1820 »
86 1779 315 1823 Canticum
352 1779 434 1839 ipsi
464 1779 679 1824 David³.>›
711 1781 948 1841 Cujusdam
972 1797 1095 1839 ergo⁷
1131 1783 1207 1842 qui
1235 1792 1418 1827 vocatur

28 1847 231 1903 Idsthun,
256 1864 383 1893 voces
408 1848 686 1908 expectandae
712 1860 755 1894 et
787 1849 1015 1895 audiendae
1048 1861 1149 1896 sunt
1171 1871 1180 1897 ;
1205 1862 1248 1896 et
1270 1852 1302 1896 si
1327 1868 1416 1897 esse

27 1919 327 1980 unusquisque
345 1928 544 1963 nostrum
564 1921 755 1980 potuerit
781 1921 963 1966 Idithun
982 1957 993 1978 ,
1018 1923 1064 1967 in
1086 1938 1137 1967 eo
1159 1922 1281 1983 quod
1307 1939 1416 1968 can-

26 1998 90 2034 tat
109 1989 275 2034 invenit
296 2005 339 2033 se
353 2025 364 2044 ‚
389 1999 432 2034 et
449 1989 571 2034 audit
593 2007 651 2035 se.
674 1991 842 2036 Videris
860 1993 975 2036 enim
1000 1993 1094 2053 quis
1115 2004 1293 2039 vocatus
1316 1993 1417 2039 sue—

25 2060 81 2104 rit
106 2059 287 2104 Idithun
308 2061 548 2104 secundum
569 2062 798 2106 hominum
828 2063 1010 2123 priscam
1028 2065 1296 2109 nativitatem
1314 2085 1322 2111 :
1340 2081 1418 2110 nos

26 2139 171 2174 autem
192 2129 418 2174 audiamus
436 2131 544 2191 quid
565 2131 877 2192 interpretetur
894 2134 978 2178 hoc
996 2149 1155 2178 nomen
1171 2170 1181 2190 ‚
1201 2135 1305 2179 etin
1324 2135 1417 2194 ipsa

24 2200 381 2260 interpretatione
412 2201 600 2246 nominis
622 2218 870 2262 quaeramus
899 2203 1234 2263 intelligentiam
1256 2205 1419 2250 verita-

25 2271 93 2315 tis.
121 2271 241 2316 Sicut
263 2286 364 2330 ergo
385 2271 653 2332 inquirentes
673 2273 863 2332 reperire
886 2274 1106 2334 potuimus
1128 2276 1173 2319 in
1197 2276 1254 2320 eis
1271 2276 1416 2321 nomi-

25 2341 182 2396 nibus,
215 2358 314 2402 quae
347 2342 474 2386 nobis
514 2359 539 2387 a
569 2342 773 2388 studiosis
804 2344 1070 2389 Litterarum
1094 2346 1339 2391 divinarum
1365 2363 1416 2392 ex

25 2412 202 2458 hebraeo
225 2411 399 2473 eloquio
421 2413 467 2457 in
483 2412 668 2458 latinum
692 2413 973 2475 interpretata
991 2425 1117 2472 sunt,
1142 2415 1323 2462 Idithun
1344 2418 1416 2462 in—

73 2525 84 2543 ¹
105 2520 216 2552 Sermo
232 2518 359 2552 habitus
379 2520 568 2563 Carthagine
586 2521 627 2553 ad
644 2532 786 2554 mensam
801 2524 832 2554 S.
852 2522 1011 2566 Cypriani.
1037 2541 1075 2547 —
1088 2529 1101 2548 ²
1117 2523 1197 2560 Vide
1214 2527 1252 2558 D.
1273 2525 1412 2568 Guillon‚

27 2578 106 2608 tom.
122 2586 188 2618 xxi,
206 2585 277 2618 pag.
298 2574 463 2619 463-464.
479 2593 521 2600 -
539 2574 552 2600 3
567 2576 648 2610 psal.
665 2587 804 2618 xxxviii,
829 2589 856 2610 ι,
