1841 3223
294 233 378 272 570
809 240 1148 271 Anno-rancum.

687 397 931 429 ΑΝΝοΤΑΤιο
960 385 1023 441 (8)
1052 396 1152 444 pag.
1180 386 1280 429 149.

351 545 437 588 Iste
461 544 612 588 Sermo
633 541 678 587 in
700 541 840 588 tribus
863 543 1172 603 manuscriptis
1194 551 1465 603 praenotatur
1490 541 1687 593 habitus

296 611 601 677 Carthagine
639 610 711 657 ad
739 613 937 658 missam
970 612 1022 659 S.
1070 612 1321 673 Cypriani.
1357 612 1442 659 Sed
1461 614 1604 659 verius
1640 615 1686 660 in

291 684 411 738 aliis,
449 682 522 728 acl
549 698 791 739 mensam,
827 692 1017 728 erectam
1051 682 1253 729 videlicet
1285 683 1332 728 in
1363 684 1457 745 ipso
1488 684 1585 729 loco
1607 685 1685 732 ubi

289 755 534 817 Cyprianus
552 770 702 817 passus
723 753 881 800 fuerat.
908 753 1019 799 Vide
1040 755 1374 805 Enarrationem
1397 755 1442 800 in
1464 754 1684 801 Psalmum

291 844 409 872 Lxxx
426 862 441 882 ,
466 843 510 872 n.
538 830 580 871 4.

694 986 939 1019 ΑΝΝοΤΑΤιο
960 975 1023 1032 (9)
1040 986 1140 1034 pag.
1169 977 1270 1017 177.

350 1130 654 1187 Domnaedius‚
674 1131 764 1179 sive
786 1129 1076 1179 dominaedius
1095 1129 1254 1178 dieitur
1276 1129 1439 1178 aedium
1461 1130 1682 1189 dominus,

289 1212 664 1265 opponunturque
693 1203 882 1250 invicem
904 1203 1180 1253 Domnaedius
1213 1212 1257 1248 et
1277 1202 1532 1263 inquilinus,
1571 1205 1683 1250 Hinc

289 1275 498 1321 Paulinus
520 1274 715 1322 Nolanus
737 1274 929 1321 Felicem
950 1284 1189 1334 martyrem
1220 1275 1522 1320 domnaedium
1555 1291 1684 1326 suum

289 1347 473 1403 vocitat,
494 1355 538 1392 et
557 1346 604 1392 in
619 1345 827 1391 eumdem
843 1344 986 1391 Natali
1009 1345 1193 1407 septima
1213 1346 1331 1391 canit
1355 1365 1364 1391 ε

350 1439 490 1487 Nam
511 1438 632 1499 qaid
644 1440 863 1500 potiusve
881 1438 1074 1498 priusve
1094 1436 1369 1484 canendum

356 1509 394 1557 S
396 1510 634 1570 uscipiam
654 1507 837 1555 Felicis
857 1524 999 1569 opaS‚
1023 1525 1173 1568 quam
1192 1507 1326 1568 quod
1339 1506 1459 1555 mila·
1473 1511 1610 1556 tectis

352 1581 469 1642 Ipse
489 1583 608 1628 meis
623 1616 635 1635 ‚
656 1579 828 1640 quibus
845 1589 916 1626 est
936 1578 1065 1627 idem
1081 1579 1402 1639 domnoedius,
1422 1583 1535 1644 egit.

676 1733 921 1765 Annorum
941 1720 1034 1777 (10)
1051 1733 1152 1779 pag.
1179 1726 1198 1763 1
1207 1725 1279 1764 91.

352 1878 597 1941 Aurigam
615 1878 834 1924 vocabant
853 1913 865 1935 ‚
891 1878 968 1939 qui
989 1877 1162 1924 curules
1185 1893 1320 1940 equos
1342 1879 1387 1922 in
1413 1877 1542 1924 Circo
1564 1893 1688 1939 rege-

295 1950 372 1994 bat
398 1959 442 1994 et
468 1949 675 2008 agitabat.
702 1952 754 1993 In
776 1948 944 2008 aurigas
960 1984 971 2005 ,
996 1949 1086 1994 sive
1115 1950 1225 2009 (qui
1248 1948 1380 1993 iidem
1397 1952 1530 2008 sunt)
1547 1949 1687 2009 agita-

294 2030 408 2066 tores
424 2056 435 2077 ,
470 2030 587 2066 extat
613 2019 797 2066 Concilii
828 2020 1089 2069 Arelatensis
1115 2021 1268 2082 primi,
1293 2036 1390 2067 can.
1417 2025 1443 2066 4
1465 2030 1510 2067 et
1531 2020 1686 2067 Arela-

296 2093 427 2138 tensis
448 2092 699 2148 undecimi,
723 2107 820 2137 can.
848 2098 920 2137 20.

682 2246 926 2277 Annorum
947 2232 1041 2290 (11)
1061 2246 1161 2292 pag.
1191 2237 1289 2276 192.

352 2383 546 2427 Venator
565 2381 636 2427 hic
660 2380 743 2427 loci
773 2389 858 2436 est,
884 2380 1082 2441 quicum
1103 2379 1250 2425 bestiis
1276 2379 1322 2424 in
1344 2393 1474 2424 arena
1495 2392 1685 2437 congre-

297 2451 516 2498 diebatur.
