1841 3223
377 184 458 222 388
798 191 831 219 S.
868 190 1097 219 Aee-esum
1130 191 1310 217 EPISCOPI

379 259 565 304 Domino
604 265 750 316 aperte
785 255 956 300 dicente
986 275 994 300 ;
1022 275 1041 297 «
1071 255 1152 299 Ubi
1182 264 1246 299 est
1268 255 1495 298 thesaurus
1523 262 1643 308 tuus,
1669 252 1755 297 illie

375 348 396 371 »
423 343 549 373 eteor
572 337 695 371 tuum
722 327 846 371 crit1.
884 345 904 367 »

428 403 509 443 IlI.
534 399 608 443 Isti
636 414 738 458 ergo
766 398 925 458 quibus
947 413 1062 442 mors
1087 406 1231 457 pastor
1254 405 1341 451 est,
1377 394 1581 440 videntur
1603 395 1756 439 florere

369 470 426 515 ad
447 479 642 529 tempus,
683 479 726 513 et
748 469 854 529 justi
885 468 1083 512 laborare
1108 483 1116 509 :
1150 466 1224 512 sed
1255 467 1415 526 quare?
1443 466 1555 518 Quia
1582 480 1668 509 nox
1693 474 1758 510 est

369 540 528 585 adhue.
550 540 664 593 Quid
685 549 772 595 est,
797 555 883 584 nox
905 541 994 584 est?
1010 542 1107 584 Non
1130 545 1339 597 apparent
1360 536 1754 596 meritajustorum,

367 620 411 655 et
438 611 560 672 quasi
592 611 843 655 nominatur
875 610 1057 654 felicitas
1094 609 1344 668 impiorum.
1382 607 1552 651 Tandiu
1582 606 1756 651 videtur

365 683 503 727 herba
549 681 690 726 laetior
720 696 852 741 quam
891 681 1042 735 arbor,
1079 678 1277 739 quandiu
1307 679 1459 736 hyems
1494 686 1571 721 est.
1611 677 1757 723 Herba

365 753 482 797 enim
503 768 580 812 per
600 753 804 810 hyemem
834 751 951 809 viget
967 785 977 804 ‚
1003 751 1132 793 arbor
1161 764 1239 808 per
1260 749 1464 805 hyemem
1487 747 1609 808 quasi
1637 747 1756 792 arida

364 833 429 868 est
450 843 459 868 2
484 838 585 868 cum
605 822 668 867 sol
682 822 831 866 exierit
850 820 1087 865 ferventior
1101 829 1295 879 tempore
1312 819 1486 873 testatis,
1507 818 1635 863 arbor
1657 834 1756 878 quae

363 911 442 956 per
472 895 677 952 hyemem
723 892 842 937 arida
882 891 1140 947 videbatur,
1180 890 1378 950 expletur
1412 889 1546 945 foliis,
1590 889 1756 949 profert

364 966 533 1012 fruetus
551 1001 561 1021 ‚
589 965 725 1009 herba
749 973 894 1008 autem
918 964 1070 1007 arescit
1096 983 1104 1008 :
1130 962 1297 1007 videbis
1320 962 1529 1006 honorem
1561 962 1725 1006 arboris
1741 996 1751 1015 ,

364 1038 502 1082 herba
524 1035 643 1080 arida
676 1044 753 1079 est.
789 1035 857 1080 Sic
884 1044 926 1078 et
960 1033 1092 1077 modo
1117 1034 1223 1093 justi
1259 1033 1488 1087 laborant,
1523 1041 1756 1092 antequam

364 1108 512 1154 veniat
538 1116 676 1151 aestas.
708 1109 784 1150 Est
812 1105 899 1149 vita
934 1105 980 1148 in
1012 1104 1178 1159 radice,
1202 1102 1401 1148 nondum
1422 1112 1599 1162 apparet
1626 1103 1669 1146 in
1694 1118 1758 1146 ra-

366 1179 461 1223 mis.
486 1177 626 1222 Radix
649 1186 793 1221 autem
817 1185 963 1220 nostra
985 1176 1170 1219 charitas
1204 1183 1281 1219 est.
1316 1177 1373 1219 Et
1404 1173 1509 1235 quid
1536 1175 1594 1218 ait
1621 1177 1758 1233 Apos-

367 1249 514 1295 tolus?
553 1251 609 1293 Ut
650 1263 820 1292 sursum
859 1246 1095 1291 debeamus
1131 1246 1293 1290 habere
1325 1246 1512 1290 radicem
1534 1281 1545 1301 ,
1587 1254 1636 1288 ut
1669 1245 1755 1289 vita

365 1322 420 1366 sit
437 1329 583 1380 pastor
604 1328 771 1373 noster,
789 1317 892 1377 quia
914 1317 1125 1361 habitatio
1139 1326 1282 1361 nostra
1304 1332 1393 1360 non
1411 1316 1544 1360 debet
1557 1315 1756 1359 recedere

368 1391 422 1435 de
440 1390 574 1445 coelo,
600 1389 704 1449 quia
726 1389 771 1432 in
790 1389 871 1432 hae
906 1397 1017 1431 terra
1045 1387 1255 1431 debemus
1278 1387 1389 1431 sieut
1409 1387 1569 1431 mortui
1600 1386 1757 1430 ambu-

369 1462 457 1506 lare
484 1480 493 1505 z
517 1470 566 1505 ut
582 1476 710 1519 supra
728 1459 921 1503 viventes
937 1493 947 1513 ,
969 1456 1081 1502 infra
1098 1457 1259 1501 mortui
1277 1458 1430 1516 simus3
1447 1473 1537 1502 non
1557 1466 1608 1500 ut
1628 1472 1757 1517 supra

366 1531 553 1585 mortui,
588 1529 699 1574 infra
741 1529 952 1574 vivamus.
988 1529 1098 1581 Quia
1131 1544 1234 1587 ergo
1271 1544 1361 1573 non
1398 1528 1531 1572 debet
1557 1527 1758 1572 recedere

365 1603 453 1647 vita
477 1610 625 1645 nostra
648 1610 692 1644 et
713 1615 787 1644 eor
809 1609 1006 1644 nostrum
1038 1600 1243 1659 desuper,
1270 1600 1378 1660 quid
1420 1600 1478 1644 ait
1499 1598 1758 1658 Apostolus?

370 1693 391 1715 «
415 1673 577 1718 Mortui
608 1671 724 1715 enim
748 1671 862 1714 estis.
892 1689 912 1711 »
933 1673 990 1714 Et
1011 1686 1065 1714 ne
1088 1671 1258 1713 timeres
1273 1705 1283 1725 ,
1315 1689 1334 1711 α
1360 1670 1458 1714 Vita
1485 1679 1625 1714 vestra
1659 1669 1759 1714 abs-

368 1761 390 1785 »
413 1743 588 1788 condita
606 1751 694 1797 est,
737 1741 822 1795 ait,
849 1756 950 1785 eum
979 1740 1151 1785 Christo
1182 1740 1228 1784 in
1262 1744 1366 1784 Deo.
1391 1759 1410 1782 »
1438 1744 1551 1785 Eece
1582 1740 1660 1784 uhi
1694 1749 1758 1785 est

366 1813 487 1859 radix
507 1822 669 1858 nostra.
696 1811 883 1865 Quando
897 1821 1043 1855 autem
1065 1811 1291 1871 apparebit
1312 1811 1454 1855 honor
1471 1820 1638 1866 noster,
1660 1820 1760 1855 tan-

364 1899 500 1944 quam
530 1884 576 1927 in
607 1882 720 1927 foliis
753 1891 796 1924 et
832 1881 1073 1935 fructibus,
1109 1881 1307 1939 sequitur
1330 1890 1372 1924 et
1414 1879 1549 1925 dicit:
1588 1900 1608 1922 «
1642 1883 1754 1925 Cum

369 1974 391 1998 »
417 1954 615 2000 Christus
646 1951 895 2011 apparuerit
926 1950 1014 1994 vita
1036 1959 1200 2005 vestra,
1242 1960 1346 1994 tune
1381 1960 1424 1994 et
1443 1966 1518 1995 vos
1545 1966 1645 1994 eum
1681 1950 1756 1995 illo

370 2044 391 2068 >›
418 2023 678 2085 apparebitis
688 2023 733 2065 in
752 2021 928 2080 gloria2.
951 2023 1043 2064 »Et
1066 2021 1145 2064 erit
1163 2036 1304 2064 mane.
1322 2020 1575 2066 Nammodo
1593 2031 1756 2066 nonest

365 2110 510 2140 mane.
530 2097 745 2138 Tumeant
757 2090 887 2136 modo
901 2091 1075 2150 superbi
1088 2100 1128 2134 et
1145 2091 1298 2135 divites
1311 2091 1439 2151 hujus
1451 2090 1613 2146 smalh,
1635 2091 1759 2151 impii

365 2166 492 2212 bonis
508 2163 740 2218 insultent,
767 2160 964 2206 infideles
987 2160 1212 2216 fidelibus,
1233 2171 1276 2205 et
1293 2161 1442 2205 dicant
1460 2180 1468 2206 z
1496 2160 1611 2214 Quid
1632 2161 1756 2206 vobis

365 2237 547 2297 prodest
569 2234 670 2295 quia
685 2231 926 2277 credidistis
939 2234 956 2272 ἱ)
968 2231 1075 2291 quid
1092 2230 1188 2290 plus
1201 2231 1369 2275 habetis
1386 2267 1396 2287 ‚
1413 2232 1515 2292 quia
1533 2232 1757 2277 Christum

364 2308 566 2352 habetis?
595 2303 902 2365 Respondeant
924 2301 1098 2356 fideles,
1125 2303 1158 2346 si
1187 2318 1285 2346 vere
1314 2302 1462 2347 fideles
1484 2312 1586 2347 sunt
1608 2323 1616 2348 :
1660 2306 1755 2349 Nox

366 2387 452 2433 est,
479 2376 677 2421 nondum
698 2374 871 2420 videtur
893 2371 1013 2434 quod
1047 2381 1257 2417 tenemus.
1283 2376 1380 2419 Non
1409 2374 1634 2434 quieseant
1662 2390 1756 2419 ma-

368 2464 451 2493 nus
467 2448 513 2491 in
529 2446 655 2491 bonis
675 2444 893 2506 operibus.
922 2442 1045 2488 Unde
1068 2442 1171 2488 alibi
1193 2443 1380 2488 dieitur:
1405 2462 1425 2486 «
1447 2447 1498 2489 ln
1519 2443 1589 2489 die
1611 2445 1753 2489 tribu-

419 2540 428 2557 ¹
450 2532 564 2566 Maith.
581 2544 625 2574 w,
644 2542 698 2564 21.
716 2548 757 2554 —
774 2538 786 2554 2
807 2530 929 2564 Coloss.
944 2540 990 2571 111,
1010 2529 1041 2571 3,
1058 2528 1090 2571 4.
