1841 3223
335 246 577 273 ENARRATIO
608 248 652 273 m
687 246 890 274 PsAmrmt
921 248 1040 273 xmx.
1333 234 1417 273 419

37 324 198 353 nomen
219 309 442 354 electionis
474 321 537 355 est
560 330 568 355 ;
598 331 618 353 «
647 314 744 355 Non
765 312 1009 360 vocaberis,
1045 310 1132 365 ait,
1158 310 1294 354 Jacob
1311 346 1322 365 ,
1346 309 1444 354 sed.

40 397 61 420 »
95 379 318 423 vocaberis
343 379 514 423 lsrael&
546 402 563 421 »
589 384 703 438 Ergo
726 380 828 424 audi
845 381 955 424 sicut
979 383 1123 434 Israel,
1141 380 1252 424 sicut
1271 379 1422 424 videns

37 452 201 506 Deum,
221 450 300 493 etsi
314 450 512 494 nondum
534 450 692 509 specie,
713 449 789 493 sed
805 451 896 509 jam
917 449 1018 494 fide.
1045 452 1138 494 Hoc
1156 450 1270 493 enim
1292 450 1424 494 inter-

37 528 233 579 pretatur
251 519 397 575 Israel,
419 518 582 563 videns
594 522 747 563 Deum.
771 538 790 561 «
805 520 889 572 Qui
902 520 1035 563 habet
1052 536 1175 564 aures
1197 519 1419 576 audiendi,

40 607 61 631 »
97 589 306 648 andjat23
333 599 377 634 et
408 589 485 649 qui
518 589 653 634 habet
685 589 835 634 oculos
868 589 1072 645 videndi,
1108 591 1268 635 videat.
1306 590 1424 635 Audi

41 677 62 701 »
97 659 253 714 Israel,
273 668 318 703 et
342 659 607 703 testificabor
627 660 722 703 tibi.
751 679 770 700 »
791 659 922 712 Quod
937 676 1106 703 sursum
1128 660 1263 715 dixit,
1294 680 1314 702 «
1340 664 1425 705 Po-

41 748 61 772 »
96 729 226 789 pulus
247 746 396 788 meus,
424 749 444 771 »
469 731 554 774 hoc
574 731 619 774 in
641 731 941 790 consequenti,
963 750 984 772 «
1006 730 1136 774 Israel
1163 750 1171 775 z
1195 750 1215 772 »
1240 740 1283 775 et
1304 730 1426 791 quod

38 798 146 844 dixit
163 816 332 845 sursum
351 837 362 854 ,
388 803 563 861 Loquar
580 800 661 844 tibi
682 822 693 858 3
723 821 741 842 »
764 801 846 845 hoc
866 801 912 844 in
935 801 1246 861 consequenti,
1276 821 1296 842 «
1325 805 1427 845 Tes-

41 888 63 913 »
97 870 296 915 tificabor
316 871 413 914 tibi.
434 889 453 912 »
479 872 564 925 Qui
585 870 793 932 loquetur
815 872 1026 915 Dominus
1044 874 1159 915 Deus
1182 881 1328 916 noster
1350 888 1427 929 po-

39 940 144 1000 pulo
176 943 294 986 suo?
322 941 469 986 Israeli
506 958 582 986 suo
618 941 725 1002 quid
765 942 1107 986 testificabitur?
1143 942 1386 986 Audiamus
1415 963 1424 988 :

44 1031 64 1053 κ
89 1014 219 1067 Deus,
239 1015 354 1056 Deus
376 1022 478 1056 tuus
498 1027 577 1070 ego
599 1028 710 1056 sum.
733 1033 749 1053 »
765 1015 880 1056 Deus
901 1028 982 1071 ego
1004 1028 1117 1067 sum,
1133 1022 1176 1056 et
1193 1016 1307 1057 Deus
1329 1023 1428 1057 tuus

40 1097 150 1125 sum.
168 1081 401 1135 Quomodo
414 1085 560 1126 «Deus
578 1097 656 1140 ego
677 1084 801 1126 sum?
820 1100 838 1123 »
857 1083 976 1127 Sicut
993 1083 1134 1140 Moysi
1157 1082 1325 1127 dictum
1341 1093 1426 1127 est:

45 1170 66 1194 c<
85 1154 180 1211 Ego
202 1168 298 1196 sum
319 1153 396 1213 qui
417 1154 555 1196 sumss.
571 1152 836 1205 »Quomodo
853 1172 873 1195 «
897 1156 1012 1197 Deus
1032 1162 1132 1196 tuus
1151 1154 1278 1197 sum?
1304 1171 1322 1193 »
1336 1155 1430 1212 Ego

41 1238 138 1268 sum
165 1227 282 1269 Deus
308 1224 552 1279 Abraham,
577 1233 620 1267 et
642 1227 755 1268 Deus
773 1227 891 1268 Isaac
909 1260 920 1279 ,
942 1234 984 1268 et
1009 1227 1123 1268 Deus
1145 1225 1297 1268 Jacob.
1326 1227 1432 1268 Sum

41 1296 183 1350 Deus,
209 1304 252 1339 et
272 1304 373 1339 tuus
402 1309 499 1339 sum
523 1297 636 1338 Deus
658 1314 667 1339 ε
693 1303 735 1339 et
767 1295 801 1338 si
824 1303 926 1338 tuus
948 1311 1037 1339 non
1063 1295 1142 1339 sim
1165 1298 1279 1339 Deus
1299 1331 1309 1350 ,
1335 1310 1433 1344 sum

42 1367 318 1409 Deus.·Bono
338 1381 438 1410 meo
459 1380 555 1410 sum
567 1368 698 1420 Deus,
715 1364 830 1409 malo
853 1374 930 1409 tuo
948 1381 1038 1409 non
1064 1381 1162 1410 sum
1180 1369 1294 1410 Deus
1313 1375 1428 1409 tuus.

44 1436 220 1480 Etenim
244 1455 265 1478 «
287 1439 403 1480 Deus
428 1444 530 1480 tuus
546 1471 557 1492 ,
585 1454 605 1477 n
632 1436 672 1480 ei
704 1436 878 1496 proprie
901 1435 1061 1479 dicitur
1088 1451 1221 1495 quem
1242 1434 1432 1480 familia-

44 1506 132 1550 rius
153 1506 290 1551 habet
318 1509 434 1551 Deus
450 1541 461 1562 ,
485 1515 695 1566 tanquam
716 1507 763 1549 in
782 1505 1001 1565 mancipio
1029 1521 1108 1550 suo
1125 1541 1135 1561 ,
1155 1515 1366 1566 tanquam
1386 1507 1433 1551 in

43 1576 217 1636 peculio
233 1592 328 1621 suo.
357 1596 378 1619 «
403 1579 518 1621 Deus
534 1611 545 1631 ,
571 1579 685 1620 Deus
706 1585 808 1631 tuus
832 1591 929 1620 sum
951 1592 1049 1635 ego.
1076 1595 1096 1618 n
1123 1577 1240 1630 Quid
1260 1577 1324 1622 vis
1341 1593 1434 1620 am-

42 1648 188 1707 plius?
209 1648 445 1693 Praemium
468 1648 626 1708 quaeris
648 1664 672 1691 a
693 1651 806 1702 Deo,
828 1657 880 1691 ut
905 1646 1071 1708 aliquid
1092 1648 1171 1692 tibi
1194 1647 1269 1693 det
1290 1652 1404 1693 Deus
1417 1683 1430 1704 ,

42 1727 94 1763 ut
118 1719 238 1779 quod
258 1719 338 1764 tibi
360 1718 529 1762 dederit
549 1728 677 1763 tuum
701 1718 785 1762 sit?
807 1721 922 1763 Ecce
943 1718 1034 1778 ipse
1055 1725 1164 1763 Deus
1182 1720 1259 1779 qui
1281 1718 1429 1773 dabit,

27 1798 146 1834 *tuus
167 1799 246 1834 est.
272 1790 390 1843 Quid
417 1805 469 1834 eo
496 1788 656 1833 ditius?
686 1793 809 1833 Dona
846 1790 1071 1849 quaerebas
1087 1824 1098 1844 ,
1127 1790 1270 1849 ipsum
1291 1789 1432 1835 dona—

42 1869 182 1906 torem
201 1860 354 1905 habes.
384 1879 405 1902 ι(
429 1863 543 1904 Deus
557 1894 571 1915 ,
591 1862 705 1903 Deus
722 1868 825 1903 tuus
845 1875 926 1919 cgo
950 1874 1062 1903 sum.
1090 1877 1111 1901 »

101 1943 198 1986 XV.
219 1941 333 1996 Quid
352 1941 510 2002 quaerit
532 1941 585 1986 ab
606 1941 806 1996 homine,
830 1940 1055 1985 videamus
1074 1961 1084 1998 3
1116 1944 1230 1985 Deus
1250 1951 1397 1986 noster
1416 1978 1427 1997 ,

43 2012 277 2072 imperator
299 2022 342 2057 et
361 2028 437 2056 rex
450 2021 618 2067 noster,
639 2010 762 2072 quod
780 2011 966 2071 vectigal
983 2011 1108 2056 nobis
1125 2011 1299 2070 indicit,
1323 2029 1434 2073 quo·

44 2082 162 2127 niam
181 2081 322 2127 voluit
337 2097 426 2126 esse
448 2098 524 2126 rex
544 2091 711 2137 noster,
737 2091 780 2126 et
795 2080 936 2126 voluit
952 2098 1030 2126 uos
1052 2097 1142 2126 esse
1162 2083 1431 2142 provinciam

45 2155 198 2197 suam?
232 2152 471 2197 Audiamus
502 2152 759 2197 indictiones
790 2154 896 2213 ejus.
922 2156 1020 2198 Non
1048 2153 1238 2213 trepidet
1265 2169 1431 2214 pauper

44 2223 127 2268 sub
147 2223 386 2268 indictione
404 2223 482 2268 Dei
503 2243 512 2268 ;
537 2223 658 2284 quod
678 2223 760 2267 sibi
777 2226 890 2268 Deus
905 2222 999 2267 dari
1019 2223 1188 2280 indicit,
1204 2224 1295 2283 ipse
1311 2225 1430 2283 prius

45 2293 180 2338 donat
203 2294 280 2354 qui
299 2293 452 2338 indicit
479 2314 488 2338 ε
518 2309 594 2338 vos
626 2303 798 2338 tantum
826 2292 972 2338 devoti
999 2303 1149 2338 estote.
1180 2297 1279 2339 Non
1304 2295 1432 2352 exigit

44 2367 160 2409 Deus
181 2363 303 2425 quod
318 2380 408 2409 non
424 2363 570 2420 dedit,
596 2374 640 2409 et
655 2365 857 2409 omnibus
879 2364 1000 2408 dedit
1018 2364 1138 2425 quod
1148 2365 1294 2423 exigit.
1313 2364 1430 2418 Quid

44 2435 161 2479 enim
180 2434 342 2494 exigit?
361 2434 602 2480 Audiamus
617 2436 708 2495 jam
741 2454 751 2480 2
779 2454 799 2477 «
830 2437 930 2480 Non
966 2450 1096 2495 super
1123 2435 1329 2480 sacrificia
1354 2445 1431 2481 tua

92 2547 102 2565 ¹
121 2542 201 2574 Gen.
221 2550 320 2583 xxm,
336 2542 392 2574 28.
416 2557 459 2564 —
482 2547 495 2564 ²
509 2540 622 2574 Matth.
645 2551 692 2582 xl,
714 2540 766 2572 15.
783 2556 824 2563 -
843 2537 857 2563 3
876 2540 976 2573 Exod.
996 2551 1043 2584 m,
1065 2539 1118 2584 14.

1151 2608 1217 2647 27.
