<?xml version="1.0" encoding="UTF-8"?>
<!DOCTYPE html PUBLIC "-//W3C//DTD XHTML 1.0 Transitional//EN"
    "http://www.w3.org/TR/xhtml1/DTD/xhtml1-transitional.dtd">
<html xmlns="http://www.w3.org/1999/xhtml" xml:lang="en" lang="en">
 <head>
  <title>
</title>
<meta http-equiv="Content-Type" content="text/html;charset=utf-8" />
  <meta name='ocr-system' content='tesseract 3.04.00' />
  <meta name='ocr-capabilities' content='ocr_page ocr_carea ocr_par ocr_line ocrx_word'/>
</head>
<body>
  <div class='ocr_page' id='page_1' title='image "./operaomniaaccura08auguuoft_0458.png"; bbox 0 0 1841 3223; ppageno 0'>
   <div class='ocr_carea' id='block_1_1' title="bbox 408 182 1373 222">
    <p class='ocr_par' dir='ltr' id='par_1_1' title="bbox 408 182 1373 222">
     <span class='ocr_line' id='line_1_1' title="bbox 408 182 1373 222; baseline -0.002 0"><span class='ocrx_word' id='word_1_1' title='bbox 408 182 493 222; x_wconf 76' lang='lat'>444</span> <span class='ocrx_word' id='word_1_2' title='bbox 859 195 890 219; x_wconf 91' lang='lat' dir='ltr'>s.</span> <span class='ocrx_word' id='word_1_3' title='bbox 930 192 1158 219; x_wconf 75' lang='lat' dir='ltr'>AUGUSTINI</span> <span class='ocrx_word' id='word_1_4' title='bbox 1192 193 1373 220; x_wconf 70' lang='lat' dir='ltr'>nmscopr</span> 
     </span>
    </p>
   </div>
   <div class='ocr_carea' id='block_1_2' title="bbox 407 257 1829 2518">
    <p class='ocr_par' dir='ltr' id='par_1_2' title="bbox 407 257 1829 2518">
     <span class='ocr_line' id='line_1_2' title="bbox 409 257 1800 318; baseline 0.002 -16"><span class='ocrx_word' id='word_1_5' title='bbox 409 280 429 303; x_wconf 87' lang='lat'>«</span> <span class='ocrx_word' id='word_1_6' title='bbox 446 263 496 304; x_wconf 86' lang='lat' dir='ltr'>In</span> <span class='ocrx_word' id='word_1_7' title='bbox 512 258 739 312; x_wconf 82' lang='lat' dir='ltr'>adulterio,</span> <span class='ocrx_word' id='word_1_8' title='bbox 760 257 982 318; x_wconf 80' lang='lat' dir='ltr'>inquiunt,</span> <span class='ocrx_word' id='word_1_9' title='bbox 1002 258 1095 302; x_wconf 79' lang='lat' dir='ltr'>hacc</span> <span class='ocrx_word' id='word_1_10' title='bbox 1112 257 1265 301; x_wconf 86' lang='lat' dir='ltr'>mulier</span> <span class='ocrx_word' id='word_1_11' title='bbox 1282 257 1550 318; x_wconf 88' lang='lat' dir='ltr'>deprehensa</span> <span class='ocrx_word' id='word_1_12' title='bbox 1571 268 1635 304; x_wconf 86' lang='lat' dir='ltr'>est</span> <span class='ocrx_word' id='word_1_13' title='bbox 1653 279 1661 305; x_wconf 91' lang='lat'><strong>:</strong></span> <span class='ocrx_word' id='word_1_14' title='bbox 1678 261 1800 317; x_wconf 78' lang='lat' dir='ltr'>Moy-</span> 
     </span>
     <span class='ocr_line' id='line_1_3' title="bbox 410 328 1795 390; baseline 0 -19"><span class='ocrx_word' id='word_1_15' title='bbox 410 350 429 371; x_wconf 87' lang='lat'>»</span> <span class='ocrx_word' id='word_1_16' title='bbox 456 346 519 373; x_wconf 86' lang='lat' dir='ltr'>ses</span> <span class='ocrx_word' id='word_1_17' title='bbox 541 328 791 389; x_wconf 78' lang='lat' dir='ltr'>hujusmodi</span> <span class='ocrx_word' id='word_1_18' title='bbox 814 328 995 388; x_wconf 80' lang='lat' dir='ltr'>lapidari</span> <span class='ocrx_word' id='word_1_19' title='bbox 1013 328 1167 388; x_wconf 66' lang='lat' dir='ltr'>jussit,</span> <span class='ocrx_word' id='word_1_20' title='bbox 1190 337 1237 372; x_wconf 90' lang='lat' dir='ltr'>tu</span> <span class='ocrx_word' id='word_1_21' title='bbox 1259 328 1313 372; x_wconf 89' lang='lat' dir='ltr'>de</span> <span class='ocrx_word' id='word_1_22' title='bbox 1334 328 1406 373; x_wconf 89' lang='lat' dir='ltr'>illa</span> <span class='ocrx_word' id='word_1_23' title='bbox 1427 330 1536 390; x_wconf 84' lang='lat' dir='ltr'>quid</span> <span class='ocrx_word' id='word_1_24' title='bbox 1559 331 1756 375; x_wconf 78' lang='lat' dir='ltr'>censes1?</span> <span class='ocrx_word' id='word_1_25' title='bbox 1775 349 1795 371; x_wconf 68' lang='grc' dir='ltr'><strong>η</strong></span> 
     </span>
     <span class='ocr_line' id='line_1_4' title="bbox 407 397 1801 460; baseline 0.001 -17"><span class='ocrx_word' id='word_1_26' title='bbox 407 410 616 459; x_wconf 75' lang='lat' dir='ltr'>tanquam</span> <span class='ocrx_word' id='word_1_27' title='bbox 649 399 815 458; x_wconf 80' lang='lat' dir='ltr'>bicipiti</span> <span class='ocrx_word' id='word_1_28' title='bbox 838 397 1079 459; x_wconf 88' lang='lat' dir='ltr'>muscipula</span> <span class='ocrx_word' id='word_1_29' title='bbox 1110 407 1324 443; x_wconf 87' lang='lat' dir='ltr'>tentantes</span> <span class='ocrx_word' id='word_1_30' title='bbox 1352 414 1505 460; x_wconf 77' lang='lat' dir='ltr'>capere</span> <span class='ocrx_word' id='word_1_31' title='bbox 1538 401 1801 460; x_wconf 84' lang='lat' dir='ltr'>Sapientiam</span> 
     </span>
     <span class='ocr_line' id='line_1_5' title="bbox 408 469 1801 531; baseline 0.001 -16"><span class='ocrx_word' id='word_1_32' title='bbox 408 472 485 515; x_wconf 85' lang='lat' dir='ltr'>Dci</span> <span class='ocrx_word' id='word_1_33' title='bbox 501 507 511 525; x_wconf 94' lang='lat'>,</span> <span class='ocrx_word' id='word_1_34' title='bbox 538 480 587 514; x_wconf 90' lang='lat' dir='ltr'>ut</span> <span class='ocrx_word' id='word_1_35' title='bbox 604 471 825 531; x_wconf 86' lang='lat' dir='ltr'>sijuberct</span> <span class='ocrx_word' id='word_1_36' title='bbox 848 469 986 515; x_wconf 89' lang='lat' dir='ltr'>occidi</span> <span class='ocrx_word' id='word_1_37' title='bbox 1004 507 1014 526; x_wconf 96' lang='lat'>,</span> <span class='ocrx_word' id='word_1_38' title='bbox 1036 470 1599 531; x_wconf 85' lang='lat' dir='ltr'>perderetmansuetudinis</span> <span class='ocrx_word' id='word_1_39' title='bbox 1616 472 1801 530; x_wconf 81' lang='lat' dir='ltr'>famam3</span> 
     </span>
     <span class='ocr_line' id='line_1_6' title="bbox 408 542 1805 604; baseline 0.001 -19"><span class='ocrx_word' id='word_1_40' title='bbox 408 542 442 585; x_wconf 89' lang='lat' dir='ltr'>si</span> <span class='ocrx_word' id='word_1_41' title='bbox 460 551 606 586; x_wconf 86' lang='lat' dir='ltr'>autem</span> <span class='ocrx_word' id='word_1_42' title='bbox 622 542 798 602; x_wconf 86' lang='lat' dir='ltr'>juberet</span> <span class='ocrx_word' id='word_1_43' title='bbox 828 542 1012 597; x_wconf 81' lang='lat' dir='ltr'>dimitti,</span> <span class='ocrx_word' id='word_1_44' title='bbox 1035 542 1307 601; x_wconf 72' lang='lat' dir='ltr'>incurreret,</span> <span class='ocrx_word' id='word_1_45' title='bbox 1336 552 1546 603; x_wconf 79' lang='lat' dir='ltr'>tanquam</span> <span class='ocrx_word' id='word_1_46' title='bbox 1569 544 1805 604; x_wconf 88' lang='lat' dir='ltr'>reprehen-</span> 
     </span>
     <span class='ocr_line' id='line_1_7' title="bbox 409 612 1805 672; baseline 0.001 -16"><span class='ocrx_word' id='word_1_47' title='bbox 409 628 479 657; x_wconf 85' lang='lat' dir='ltr'>sor</span> <span class='ocrx_word' id='word_1_48' title='bbox 496 612 617 672; x_wconf 83' lang='lat' dir='ltr'>legis,</span> <span class='ocrx_word' id='word_1_49' title='bbox 639 612 917 657; x_wconf 82' lang='lat' dir='ltr'>calumniam.</span> <span class='ocrx_word' id='word_1_50' title='bbox 939 612 1055 667; x_wconf 87' lang='lat' dir='ltr'>Quid</span> <span class='ocrx_word' id='word_1_51' title='bbox 1073 629 1176 672; x_wconf 82' lang='lat' dir='ltr'>crgo</span> <span class='ocrx_word' id='word_1_52' title='bbox 1194 613 1555 672; x_wconf 75' lang='lat' dir='ltr'>responditPNon</span> <span class='ocrx_word' id='word_1_53' title='bbox 1567 615 1626 658; x_wconf 87' lang='lat' dir='ltr'>ait</span> <span class='ocrx_word' id='word_1_54' title='bbox 1644 633 1653 659; x_wconf 73' lang='grc' dir='ltr'><strong><em>ι</em></strong></span> <span class='ocrx_word' id='word_1_55' title='bbox 1678 613 1805 658; x_wconf 89' lang='lat' dir='ltr'>Occi-</span> 
     </span>
     <span class='ocr_line' id='line_1_8' title="bbox 412 683 1807 744; baseline 0.001 -17"><span class='ocrx_word' id='word_1_56' title='bbox 412 683 525 739; x_wconf 70' lang='lat' dir='ltr'>dite,</span> <span class='ocrx_word' id='word_1_57' title='bbox 552 699 640 727; x_wconf 86' lang='lat' dir='ltr'>non</span> <span class='ocrx_word' id='word_1_58' title='bbox 675 684 758 729; x_wconf 90' lang='lat' dir='ltr'>ait:</span> <span class='ocrx_word' id='word_1_59' title='bbox 793 683 1005 728; x_wconf 84' lang='lat' dir='ltr'>Dimittite</span> <span class='ocrx_word' id='word_1_60' title='bbox 1026 705 1036 739; x_wconf 80' lang='lat'>3</span> <span class='ocrx_word' id='word_1_61' title='bbox 1055 683 1159 738; x_wconf 79' lang='lat' dir='ltr'>scd,</span> <span class='ocrx_word' id='word_1_62' title='bbox 1190 703 1210 726; x_wconf 70' lang='lat' dir='ltr'>&lt;t</span> <span class='ocrx_word' id='word_1_63' title='bbox 1246 684 1331 737; x_wconf 86' lang='lat' dir='ltr'>Qui</span> <span class='ocrx_word' id='word_1_64' title='bbox 1354 700 1397 728; x_wconf 91' lang='lat' dir='ltr'>se</span> <span class='ocrx_word' id='word_1_65' title='bbox 1418 685 1495 729; x_wconf 89' lang='lat' dir='ltr'>scit</span> <span class='ocrx_word' id='word_1_66' title='bbox 1518 685 1610 728; x_wconf 89' lang='lat' dir='ltr'>sine</span> <span class='ocrx_word' id='word_1_67' title='bbox 1628 693 1807 744; x_wconf 88' lang='lat' dir='ltr'>peccato</span> 
     </span>
     <span class='ocr_line' id='line_1_9' title="bbox 415 752 1808 814; baseline 0.001 -18"><span class='ocrx_word' id='word_1_68' title='bbox 415 772 435 795; x_wconf 72' lang='lat' dir='ltr'>n</span> <span class='ocrx_word' id='word_1_69' title='bbox 462 769 572 809; x_wconf 86' lang='lat' dir='ltr'>csse,</span> <span class='ocrx_word' id='word_1_70' title='bbox 599 755 762 814; x_wconf 89' lang='lat' dir='ltr'>primus</span> <span class='ocrx_word' id='word_1_71' title='bbox 787 754 831 798; x_wconf 88' lang='lat' dir='ltr'>in</span> <span class='ocrx_word' id='word_1_72' title='bbox 854 753 973 797; x_wconf 83' lang='lat' dir='ltr'>illam</span> <span class='ocrx_word' id='word_1_73' title='bbox 997 752 1185 813; x_wconf 77' lang='lat' dir='ltr'>lapidem</span> <span class='ocrx_word' id='word_1_74' title='bbox 1203 754 1350 814; x_wconf 85' lang='lat' dir='ltr'>jaciat.</span> <span class='ocrx_word' id='word_1_75' title='bbox 1374 774 1392 796; x_wconf 75' lang='lat' dir='ltr'>n</span> <span class='ocrx_word' id='word_1_76' title='bbox 1420 758 1543 800; x_wconf 84' lang='lat' dir='ltr'>Justa</span> <span class='ocrx_word' id='word_1_77' title='bbox 1578 754 1647 798; x_wconf 82' lang='lat' dir='ltr'>lex</span> <span class='ocrx_word' id='word_1_78' title='bbox 1663 790 1673 810; x_wconf 86' lang='lat'>,</span> <span class='ocrx_word' id='word_1_79' title='bbox 1708 771 1808 814; x_wconf 86' lang='lat' dir='ltr'>quac</span> 
     </span>
     <span class='ocr_line' id='line_1_10' title="bbox 409 824 1809 885; baseline 0.001 -17"><span class='ocrx_word' id='word_1_80' title='bbox 409 825 540 884; x_wconf 83' lang='lat' dir='ltr'>jubet</span> <span class='ocrx_word' id='word_1_81' title='bbox 555 824 796 869; x_wconf 76' lang='lat' dir='ltr'>adulteram</span> <span class='ocrx_word' id='word_1_82' title='bbox 812 825 949 871; x_wconf 89' lang='lat' dir='ltr'>occidi</span> <span class='ocrx_word' id='word_1_83' title='bbox 968 844 975 869; x_wconf 92' lang='grc'>;</span> <span class='ocrx_word' id='word_1_84' title='bbox 998 824 1074 869; x_wconf 85' lang='lat' dir='ltr'>sed</span> <span class='ocrx_word' id='word_1_85' title='bbox 1091 826 1184 869; x_wconf 81' lang='lat' dir='ltr'>haee</span> <span class='ocrx_word' id='word_1_86' title='bbox 1205 825 1399 885; x_wconf 85' lang='lat' dir='ltr'>lexjusta</span> <span class='ocrx_word' id='word_1_87' title='bbox 1413 826 1632 871; x_wconf 84' lang='lat' dir='ltr'>ministros</span> <span class='ocrx_word' id='word_1_88' title='bbox 1649 825 1809 870; x_wconf 82' lang='lat' dir='ltr'>habeat</span> 
     </span>
     <span class='ocr_line' id='line_1_11' title="bbox 417 895 1809 956; baseline 0 -17"><span class='ocrx_word' id='word_1_89' title='bbox 417 896 685 940; x_wconf 87' lang='lat' dir='ltr'>innocentes.</span> <span class='ocrx_word' id='word_1_90' title='bbox 718 895 952 940; x_wconf 82' lang='lat' dir='ltr'>Attenditis</span> <span class='ocrx_word' id='word_1_91' title='bbox 986 911 1119 956; x_wconf 82' lang='lat' dir='ltr'>quam</span> <span class='ocrx_word' id='word_1_92' title='bbox 1145 895 1383 952; x_wconf 81' lang='lat' dir='ltr'>adducitis,</span> <span class='ocrx_word' id='word_1_93' title='bbox 1411 897 1622 941; x_wconf 84' lang='lat' dir='ltr'>attendite</span> <span class='ocrx_word' id='word_1_94' title='bbox 1658 905 1701 940; x_wconf 89' lang='lat' dir='ltr'>et</span> <span class='ocrx_word' id='word_1_95' title='bbox 1732 896 1809 956; x_wconf 80' lang='lat' dir='ltr'>qui</span> 
     </span>
     <span class='ocr_line' id='line_1_12' title="bbox 418 967 1805 1028; baseline 0.001 -17"><span class='ocrx_word' id='word_1_96' title='bbox 418 967 531 1012; x_wconf 88' lang='lat' dir='ltr'>estis.</span> <span class='ocrx_word' id='word_1_97' title='bbox 556 987 575 1009; x_wconf 90' lang='lat'>«</span> <span class='ocrx_word' id='word_1_98' title='bbox 602 967 669 1011; x_wconf 88' lang='lat' dir='ltr'>Illi</span> <span class='ocrx_word' id='word_1_99' title='bbox 691 968 774 1012; x_wconf 87' lang='lat' dir='ltr'>hoc</span> <span class='ocrx_word' id='word_1_100' title='bbox 807 967 982 1023; x_wconf 88' lang='lat' dir='ltr'>audito,</span> <span class='ocrx_word' id='word_1_101' title='bbox 1008 984 1122 1013; x_wconf 88' lang='lat' dir='ltr'>unus</span> <span class='ocrx_word' id='word_1_102' title='bbox 1155 978 1253 1028; x_wconf 88' lang='lat' dir='ltr'>post</span> <span class='ocrx_word' id='word_1_103' title='bbox 1285 968 1471 1014; x_wconf 89' lang='lat' dir='ltr'>alterum</span> <span class='ocrx_word' id='word_1_104' title='bbox 1501 968 1805 1013; x_wconf 86' lang='lat' dir='ltr'>discesserunt.</span> 
     </span>
     <span class='ocr_line' id='line_1_13' title="bbox 422 1038 1812 1094; baseline 0.002 -16"><span class='ocrx_word' id='word_1_105' title='bbox 422 1055 443 1079; x_wconf 84' lang='grc'>»</span> <span class='ocrx_word' id='word_1_106' title='bbox 471 1038 696 1083; x_wconf 84' lang='lat' dir='ltr'>Remansit</span> <span class='ocrx_word' id='word_1_107' title='bbox 713 1038 910 1083; x_wconf 86' lang='lat' dir='ltr'>adultera</span> <span class='ocrx_word' id='word_1_108' title='bbox 932 1049 975 1084; x_wconf 89' lang='lat' dir='ltr'>ct</span> <span class='ocrx_word' id='word_1_109' title='bbox 993 1039 1226 1094; x_wconf 79' lang='lat' dir='ltr'>Dominus,</span> <span class='ocrx_word' id='word_1_110' title='bbox 1257 1059 1275 1081; x_wconf 71' lang='grc' dir='ltr'>η</span> <span class='ocrx_word' id='word_1_111' title='bbox 1299 1039 1504 1083; x_wconf 82' lang='lat' dir='ltr'>remansit</span> <span class='ocrx_word' id='word_1_112' title='bbox 1519 1038 1745 1082; x_wconf 84' lang='lat' dir='ltr'>vulnerata</span> <span class='ocrx_word' id='word_1_113' title='bbox 1768 1046 1812 1082; x_wconf 85' lang='lat' dir='ltr'>et</span> 
     </span>
     <span class='ocr_line' id='line_1_14' title="bbox 419 1109 1809 1170; baseline -0.001 -17"><span class='ocrx_word' id='word_1_114' title='bbox 419 1109 614 1153; x_wconf 87' lang='lat' dir='ltr'>medicus</span> <span class='ocrx_word' id='word_1_115' title='bbox 630 1145 640 1164; x_wconf 80' lang='lat'>,</span> <span class='ocrx_word' id='word_1_116' title='bbox 664 1111 869 1156; x_wconf 85' lang='lat' dir='ltr'>remansit</span> <span class='ocrx_word' id='word_1_117' title='bbox 886 1126 1042 1170; x_wconf 80' lang='lat' dir='ltr'>magna</span> <span class='ocrx_word' id='word_1_118' title='bbox 1061 1111 1229 1155; x_wconf 85' lang='lat' dir='ltr'>miseria</span> <span class='ocrx_word' id='word_1_119' title='bbox 1253 1120 1296 1156; x_wconf 88' lang='lat' dir='ltr'>et</span> <span class='ocrx_word' id='word_1_120' title='bbox 1317 1127 1473 1169; x_wconf 78' lang='lat' dir='ltr'>magna</span> <span class='ocrx_word' id='word_1_121' title='bbox 1502 1109 1809 1154; x_wconf 82' lang='lat' dir='ltr'>misericordia.</span> 
     </span>
     <span class='ocr_line' id='line_1_15' title="bbox 423 1180 1814 1243; baseline 0 -18"><span class='ocrx_word' id='word_1_122' title='bbox 423 1180 703 1226; x_wconf 80' lang='lat' dir='ltr'>Adducentes</span> <span class='ocrx_word' id='word_1_123' title='bbox 719 1183 990 1227; x_wconf 88' lang='lat' dir='ltr'>erubuerunt</span> <span class='ocrx_word' id='word_1_124' title='bbox 1008 1219 1018 1238; x_wconf 88' lang='lat'>,</span> <span class='ocrx_word' id='word_1_125' title='bbox 1040 1198 1119 1227; x_wconf 84' lang='lat' dir='ltr'>nec</span> <span class='ocrx_word' id='word_1_126' title='bbox 1137 1183 1308 1227; x_wconf 87' lang='lat' dir='ltr'>veniam</span> <span class='ocrx_word' id='word_1_127' title='bbox 1327 1183 1575 1243; x_wconf 82' lang='lat' dir='ltr'>petiverunt</span> <span class='ocrx_word' id='word_1_128' title='bbox 1594 1201 1602 1226; x_wconf 91' lang='lat'>:</span> <span class='ocrx_word' id='word_1_129' title='bbox 1625 1181 1814 1225; x_wconf 83' lang='lat' dir='ltr'>adducta</span> 
     </span>
     <span class='ocr_line' id='line_1_16' title="bbox 424 1251 1816 1308; baseline -0.001 -13"><span class='ocrx_word' id='word_1_130' title='bbox 424 1251 605 1296; x_wconf 83' lang='lat' dir='ltr'>confusa</span> <span class='ocrx_word' id='word_1_131' title='bbox 619 1262 696 1308; x_wconf 84' lang='lat' dir='ltr'>est,</span> <span class='ocrx_word' id='word_1_132' title='bbox 713 1262 931 1297; x_wconf 84' lang='lat' dir='ltr'>etsanata.</span> <span class='ocrx_word' id='word_1_133' title='bbox 955 1273 973 1294; x_wconf 88' lang='lat'>«</span> <span class='ocrx_word' id='word_1_134' title='bbox 993 1253 1064 1298; x_wconf 72' lang='lat' dir='ltr'>Ait</span> <span class='ocrx_word' id='word_1_135' title='bbox 1080 1253 1142 1296; x_wconf 87' lang='lat' dir='ltr'>illi</span> <span class='ocrx_word' id='word_1_136' title='bbox 1165 1253 1376 1297; x_wconf 86' lang='lat' dir='ltr'>Dominus</span> <span class='ocrx_word' id='word_1_137' title='bbox 1396 1273 1405 1298; x_wconf 73' lang='grc' dir='ltr'>ι</span> <span class='ocrx_word' id='word_1_138' title='bbox 1426 1252 1600 1306; x_wconf 87' lang='lat' dir='ltr'>Mulier,</span> <span class='ocrx_word' id='word_1_139' title='bbox 1622 1266 1751 1295; x_wconf 88' lang='lat' dir='ltr'>nemo</span> <span class='ocrx_word' id='word_1_140' title='bbox 1774 1259 1816 1294; x_wconf 85' lang='lat' dir='ltr'>te</span> 
     </span>
     <span class='ocr_line' id='line_1_17' title="bbox 427 1322 1818 1380; baseline 0.001 -17"><span class='ocrx_word' id='word_1_141' title='bbox 427 1340 447 1363; x_wconf 85' lang='lat'>»</span> <span class='ocrx_word' id='word_1_142' title='bbox 470 1322 804 1369; x_wconf 77' lang='lat' dir='ltr'>condemnavit?</span> <span class='ocrx_word' id='word_1_143' title='bbox 822 1328 877 1369; x_wconf 88' lang='lat' dir='ltr'>Et</span> <span class='ocrx_word' id='word_1_144' title='bbox 894 1323 964 1368; x_wconf 89' lang='lat' dir='ltr'>illa</span> <span class='ocrx_word' id='word_1_145' title='bbox 983 1327 1157 1379; x_wconf 84' lang='lat' dir='ltr'>:Nemo,</span> <span class='ocrx_word' id='word_1_146' title='bbox 1177 1324 1376 1368; x_wconf 85' lang='lat' dir='ltr'>Domine.</span> <span class='ocrx_word' id='word_1_147' title='bbox 1394 1323 1533 1367; x_wconf 87' lang='lat' dir='ltr'>Etille</span> <span class='ocrx_word' id='word_1_148' title='bbox 1549 1325 1661 1368; x_wconf 84' lang='lat' dir='ltr'>:Nec</span> <span class='ocrx_word' id='word_1_149' title='bbox 1678 1336 1758 1380; x_wconf 81' lang='lat' dir='ltr'>ego</span> <span class='ocrx_word' id='word_1_150' title='bbox 1775 1329 1818 1365; x_wconf 83' lang='lat' dir='ltr'>te</span> 
     </span>
     <span class='ocr_line' id='line_1_18' title="bbox 428 1393 1819 1455; baseline -0.002 -17"><span class='ocrx_word' id='word_1_151' title='bbox 428 1412 447 1435; x_wconf 74' lang='lat'>)›</span> <span class='ocrx_word' id='word_1_152' title='bbox 476 1393 803 1449; x_wconf 84' lang='lat' dir='ltr'>condamnabo,</span> <span class='ocrx_word' id='word_1_153' title='bbox 821 1394 929 1438; x_wconf 83' lang='lat' dir='ltr'>vade</span> <span class='ocrx_word' id='word_1_154' title='bbox 944 1430 954 1450; x_wconf 87' lang='lat'>,</span> <span class='ocrx_word' id='word_1_155' title='bbox 973 1395 1175 1454; x_wconf 76' lang='lat' dir='ltr'>deinceps</span> <span class='ocrx_word' id='word_1_156' title='bbox 1185 1396 1274 1455; x_wconf 87' lang='lat' dir='ltr'>jam</span> <span class='ocrx_word' id='word_1_157' title='bbox 1292 1393 1575 1454; x_wconf 88' lang='lat' dir='ltr'>nolipeccare</span> <span class='ocrx_word' id='word_1_158' title='bbox 1592 1396 1620 1437; x_wconf 89' lang='lat'>¹.</span> <span class='ocrx_word' id='word_1_159' title='bbox 1643 1411 1663 1434; x_wconf 59' lang='lat'>³)</span> <span class='ocrx_word' id='word_1_160' title='bbox 1686 1395 1819 1437; x_wconf 89' lang='lat' dir='ltr'>Num-</span> 
     </span>
     <span class='ocr_line' id='line_1_19' title="bbox 425 1465 1820 1527; baseline 0 -18"><span class='ocrx_word' id='word_1_161' title='bbox 425 1466 532 1527; x_wconf 85' lang='lat' dir='ltr'>quid</span> <span class='ocrx_word' id='word_1_162' title='bbox 555 1466 751 1511; x_wconf 78' lang='lat' dir='ltr'>Christus</span> <span class='ocrx_word' id='word_1_163' title='bbox 774 1465 876 1511; x_wconf 82' lang='lat' dir='ltr'>fecit</span> <span class='ocrx_word' id='word_1_164' title='bbox 898 1476 1048 1511; x_wconf 84' lang='lat' dir='ltr'>contra</span> <span class='ocrx_word' id='word_1_165' title='bbox 1067 1466 1209 1526; x_wconf 85' lang='lat' dir='ltr'>legem</span> <span class='ocrx_word' id='word_1_166' title='bbox 1227 1468 1539 1526; x_wconf 76' lang='lat' dir='ltr'>suamPNeque</span> <span class='ocrx_word' id='word_1_167' title='bbox 1557 1465 1672 1508; x_wconf 89' lang='lat' dir='ltr'>enim</span> <span class='ocrx_word' id='word_1_168' title='bbox 1695 1467 1820 1509; x_wconf 82' lang='lat' dir='ltr'>Pater</span> 
     </span>
     <span class='ocr_line' id='line_1_20' title="bbox 426 1535 1821 1598; baseline -0.001 -17"><span class='ocrx_word' id='word_1_169' title='bbox 426 1539 516 1598; x_wconf 84' lang='lat' dir='ltr'>ejus</span> <span class='ocrx_word' id='word_1_170' title='bbox 540 1539 630 1582; x_wconf 87' lang='lat' dir='ltr'>sine</span> <span class='ocrx_word' id='word_1_171' title='bbox 656 1538 765 1583; x_wconf 80' lang='lat' dir='ltr'>Filio</span> <span class='ocrx_word' id='word_1_172' title='bbox 788 1537 967 1583; x_wconf 80' lang='lat' dir='ltr'>dederat</span> <span class='ocrx_word' id='word_1_173' title='bbox 988 1538 1144 1598; x_wconf 77' lang='lat' dir='ltr'>legem.</span> <span class='ocrx_word' id='word_1_174' title='bbox 1169 1538 1210 1583; x_wconf 86' lang='lat' dir='ltr'>Si</span> <span class='ocrx_word' id='word_1_175' title='bbox 1232 1538 1393 1583; x_wconf 85' lang='lat' dir='ltr'>coelum</span> <span class='ocrx_word' id='word_1_176' title='bbox 1415 1547 1459 1581; x_wconf 90' lang='lat' dir='ltr'>et</span> <span class='ocrx_word' id='word_1_177' title='bbox 1482 1547 1590 1582; x_wconf 88' lang='lat' dir='ltr'>terra</span> <span class='ocrx_word' id='word_1_178' title='bbox 1610 1545 1654 1581; x_wconf 84' lang='lat' dir='ltr'>et</span> <span class='ocrx_word' id='word_1_179' title='bbox 1675 1535 1821 1580; x_wconf 86' lang='lat' dir='ltr'>omnia</span> 
     </span>
     <span class='ocr_line' id='line_1_21' title="bbox 428 1606 1821 1670; baseline -0.002 -18"><span class='ocrx_word' id='word_1_180' title='bbox 428 1625 527 1669; x_wconf 80' lang='lat' dir='ltr'>quae</span> <span class='ocrx_word' id='word_1_181' title='bbox 549 1610 593 1653; x_wconf 92' lang='lat' dir='ltr'>in</span> <span class='ocrx_word' id='word_1_182' title='bbox 617 1610 674 1653; x_wconf 86' lang='lat' dir='ltr'>eis</span> <span class='ocrx_word' id='word_1_183' title='bbox 692 1619 808 1664; x_wconf 86' lang='lat' dir='ltr'>sunt,</span> <span class='ocrx_word' id='word_1_184' title='bbox 832 1625 909 1670; x_wconf 88' lang='lat' dir='ltr'>per</span> <span class='ocrx_word' id='word_1_185' title='bbox 930 1610 1072 1669; x_wconf 89' lang='lat' dir='ltr'>ipsum</span> <span class='ocrx_word' id='word_1_186' title='bbox 1094 1609 1208 1654; x_wconf 85' lang='lat' dir='ltr'>facta</span> <span class='ocrx_word' id='word_1_187' title='bbox 1237 1619 1353 1664; x_wconf 85' lang='lat' dir='ltr'>sunt,</span> <span class='ocrx_word' id='word_1_188' title='bbox 1379 1611 1448 1652; x_wconf 79' lang='lat' dir='ltr'>lex</span> <span class='ocrx_word' id='word_1_189' title='bbox 1471 1609 1560 1653; x_wconf 89' lang='lat' dir='ltr'>sine</span> <span class='ocrx_word' id='word_1_190' title='bbox 1578 1607 1724 1652; x_wconf 85' lang='lat' dir='ltr'>Verbo</span> <span class='ocrx_word' id='word_1_191' title='bbox 1743 1606 1821 1649; x_wconf 88' lang='lat' dir='ltr'>Dei</span> 
     </span>
     <span class='ocr_line' id='line_1_22' title="bbox 429 1677 1821 1740; baseline -0.004 -16"><span class='ocrx_word' id='word_1_192' title='bbox 429 1680 651 1740; x_wconf 86' lang='lat' dir='ltr'>quomodo</span> <span class='ocrx_word' id='word_1_193' title='bbox 682 1681 924 1740; x_wconf 78' lang='lat' dir='ltr'>conscripta</span> <span class='ocrx_word' id='word_1_194' title='bbox 958 1681 1049 1724; x_wconf 75' lang='lat' dir='ltr'>est?</span> <span class='ocrx_word' id='word_1_195' title='bbox 1079 1683 1176 1725; x_wconf 88' lang='lat' dir='ltr'>Non</span> <span class='ocrx_word' id='word_1_196' title='bbox 1209 1695 1311 1738; x_wconf 80' lang='lat' dir='ltr'>ergo</span> <span class='ocrx_word' id='word_1_197' title='bbox 1346 1683 1460 1724; x_wconf 88' lang='lat' dir='ltr'>Deus</span> <span class='ocrx_word' id='word_1_198' title='bbox 1497 1687 1647 1724; x_wconf 87' lang='lat' dir='ltr'>contra</span> <span class='ocrx_word' id='word_1_199' title='bbox 1681 1677 1821 1735; x_wconf 81' lang='lat' dir='ltr'>legem</span> 
     </span>
     <span class='ocr_line' id='line_1_23' title="bbox 428 1747 1822 1811; baseline -0.001 -17"><span class='ocrx_word' id='word_1_200' title='bbox 428 1766 574 1805; x_wconf 88' lang='lat' dir='ltr'>suam,</span> <span class='ocrx_word' id='word_1_201' title='bbox 601 1752 702 1811; x_wconf 86' lang='lat' dir='ltr'>quia</span> <span class='ocrx_word' id='word_1_202' title='bbox 725 1767 805 1795; x_wconf 88' lang='lat' dir='ltr'>nec</span> <span class='ocrx_word' id='word_1_203' title='bbox 827 1751 1062 1811; x_wconf 86' lang='lat' dir='ltr'>imperator</span> <span class='ocrx_word' id='word_1_204' title='bbox 1078 1760 1229 1796; x_wconf 86' lang='lat' dir='ltr'>contra</span> <span class='ocrx_word' id='word_1_205' title='bbox 1250 1750 1364 1810; x_wconf 82' lang='lat' dir='ltr'>leges</span> <span class='ocrx_word' id='word_1_206' title='bbox 1382 1766 1478 1795; x_wconf 87' lang='lat' dir='ltr'>suas</span> <span class='ocrx_word' id='word_1_207' title='bbox 1497 1749 1622 1804; x_wconf 85' lang='lat' dir='ltr'>facit,</span> <span class='ocrx_word' id='word_1_208' title='bbox 1643 1747 1822 1809; x_wconf 84' lang='lat' dir='ltr'>quando</span> 
     </span>
     <span class='ocr_line' id='line_1_24' title="bbox 429 1818 1821 1882; baseline -0.003 -16"><span class='ocrx_word' id='word_1_209' title='bbox 429 1820 632 1867; x_wconf 82' lang='lat' dir='ltr'>confessis</span> <span class='ocrx_word' id='word_1_210' title='bbox 647 1823 722 1866; x_wconf 90' lang='lat' dir='ltr'>dat</span> <span class='ocrx_word' id='word_1_211' title='bbox 744 1821 1077 1882; x_wconf 78' lang='lat' dir='ltr'>indulgentiam.</span> <span class='ocrx_word' id='word_1_212' title='bbox 1098 1824 1268 1879; x_wconf 74' lang='lat' dir='ltr'>Moyses</span> <span class='ocrx_word' id='word_1_213' title='bbox 1289 1822 1481 1866; x_wconf 85' lang='lat' dir='ltr'>minister</span> <span class='ocrx_word' id='word_1_214' title='bbox 1505 1821 1646 1880; x_wconf 82' lang='lat' dir='ltr'>Legis,</span> <span class='ocrx_word' id='word_1_215' title='bbox 1670 1818 1821 1864; x_wconf 87' lang='lat' dir='ltr'>Chris-</span> 
     </span>
     <span class='ocr_line' id='line_1_25' title="bbox 430 1888 1823 1953; baseline -0.002 -18"><span class='ocrx_word' id='word_1_216' title='bbox 430 1902 499 1936; x_wconf 86' lang='lat' dir='ltr'>tus</span> <span class='ocrx_word' id='word_1_217' title='bbox 522 1892 823 1952; x_wconf 84' lang='lat' dir='ltr'>promulgator</span> <span class='ocrx_word' id='word_1_218' title='bbox 845 1893 970 1950; x_wconf 78' lang='lat' dir='ltr'>Legis</span> <span class='ocrx_word' id='word_1_219' title='bbox 993 1912 1001 1936; x_wconf 74' lang='grc' dir='ltr'>ε</span> <span class='ocrx_word' id='word_1_220' title='bbox 1026 1895 1197 1949; x_wconf 74' lang='lat' dir='ltr'>Moyses</span> <span class='ocrx_word' id='word_1_221' title='bbox 1227 1891 1392 1953; x_wconf 78' lang='lat' dir='ltr'>lapidat</span> <span class='ocrx_word' id='word_1_222' title='bbox 1420 1900 1468 1936; x_wconf 86' lang='lat' dir='ltr'>ut</span> <span class='ocrx_word' id='word_1_223' title='bbox 1490 1890 1646 1952; x_wconf 80' lang='lat' dir='ltr'>judex,</span> <span class='ocrx_word' id='word_1_224' title='bbox 1672 1888 1823 1934; x_wconf 87' lang='lat' dir='ltr'>Chris-</span> 
     </span>
     <span class='ocr_line' id='line_1_26' title="bbox 430 1962 1824 2023; baseline -0.004 -16"><span class='ocrx_word' id='word_1_225' title='bbox 430 1972 499 2007; x_wconf 90' lang='lat' dir='ltr'>tus</span> <span class='ocrx_word' id='word_1_226' title='bbox 522 1962 720 2021; x_wconf 79' lang='lat' dir='ltr'>indulget</span> <span class='ocrx_word' id='word_1_227' title='bbox 748 1972 797 2006; x_wconf 89' lang='lat' dir='ltr'>ut</span> <span class='ocrx_word' id='word_1_228' title='bbox 822 1978 910 2007; x_wconf 80' lang='lat' dir='ltr'>rex.</span> <span class='ocrx_word' id='word_1_229' title='bbox 937 1963 1139 2007; x_wconf 74' lang='lat' dir='ltr'>Miserius</span> <span class='ocrx_word' id='word_1_230' title='bbox 1171 1972 1235 2007; x_wconf 86' lang='lat' dir='ltr'>est</span> <span class='ocrx_word' id='word_1_231' title='bbox 1272 1978 1373 2020; x_wconf 84' lang='lat' dir='ltr'>ergo</span> <span class='ocrx_word' id='word_1_232' title='bbox 1403 1964 1493 2023; x_wconf 85' lang='lat' dir='ltr'>ejus</span> <span class='ocrx_word' id='word_1_233' title='bbox 1523 1965 1635 2005; x_wconf 90' lang='lat' dir='ltr'>Deus</span> <span class='ocrx_word' id='word_1_234' title='bbox 1665 1975 1824 2005; x_wconf 88' lang='lat' dir='ltr'>sccun-</span> 
     </span>
     <span class='ocr_line' id='line_1_27' title="bbox 429 2030 1826 2091; baseline -0.002 -14"><span class='ocrx_word' id='word_1_235' title='bbox 429 2033 537 2078; x_wconf 88' lang='lat' dir='ltr'>dum</span> <span class='ocrx_word' id='word_1_236' title='bbox 560 2049 762 2091; x_wconf 77' lang='lat' dir='ltr'>magnam</span> <span class='ocrx_word' id='word_1_237' title='bbox 787 2033 1124 2078; x_wconf 81' lang='lat' dir='ltr'>misericordiam</span> <span class='ocrx_word' id='word_1_238' title='bbox 1146 2049 1267 2076; x_wconf 78' lang='lat' dir='ltr'>suani</span> <span class='ocrx_word' id='word_1_239' title='bbox 1286 2069 1295 2088; x_wconf 88' lang='lat'>,</span> <span class='ocrx_word' id='word_1_240' title='bbox 1317 2033 1428 2076; x_wconf 86' lang='lat' dir='ltr'>sicut</span> <span class='ocrx_word' id='word_1_241' title='bbox 1448 2033 1518 2075; x_wconf 82' lang='lat' dir='ltr'>hic</span> <span class='ocrx_word' id='word_1_242' title='bbox 1542 2040 1689 2090; x_wconf 83' lang='lat' dir='ltr'>rogat,</span> <span class='ocrx_word' id='word_1_243' title='bbox 1712 2030 1826 2074; x_wconf 86' lang='lat' dir='ltr'>sicut</span> 
     </span>
     <span class='ocr_line' id='line_1_28' title="bbox 429 2100 1827 2164; baseline -0.005 -16"><span class='ocrx_word' id='word_1_244' title='bbox 429 2105 500 2148; x_wconf 90' lang='lat' dir='ltr'>hic</span> <span class='ocrx_word' id='word_1_245' title='bbox 535 2105 665 2164; x_wconf 86' lang='lat' dir='ltr'>petit,</span> <span class='ocrx_word' id='word_1_246' title='bbox 701 2104 814 2148; x_wconf 89' lang='lat' dir='ltr'>sicut</span> <span class='ocrx_word' id='word_1_247' title='bbox 835 2103 1047 2148; x_wconf 78' lang='lat' dir='ltr'>exclamat</span> <span class='ocrx_word' id='word_1_248' title='bbox 1076 2113 1117 2147; x_wconf 88' lang='lat' dir='ltr'>et</span> <span class='ocrx_word' id='word_1_249' title='bbox 1151 2103 1271 2148; x_wconf 84' lang='lat' dir='ltr'>dolet</span> <span class='ocrx_word' id='word_1_250' title='bbox 1299 2123 1307 2147; x_wconf 78' lang='lat' dir='ltr'><strong><em>z</em></strong></span> <span class='ocrx_word' id='word_1_251' title='bbox 1335 2101 1454 2162; x_wconf 85' lang='lat' dir='ltr'>quod</span> <span class='ocrx_word' id='word_1_252' title='bbox 1489 2101 1551 2146; x_wconf 87' lang='lat' dir='ltr'>illi</span> <span class='ocrx_word' id='word_1_253' title='bbox 1584 2100 1827 2146; x_wconf 84' lang='lat' dir='ltr'>adulteram</span> 
     </span>
     <span class='ocr_line' id='line_1_29' title="bbox 431 2171 1828 2232; baseline -0.004 -12"><span class='ocrx_word' id='word_1_254' title='bbox 431 2176 662 2221; x_wconf 76' lang='lat' dir='ltr'>offerentes</span> <span class='ocrx_word' id='word_1_255' title='bbox 688 2176 826 2219; x_wconf 84' lang='lat' dir='ltr'>facere</span> <span class='ocrx_word' id='word_1_256' title='bbox 853 2175 1115 2232; x_wconf 69' lang='lat' dir='ltr'>noluerunt,</span> <span class='ocrx_word' id='word_1_257' title='bbox 1139 2173 1320 2219; x_wconf 84' lang='lat' dir='ltr'>vulnera</span> <span class='ocrx_word' id='word_1_258' title='bbox 1347 2190 1424 2218; x_wconf 86' lang='lat' dir='ltr'>sua</span> <span class='ocrx_word' id='word_1_259' title='bbox 1452 2171 1709 2218; x_wconf 87' lang='lat' dir='ltr'>ostendente</span> <span class='ocrx_word' id='word_1_260' title='bbox 1736 2185 1828 2214; x_wconf 90' lang='lat' dir='ltr'>me-</span> 
     </span>
     <span class='ocr_line' id='line_1_30' title="bbox 431 2241 1828 2307; baseline -0.005 -16"><span class='ocrx_word' id='word_1_261' title='bbox 431 2247 529 2292; x_wconf 88' lang='lat' dir='ltr'>dico</span> <span class='ocrx_word' id='word_1_262' title='bbox 571 2255 869 2307; x_wconf 78' lang='lat' dir='ltr'>cognoverunt</span> <span class='ocrx_word' id='word_1_263' title='bbox 887 2281 897 2299; x_wconf 87' lang='lat'>‚</span> <span class='ocrx_word' id='word_1_264' title='bbox 943 2245 1203 2289; x_wconf 86' lang='lat' dir='ltr'>medicinam</span> <span class='ocrx_word' id='word_1_265' title='bbox 1244 2261 1267 2289; x_wconf 89' lang='lat' dir='ltr'>a</span> <span class='ocrx_word' id='word_1_266' title='bbox 1299 2244 1471 2289; x_wconf 88' lang='lat' dir='ltr'>medico</span> <span class='ocrx_word' id='word_1_267' title='bbox 1513 2259 1603 2288; x_wconf 89' lang='lat' dir='ltr'>non</span> <span class='ocrx_word' id='word_1_268' title='bbox 1640 2241 1828 2303; x_wconf 84' lang='lat' dir='ltr'>quaesie-</span> 
     </span>
     <span class='ocr_line' id='line_1_31' title="bbox 429 2315 1829 2378; baseline -0.005 -15"><span class='ocrx_word' id='word_1_269' title='bbox 429 2328 547 2363; x_wconf 88' lang='lat' dir='ltr'>runt.</span> <span class='ocrx_word' id='word_1_270' title='bbox 584 2321 645 2362; x_wconf 64' lang='lat' dir='ltr'>lia</span> <span class='ocrx_word' id='word_1_271' title='bbox 669 2328 770 2363; x_wconf 87' lang='lat' dir='ltr'>sunt</span> <span class='ocrx_word' id='word_1_272' title='bbox 799 2317 926 2362; x_wconf 86' lang='lat' dir='ltr'>multi</span> <span class='ocrx_word' id='word_1_273' title='bbox 949 2333 1057 2378; x_wconf 82' lang='lat' dir='ltr'>quos</span> <span class='ocrx_word' id='word_1_274' title='bbox 1079 2332 1258 2376; x_wconf 85' lang='lat' dir='ltr'>peccare</span> <span class='ocrx_word' id='word_1_275' title='bbox 1276 2332 1365 2361; x_wconf 88' lang='lat' dir='ltr'>non</span> <span class='ocrx_word' id='word_1_276' title='bbox 1392 2315 1556 2375; x_wconf 85' lang='lat' dir='ltr'>pudet,</span> <span class='ocrx_word' id='word_1_277' title='bbox 1582 2330 1707 2374; x_wconf 80' lang='lat' dir='ltr'>agere</span> <span class='ocrx_word' id='word_1_278' title='bbox 1731 2329 1829 2373; x_wconf 83' lang='lat' dir='ltr'>poe-</span> 
     </span>
     <span class='ocr_line' id='line_1_32' title="bbox 429 2384 1828 2449; baseline -0.003 -16"><span class='ocrx_word' id='word_1_279' title='bbox 429 2389 659 2434; x_wconf 48' lang='lat' dir='ltr'>nitentiam</span> <span class='ocrx_word' id='word_1_280' title='bbox 683 2389 835 2449; x_wconf 83' lang='lat' dir='ltr'>pudet.</span> <span class='ocrx_word' id='word_1_281' title='bbox 862 2390 899 2432; x_wconf 86' lang='lat' dir='ltr'>O</span> <span class='ocrx_word' id='word_1_282' title='bbox 923 2387 1185 2433; x_wconf 79' lang='lat' dir='ltr'>incredibilis</span> <span class='ocrx_word' id='word_1_283' title='bbox 1207 2387 1392 2432; x_wconf 77' lang='lat' dir='ltr'>insania!</span> <span class='ocrx_word' id='word_1_284' title='bbox 1434 2390 1494 2431; x_wconf 86' lang='lat' dir='ltr'>De</span> <span class='ocrx_word' id='word_1_285' title='bbox 1519 2385 1700 2430; x_wconf 87' lang='lat' dir='ltr'>vulnere</span> <span class='ocrx_word' id='word_1_286' title='bbox 1733 2384 1828 2444; x_wconf 87' lang='lat' dir='ltr'>ipso</span> 
     </span>
     <span class='ocr_line' id='line_1_33' title="bbox 432 2457 1824 2518; baseline -0.004 -15"><span class='ocrx_word' id='word_1_287' title='bbox 432 2475 518 2505; x_wconf 87' lang='lat' dir='ltr'>non</span> <span class='ocrx_word' id='word_1_288' title='bbox 545 2459 765 2503; x_wconf 82' lang='lat' dir='ltr'>crubescis</span> <span class='ocrx_word' id='word_1_289' title='bbox 780 2495 791 2515; x_wconf 88' lang='lat'>,</span> <span class='ocrx_word' id='word_1_290' title='bbox 818 2459 871 2503; x_wconf 90' lang='lat' dir='ltr'>dc</span> <span class='ocrx_word' id='word_1_291' title='bbox 893 2459 1077 2518; x_wconf 78' lang='lat' dir='ltr'>ligatura</span> <span class='ocrx_word' id='word_1_292' title='bbox 1093 2457 1285 2503; x_wconf 86' lang='lat' dir='ltr'>vulneris</span> <span class='ocrx_word' id='word_1_293' title='bbox 1303 2457 1543 2502; x_wconf 77' lang='lat' dir='ltr'>erubescis?</span> <span class='ocrx_word' id='word_1_294' title='bbox 1567 2459 1720 2502; x_wconf 89' lang='lat' dir='ltr'>Nonne</span> <span class='ocrx_word' id='word_1_295' title='bbox 1738 2471 1824 2498; x_wconf 86' lang='lat' dir='ltr'>nu-</span> 
     </span>
    </p>
   </div>
   <div class='ocr_carea' id='block_1_3' title="bbox 479 2554 805 2598">
    <p class='ocr_par' dir='ltr' id='par_1_3' title="bbox 479 2554 805 2598">
     <span class='ocr_line' id='line_1_34' title="bbox 479 2554 805 2598; baseline -0.006 -9"><span class='ocrx_word' id='word_1_296' title='bbox 479 2564 485 2579; x_wconf 89' lang='lat'><em>¹</em></span> <span class='ocrx_word' id='word_1_297' title='bbox 505 2561 586 2592; x_wconf 83' lang='lat' dir='ltr'>Joan</span> <span class='ocrx_word' id='word_1_298' title='bbox 620 2554 805 2598; x_wconf 63' lang='lat' dir='ltr'>v111,l4-11.</span> 
     </span>
    </p>
   </div>
  </div>
 </body>
</html>
