1841 3223
417 263 658 292 ENAnnArro
691 265 736 291 m
768 262 970 291 PsALMUM
1003 263 1121 290 xux.
1359 249 1444 288 405

66 348 86 371 »
120 329 226 390 ejus.
251 346 271 372 »
297 332 435 389 Ergo,
467 349 488 372 c<
513 330 695 374 Vocavit
726 338 881 374 terram
910 344 933 372 a
961 327 1060 373 solis
1091 336 1191 372 ortu
1218 342 1355 388 usque
1390 325 1446 370 ad

64 418 84 441 »
121 415 337 455 occasum,
362 419 382 442 »
409 401 647 445 concordat
664 399 804 444 verbis
820 399 1010 453 Domini,
1037 397 1244 442 dicentis:
1264 417 1283 439 «
1304 399 1446 457 Opor-

64 487 84 511 »
119 470 240 514 tebat
256 469 477 515 Christum
504 470 616 530 pati,
642 478 686 513 et
707 483 931 527 resurgere
953 484 976 512 a
1000 468 1179 512 mortuis
1201 467 1327 511 tertia
1350 466 1442 522 die,

62 558 83 582 »
119 550 162 585 et
175 539 397 600 praedicari
418 540 462 584 in
485 541 662 585 nomine
678 540 768 600 ejus
780 539 1083 599 poenitentiam
1098 547 1140 582 et
1153 538 1445 583 remissionem

63 628 83 652 »
117 619 396 670 pcccatorum
417 626 495 670 per
518 625 666 655 omnes
698 619 846 669 gentes
862 612 893 653 ¹.
923 627 943 650 »
969 610 1130 653 Omnes
1158 609 1273 652 enim
1298 617 1445 666 gentes

59 689 162 724 sunt
178 696 201 724 a
223 680 322 725 solis
343 689 442 725 ortu
465 696 604 741 usquc
620 680 675 725 ad
696 695 910 725 occasum.
936 678 1064 732 Quod
1087 695 1189 723 vcro
1216 698 1234 720 «
1255 681 1321 722 Ex
1343 679 1446 723 Sion

63 769 83 793 »
117 751 279 811 species
301 752 413 812 ejus,
436 771 455 793 »
489 751 609 812 quod
631 751 731 795 inde
753 751 888 811 coepit
908 750 1040 794 decus
1070 748 1296 808 Evangelii
1323 750 1412 809 ejus
1429 783 1441 804 ,

58 822 178 883 quod
194 822 296 866 inde
316 823 563 867 annuntiari
585 825 719 881 coepit
742 822 958 881 speciosus
981 819 1117 865 forma
1138 835 1227 880 prae
1245 819 1342 863 filiis
1359 819 1444 863 ho-

57 893 270 949 minum2,
296 894 532 938 concordat
566 893 707 937 verbis
736 892 909 937 Domini
930 891 1112 936 dicentis
1139 911 1148 935 ;
1179 910 1198 932 «
1224 890 1445 949 Incipien-

60 982 81 1005 »
117 964 233 1008 tibus
251 964 304 1008 ab
327 963 580 1007 Jerusalem.
600 983 618 1004 »
640 963 889 1009 Concinunt
911 978 1021 1007 nova
1044 961 1278 1016 veteribus,
1300 969 1444 1005 vetera

57 1034 178 1079 novis
197 1054 205 1079 :
224 1034 376 1078 dieunt
393 1033 448 1078 ad
468 1034 654 1078 invicem
678 1033 900 1094 Seraphim
915 1032 1004 1078 duo
1021 1048 1029 1073 z
1051 1052 1070 1074 «
1095 1035 1292 1087 Sanctus,
1312 1034 1446 1076 Sanc-

60 1123 80 1146 »
115 1114 210 1160 tus,
239 1108 421 1150 Sanctus
444 1105 654 1150 Dominus
679 1108 791 1149 Deus
817 1104 1048 1149 Sabaothss.
1077 1122 1096 1145 »
1121 1106 1178 1147 Et
1202 1110 1443 1147 consonant

56 1175 145 1221 duo
167 1180 456 1232 Testamenta,
473 1186 515 1221 ct
532 1192 664 1220 unam
682 1191 833 1221 vocem
853 1175 1017 1219 habent
1035 1175 1123 1219 duo
1142 1178 1439 1218 Testamenta:

56 1246 258 1292 audiatur
279 1263 361 1293 vox
385 1247 711 1291 concinentium
737 1249 1132 1300 Testamentorum,
1167 1261 1255 1289 non
1273 1243 1442 1288 calum-

56 1318 270 1362 niantium
298 1317 685 1362 exhaeredatorum.
717 1315 838 1360 Fecit
867 1331 968 1375 crgo
989 1316 1068 1360 ista
1091 1319 1204 1360 Deus
1228 1315 1438 1359 deorum:

60 1408 81 1430 «
114 1389 296 1433 ‘Vocavit
327 1398 486 1433 terram
514 1405 537 1432 a
560 1387 659 1433 solis
680 1397 780 1433 ortu
812 1403 950 1448 usque
981 1386 1034 1431 ad
1066 1402 1297 1431 occasum:
1336 1405 1355 1427 «
1377 1388 1442 1429 Ex

58 1458 160 1504 Sion
182 1458 445 1519 procedente
467 1459 607 1519 specie
628 1474 718 1502 sua.
749 1458 814 1502 Ibi
837 1458 954 1501 enim
972 1467 1096 1502 erant
1117 1456 1344 1516 Discipuli,
1365 1457 1442 1517 qui

55 1538 314 1590 acceperunt
340 1530 545 1590 Spiritum
572 1538 770 1573 sanctum
793 1528 1152 1589 quinquagesimo
1177 1537 1272 1587 post
1295 1543 1441 1571 resur-

54 1602 291 1645 rectionem
320 1602 410 1662 ejus
433 1600 502 1645 die
523 1600 701 1644 missum
725 1598 779 1643 de
802 1598 915 1644 coelo
931 1601 962 1642 4.
991 1599 1099 1643 Inde
1125 1598 1408 1657 Evangelium
1426 1633 1438 1653 ,

53 1671 155 1716 inde
175 1672 448 1732 praedicatio,
468 1670 570 1716 inde
592 1670 796 1731 impletus
819 1670 934 1715 orbis
955 1679 1191 1725 terrarum,
1217 1679 1260 1714 et
1289 1670 1376 1715 hoc,
1394 1670 1441 1714 in

53 1743 187 1801 gratia
207 1742 324 1786 fidei.

33 1810 35 1813 ’
111 1814 164 1856 V.
185 1815 293 1858 Nam
311 1827 412 1857 eum
435 1811 525 1872 ipse
547 1811 758 1855 Dominus
780 1810 988 1865 venisset,
1014 1810 1116 1871 quia
1139 1825 1340 1870 passurus
1363 1824 1441 1854 ve-

54 1882 139 1937 nit,
166 1882 364 1925 occultus
388 1882 532 1923 venit:
559 1890 601 1922 et
623 1897 721 1924 cum
750 1890 860 1924 esset
880 1881 1003 1925 fortis
1021 1881 1065 1924 in
1089 1897 1155 1933 se,
1176 1881 1373 1924 infirmus
1396 1881 1440 1924 in

53 1968 182 1997 carne
209 1952 422 2011 apparuit.
457 1950 698 2009 Oportebat
725 1949 840 1993 enim
866 1964 967 1992 cum
998 1949 1157 2003 videri,
1183 1959 1233 1993 ut
1258 1966 1346 1994 non
1369 1951 1440 1994 in-

54 2019 319 2080 telligeretur
335 2042 346 2079 3
365 2021 601 2075 contemni,
628 2029 677 2064 ut
692 2019 977 2064 occideretur.
997 2022 1101 2063 Erat
1114 2018 1261 2077 gloriae
1278 2021 1440 2080 species

54 2095 98 2137 in
116 2091 364 2149 divinitate,
382 2091 457 2135 sed
473 2092 568 2135 haec
589 2090 754 2134 latebat
776 2091 819 2133 in
838 2106 981 2134 carne.
1006 2090 1048 2135 Si
1071 2090 1187 2134 enim
1213 2092 1442 2149 cognovis-

55 2172 164 2218 sent,
194 2177 422 2222 nunquam
444 2161 679 2206 Dominum
704 2161 850 2220 gloriae
873 2161 1227 2205 crucifixissentf’.
1253 2162 1319 2206 Sic
1337 2178 1441 2221 ergo

54 2234 168 2278 inter
198 2233 395 2288 Judaeos,
432 2232 545 2276 inter
577 2231 773 2278 inimicos
810 2231 1050 2276 ambulavit
1079 2231 1300 2287 occultus,
1331 2233 1440 2278 mira

56 2302 232 2357 faciens,
246 2302 359 2347 mala
376 2302 558 2362 patiens,
575 2301 715 2347 donec
729 2301 1064 2362 suspenderetur
1077 2301 1121 2345 in
1134 2301 1271 2361 ligno,
1287 2301 1442 2347 viden-

56 2383 208 2434 tesque
222 2372 487 2432 pendentem
502 2376 525 2417 J
530 2373 644 2417 udaei
656 2374 789 2431 magis
803 2373 1024 2432 magisque
1042 2381 1386 2428 contemnerent,
1398 2383 1441 2418 et

58 2453 157 2488 ante
173 2458 346 2488 crucem
362 2452 494 2503 caput
511 2443 740 2501 agitantes,
761 2442 953 2486 dicerent
972 2461 980 2486 :
1000 2461 1020 2484 «
1043 2443 1085 2487 Si
1103 2442 1236 2487 Filius
1259 2443 1337 2487 Dei
1357 2452 1437 2499 est,

105 2543 113 2560 ¹
136 2539 213 2569 Luc.
233 2548 321 2578 xxiv,
339 2537 397 2580 46,
415 2537 469 2581 (47.
490 2555 531 2561 —
550 2545 562 2562 ²
581 2536 660 2571 Psal.
682 2548 777 2578 xmv,
797 2536 829 2569 3.
846 2553 888 2560 --
912 2534 1013 2569 31sai.
1035 2548 1086 2580 vl,
1106 2537 1138 2570 3.
1164 2554 1206 2561 —-
1224 2536 1238 2568 4
1254 2541 1316 2571 Act
1348 2550 1380 2571 n.
1404 2537 1436 2580 4

58 2609 100 2616 --
119 2591 133 2615 5
155 2604 166 2625 1
184 2594 256 2625 Cor.
275 2604 312 2635 11,
332 2593 364 2626 8.
