<?xml version="1.0" encoding="UTF-8"?>
<!DOCTYPE html PUBLIC "-//W3C//DTD XHTML 1.0 Transitional//EN"
    "http://www.w3.org/TR/xhtml1/DTD/xhtml1-transitional.dtd">
<html xmlns="http://www.w3.org/1999/xhtml" xml:lang="en" lang="en">
 <head>
  <title>
</title>
<meta http-equiv="Content-Type" content="text/html;charset=utf-8" />
  <meta name='ocr-system' content='tesseract 3.04.00' />
  <meta name='ocr-capabilities' content='ocr_page ocr_carea ocr_par ocr_line ocrx_word'/>
</head>
<body>
  <div class='ocr_page' id='page_1' title='image "./operaomniaaccura08auguuoft_0461.png"; bbox 0 0 1841 3223; ppageno 0'>
   <div class='ocr_carea' id='block_1_1' title="bbox 432 213 1456 253">
    <p class='ocr_par' dir='ltr' id='par_1_1' title="bbox 432 213 1456 253">
     <span class='ocr_line' id='line_1_1' title="bbox 432 213 1456 253; baseline 0.001 -3"><span class='ocrx_word' id='word_1_1' title='bbox 432 222 673 251; x_wconf 77' lang='lat' dir='ltr'>ENARRATIO</span> <span class='ocrx_word' id='word_1_2' title='bbox 705 225 750 251; x_wconf 75' lang='grc' dir='ltr'>ΙΝ</span> <span class='ocrx_word' id='word_1_3' title='bbox 783 223 985 251; x_wconf 77' lang='lat' dir='ltr'>PsALMUM</span> <span class='ocrx_word' id='word_1_4' title='bbox 1016 225 1055 249; x_wconf 88' lang='lat' dir='ltr'>L.</span> <span class='ocrx_word' id='word_1_5' title='bbox 1373 213 1456 253; x_wconf 79' lang='lat'>447</span> 
     </span>
    </p>
   </div>
   <div class='ocr_carea' id='block_1_2' title="bbox 61 287 1464 2599">
    <p class='ocr_par' dir='ltr' id='par_1_2' title="bbox 61 287 1464 2599">
     <span class='ocr_line' id='line_1_2' title="bbox 65 287 1461 351; baseline 0.004 -23"><span class='ocrx_word' id='word_1_6' title='bbox 65 300 162 330; x_wconf 90' lang='lat' dir='ltr'>mus</span> <span class='ocrx_word' id='word_1_7' title='bbox 189 287 303 331; x_wconf 88' lang='lat' dir='ltr'>enim</span> <span class='ocrx_word' id='word_1_8' title='bbox 333 297 376 333; x_wconf 89' lang='lat' dir='ltr'>et</span> <span class='ocrx_word' id='word_1_9' title='bbox 400 288 613 347; x_wconf 87' lang='lat' dir='ltr'>baptismo</span> <span class='ocrx_word' id='word_1_10' title='bbox 649 289 807 333; x_wconf 85' lang='lat' dir='ltr'>Christi</span> <span class='ocrx_word' id='word_1_11' title='bbox 837 288 943 333; x_wconf 85' lang='lat' dir='ltr'>solvi</span> <span class='ocrx_word' id='word_1_12' title='bbox 978 297 1153 348; x_wconf 86' lang='lat' dir='ltr'>peccata</span> <span class='ocrx_word' id='word_1_13' title='bbox 1171 324 1181 343; x_wconf 86' lang='lat'>‚</span> <span class='ocrx_word' id='word_1_14' title='bbox 1214 297 1257 332; x_wconf 90' lang='lat' dir='ltr'>et</span> <span class='ocrx_word' id='word_1_15' title='bbox 1288 289 1461 351; x_wconf 6' lang='lat' dir='ltr'>baptis-p</span> 
     </span>
     <span class='ocr_line' id='line_1_3' title="bbox 64 357 1457 417; baseline 0.004 -18"><span class='ocrx_word' id='word_1_16' title='bbox 64 370 186 400; x_wconf 88' lang='lat' dir='ltr'>mum</span> <span class='ocrx_word' id='word_1_17' title='bbox 210 359 367 403; x_wconf 85' lang='lat' dir='ltr'>Christi</span> <span class='ocrx_word' id='word_1_18' title='bbox 389 357 532 403; x_wconf 84' lang='lat' dir='ltr'>valere</span> <span class='ocrx_word' id='word_1_19' title='bbox 554 358 608 402; x_wconf 86' lang='lat' dir='ltr'>ad</span> <span class='ocrx_word' id='word_1_20' title='bbox 626 358 918 402; x_wconf 85' lang='lat' dir='ltr'>remissionem</span> <span class='ocrx_word' id='word_1_21' title='bbox 941 367 1233 417; x_wconf 86' lang='lat' dir='ltr'>pcccatorum.</span> <span class='ocrx_word' id='word_1_22' title='bbox 1258 359 1300 404; x_wconf 90' lang='lat' dir='ltr'>Si</span> <span class='ocrx_word' id='word_1_23' title='bbox 1316 358 1457 404; x_wconf 85' lang='lat' dir='ltr'>infan-</span> 
     </span>
     <span class='ocr_line' id='line_1_4' title="bbox 64 428 1451 483; baseline 0.003 -13"><span class='ocrx_word' id='word_1_24' title='bbox 64 435 128 470; x_wconf 79' lang='lat' dir='ltr'>tes</span> <span class='ocrx_word' id='word_1_25' title='bbox 150 429 268 472; x_wconf 90' lang='lat' dir='ltr'>omni</span> <span class='ocrx_word' id='word_1_26' title='bbox 283 428 415 473; x_wconf 90' lang='lat' dir='ltr'>modo</span> <span class='ocrx_word' id='word_1_27' title='bbox 432 428 684 473; x_wconf 86' lang='lat' dir='ltr'>innoeentes</span> <span class='ocrx_word' id='word_1_28' title='bbox 706 437 809 472; x_wconf 86' lang='lat' dir='ltr'>sunt</span> <span class='ocrx_word' id='word_1_29' title='bbox 827 464 837 483; x_wconf 86' lang='lat'>‚</span> <span class='ocrx_word' id='word_1_30' title='bbox 863 444 941 472; x_wconf 88' lang='lat' dir='ltr'>cur</span> <span class='ocrx_word' id='word_1_31' title='bbox 965 438 1121 473; x_wconf 86' lang='lat' dir='ltr'>matres</span> <span class='ocrx_word' id='word_1_32' title='bbox 1139 428 1193 474; x_wconf 86' lang='lat' dir='ltr'>ad</span> <span class='ocrx_word' id='word_1_33' title='bbox 1214 429 1451 475; x_wconf 84' lang='lat' dir='ltr'>Ecclesiam</span> 
     </span>
     <span class='ocr_line' id='line_1_5' title="bbox 65 498 1451 561; baseline 0.002 -19"><span class='ocrx_word' id='word_1_34' title='bbox 65 513 165 542; x_wconf 88' lang='lat' dir='ltr'>cum</span> <span class='ocrx_word' id='word_1_35' title='bbox 186 498 495 558; x_wconf 80' lang='lat' dir='ltr'>languentibus</span> <span class='ocrx_word' id='word_1_36' title='bbox 517 500 725 544; x_wconf 83' lang='lat' dir='ltr'>currunt?</span> <span class='ocrx_word' id='word_1_37' title='bbox 746 499 862 552; x_wconf 88' lang='lat' dir='ltr'><strong>Quid</strong></span> <span class='ocrx_word' id='word_1_38' title='bbox 879 499 955 544; x_wconf 92' lang='lat' dir='ltr'>illo</span> <span class='ocrx_word' id='word_1_39' title='bbox 975 500 1188 560; x_wconf 85' lang='lat' dir='ltr'>baptismo</span> <span class='ocrx_word' id='word_1_40' title='bbox 1205 536 1215 556; x_wconf 89' lang='lat'>‚</span> <span class='ocrx_word' id='word_1_41' title='bbox 1248 501 1356 561; x_wconf 84' lang='lat' dir='ltr'>quid</span> <span class='ocrx_word' id='word_1_42' title='bbox 1377 500 1451 546; x_wconf 80' lang='lat' dir='ltr'>illa</span> 
     </span>
     <span class='ocr_line' id='line_1_6' title="bbox 64 569 1450 628; baseline 0.003 -16"><span class='ocrx_word' id='word_1_43' title='bbox 64 569 312 614; x_wconf 74' lang='lat' dir='ltr'>remissione</span> <span class='ocrx_word' id='word_1_44' title='bbox 345 570 610 614; x_wconf 80' lang='lat' dir='ltr'>dimittitur?</span> <span class='ocrx_word' id='word_1_45' title='bbox 637 572 922 614; x_wconf 85' lang='lat' dir='ltr'>Innocentem</span> <span class='ocrx_word' id='word_1_46' title='bbox 954 571 1087 628; x_wconf 83' lang='lat' dir='ltr'>magis</span> <span class='ocrx_word' id='word_1_47' title='bbox 1123 570 1249 616; x_wconf 85' lang='lat' dir='ltr'>video</span> <span class='ocrx_word' id='word_1_48' title='bbox 1273 572 1450 616; x_wconf 79' lang='lat' dir='ltr'>flentem</span> 
     </span>
     <span class='ocr_line' id='line_1_7' title="bbox 61 640 1453 700; baseline 0.003 -17"><span class='ocrx_word' id='word_1_49' title='bbox 61 655 196 699; x_wconf 81' lang='lat' dir='ltr'>quam</span> <span class='ocrx_word' id='word_1_50' title='bbox 225 640 494 685; x_wconf 83' lang='lat' dir='ltr'>irascentem.</span> <span class='ocrx_word' id='word_1_51' title='bbox 520 640 636 694; x_wconf 87' lang='lat' dir='ltr'>Quid</span> <span class='ocrx_word' id='word_1_52' title='bbox 672 640 778 685; x_wconf 86' lang='lat' dir='ltr'>eluit</span> <span class='ocrx_word' id='word_1_53' title='bbox 796 640 1062 700; x_wconf 77' lang='lat' dir='ltr'>baptismus?</span> <span class='ocrx_word' id='word_1_54' title='bbox 1086 641 1203 695; x_wconf 84' lang='lat' dir='ltr'>Quid</span> <span class='ocrx_word' id='word_1_55' title='bbox 1226 641 1353 687; x_wconf 87' lang='lat' dir='ltr'>solvit</span> <span class='ocrx_word' id='word_1_56' title='bbox 1379 642 1453 687; x_wconf 89' lang='lat' dir='ltr'>illa</span> 
     </span>
     <span class='ocr_line' id='line_1_8' title="bbox 65 710 1455 772; baseline 0.003 -19"><span class='ocrx_word' id='word_1_57' title='bbox 65 710 230 767; x_wconf 81' lang='lat' dir='ltr'>gratia?</span> <span class='ocrx_word' id='word_1_58' title='bbox 264 711 454 756; x_wconf 84' lang='lat' dir='ltr'>Solvitur</span> <span class='ocrx_word' id='word_1_59' title='bbox 483 727 675 771; x_wconf 84' lang='lat' dir='ltr'>propago</span> <span class='ocrx_word' id='word_1_60' title='bbox 696 712 875 771; x_wconf 86' lang='lat' dir='ltr'>peccati.</span> <span class='ocrx_word' id='word_1_61' title='bbox 908 711 1020 764; x_wconf 85' lang='lat' dir='ltr'>Quia</span> <span class='ocrx_word' id='word_1_62' title='bbox 1049 711 1083 755; x_wconf 89' lang='lat' dir='ltr'>si</span> <span class='ocrx_word' id='word_1_63' title='bbox 1116 711 1237 771; x_wconf 89' lang='lat' dir='ltr'>loqui</span> <span class='ocrx_word' id='word_1_64' title='bbox 1256 712 1335 756; x_wconf 86' lang='lat' dir='ltr'>tibi</span> <span class='ocrx_word' id='word_1_65' title='bbox 1353 728 1455 772; x_wconf 92' lang='lat' dir='ltr'>pos·-</span> 
     </span>
     <span class='ocr_line' id='line_1_9' title="bbox 64 779 1452 842; baseline 0.002 -17"><span class='ocrx_word' id='word_1_66' title='bbox 64 789 129 824; x_wconf 87' lang='lat' dir='ltr'>set</span> <span class='ocrx_word' id='word_1_67' title='bbox 154 779 228 825; x_wconf 85' lang='lat' dir='ltr'>ille</span> <span class='ocrx_word' id='word_1_68' title='bbox 260 781 423 837; x_wconf 78' lang='lat' dir='ltr'>infans,</span> <span class='ocrx_word' id='word_1_69' title='bbox 461 781 650 840; x_wconf 83' lang='lat' dir='ltr'>diceret3</span> <span class='ocrx_word' id='word_1_70' title='bbox 687 791 730 826; x_wconf 90' lang='lat' dir='ltr'>et</span> <span class='ocrx_word' id='word_1_71' title='bbox 764 782 798 826; x_wconf 88' lang='lat' dir='ltr'>si</span> <span class='ocrx_word' id='word_1_72' title='bbox 828 783 918 842; x_wconf 82' lang='lat' dir='ltr'>jam</span> <span class='ocrx_word' id='word_1_73' title='bbox 948 781 1219 826; x_wconf 87' lang='lat' dir='ltr'>intellectum</span> <span class='ocrx_word' id='word_1_74' title='bbox 1251 783 1452 840; x_wconf 82' lang='lat' dir='ltr'>haberet,</span> 
     </span>
     <span class='ocr_line' id='line_1_10' title="bbox 62 851 1453 912; baseline 0.003 -18"><span class='ocrx_word' id='word_1_75' title='bbox 62 865 195 911; x_wconf 88' lang='lat' dir='ltr'>quem</span> <span class='ocrx_word' id='word_1_76' title='bbox 206 851 399 896; x_wconf 81' lang='lat' dir='ltr'>habebat</span> <span class='ocrx_word' id='word_1_77' title='bbox 412 851 564 907; x_wconf 82' lang='lat' dir='ltr'>David,</span> <span class='ocrx_word' id='word_1_78' title='bbox 584 851 863 912; x_wconf 74' lang='lat' dir='ltr'>responderet</span> <span class='ocrx_word' id='word_1_79' title='bbox 881 853 960 896; x_wconf 84' lang='lat' dir='ltr'>tibi</span> <span class='ocrx_word' id='word_1_80' title='bbox 979 872 988 897; x_wconf 80' lang='lat' dir='ltr'><em>z</em></span> <span class='ocrx_word' id='word_1_81' title='bbox 1014 872 1033 894; x_wconf 88' lang='lat'>«</span> <span class='ocrx_word' id='word_1_82' title='bbox 1050 852 1166 906; x_wconf 85' lang='lat' dir='ltr'>Quid</span> <span class='ocrx_word' id='word_1_83' title='bbox 1182 869 1252 897; x_wconf 90' lang='lat' dir='ltr'>me</span> <span class='ocrx_word' id='word_1_84' title='bbox 1266 854 1453 898; x_wconf 84' lang='lat' dir='ltr'>attendis</span> 
     </span>
     <span class='ocr_line' id='line_1_11' title="bbox 65 919 1458 982; baseline 0.004 -19"><span class='ocrx_word' id='word_1_85' title='bbox 65 919 317 965; x_wconf 85' lang='lat' dir='ltr'>»infantem</span> <span class='ocrx_word' id='word_1_86' title='bbox 339 940 361 963; x_wconf 62' lang='lat'>³&gt;</span> <span class='ocrx_word' id='word_1_87' title='bbox 379 923 507 967; x_wconf 74' lang='lat' dir='ltr'>PNon</span> <span class='ocrx_word' id='word_1_88' title='bbox 526 922 704 982; x_wconf 87' lang='lat' dir='ltr'>quidem</span> <span class='ocrx_word' id='word_1_89' title='bbox 719 921 838 967; x_wconf 88' lang='lat' dir='ltr'>vides</span> <span class='ocrx_word' id='word_1_90' title='bbox 853 921 1044 967; x_wconf 86' lang='lat' dir='ltr'>facinora</span> <span class='ocrx_word' id='word_1_91' title='bbox 1066 939 1161 967; x_wconf 86' lang='lat' dir='ltr'>mea</span> <span class='ocrx_word' id='word_1_92' title='bbox 1188 942 1196 968; x_wconf 93' lang='lat'>:</span> <span class='ocrx_word' id='word_1_93' title='bbox 1218 923 1292 968; x_wconf 86' lang='lat' dir='ltr'>sed</span> <span class='ocrx_word' id='word_1_94' title='bbox 1312 939 1390 982; x_wconf 83' lang='lat' dir='ltr'>ego</span> <span class='ocrx_word' id='word_1_95' title='bbox 1411 925 1458 969; x_wconf 89' lang='lat' dir='ltr'>in</span> 
     </span>
     <span class='ocr_line' id='line_1_12' title="bbox 62 990 1457 1053; baseline 0.002 -18"><span class='ocrx_word' id='word_1_96' title='bbox 62 990 291 1051; x_wconf 81' lang='lat' dir='ltr'>iniquitate</span> <span class='ocrx_word' id='word_1_97' title='bbox 310 1002 548 1053; x_wconf 83' lang='lat' dir='ltr'>conceptus</span> <span class='ocrx_word' id='word_1_98' title='bbox 566 1008 662 1037; x_wconf 88' lang='lat' dir='ltr'>sum</span> <span class='ocrx_word' id='word_1_99' title='bbox 677 1028 688 1048; x_wconf 85' lang='lat'>,</span> <span class='ocrx_word' id='word_1_100' title='bbox 719 1012 738 1035; x_wconf 93' lang='lat'>«</span> <span class='ocrx_word' id='word_1_101' title='bbox 763 995 819 1037; x_wconf 89' lang='lat' dir='ltr'>Et</span> <span class='ocrx_word' id='word_1_102' title='bbox 835 992 880 1036; x_wconf 87' lang='lat' dir='ltr'>in</span> <span class='ocrx_word' id='word_1_103' title='bbox 898 993 1084 1052; x_wconf 84' lang='lat' dir='ltr'>peccatis</span> <span class='ocrx_word' id='word_1_104' title='bbox 1110 1003 1248 1038; x_wconf 83' lang='lat' dir='ltr'>mater</span> <span class='ocrx_word' id='word_1_105' title='bbox 1269 1010 1364 1039; x_wconf 86' lang='lat' dir='ltr'>mea</span> <span class='ocrx_word' id='word_1_106' title='bbox 1387 1009 1457 1039; x_wconf 90' lang='lat' dir='ltr'>me</span> 
     </span>
     <span class='ocr_line' id='line_1_13' title="bbox 67 1061 1457 1124; baseline 0.004 -21"><span class='ocrx_word' id='word_1_107' title='bbox 67 1062 156 1105; x_wconf 89' lang='lat' dir='ltr'>»in</span> <span class='ocrx_word' id='word_1_108' title='bbox 188 1071 313 1107; x_wconf 87' lang='lat' dir='ltr'>utero</span> <span class='ocrx_word' id='word_1_109' title='bbox 336 1062 457 1107; x_wconf 42' lang='lat' dir='ltr'>aluit‘</span> <span class='ocrx_word' id='word_1_110' title='bbox 485 1083 502 1105; x_wconf 86' lang='lat'>»</span> <span class='ocrx_word' id='word_1_111' title='bbox 538 1067 699 1107; x_wconf 73' lang='lat' dir='ltr'>Praeter</span> <span class='ocrx_word' id='word_1_112' title='bbox 720 1063 803 1107; x_wconf 88' lang='lat' dir='ltr'>hoc</span> <span class='ocrx_word' id='word_1_113' title='bbox 836 1061 1061 1107; x_wconf 86' lang='lat' dir='ltr'>vinculum</span> <span class='ocrx_word' id='word_1_114' title='bbox 1092 1065 1457 1124; x_wconf 63' lang='lat' dir='ltr'>concupiscentiae</span> 
     </span>
     <span class='ocr_line' id='line_1_14' title="bbox 65 1131 1460 1193; baseline 0.003 -18"><span class='ocrx_word' id='word_1_115' title='bbox 65 1131 246 1176; x_wconf 86' lang='lat' dir='ltr'>carnalis</span> <span class='ocrx_word' id='word_1_116' title='bbox 268 1142 394 1177; x_wconf 86' lang='lat' dir='ltr'>natus</span> <span class='ocrx_word' id='word_1_117' title='bbox 423 1142 487 1177; x_wconf 86' lang='lat' dir='ltr'>est</span> <span class='ocrx_word' id='word_1_118' title='bbox 508 1133 706 1178; x_wconf 83' lang='lat' dir='ltr'>Christus</span> <span class='ocrx_word' id='word_1_119' title='bbox 728 1133 819 1177; x_wconf 89' lang='lat' dir='ltr'>sine</span> <span class='ocrx_word' id='word_1_120' title='bbox 841 1133 1034 1178; x_wconf 84' lang='lat' dir='ltr'>masculo</span> <span class='ocrx_word' id='word_1_121' title='bbox 1048 1169 1058 1188; x_wconf 78' lang='lat'>‚</span> <span class='ocrx_word' id='word_1_122' title='bbox 1085 1149 1135 1177; x_wconf 82' lang='lat' dir='ltr'>ex</span> <span class='ocrx_word' id='word_1_123' title='bbox 1157 1135 1333 1193; x_wconf 78' lang='lat' dir='ltr'>Virgine</span> <span class='ocrx_word' id='word_1_124' title='bbox 1352 1150 1460 1180; x_wconf 78' lang='lat' dir='ltr'>con-</span> 
     </span>
     <span class='ocr_line' id='line_1_15' title="bbox 65 1201 1457 1266; baseline 0.004 -22"><span class='ocrx_word' id='word_1_125' title='bbox 65 1201 251 1261; x_wconf 87' lang='lat' dir='ltr'>cipiente</span> <span class='ocrx_word' id='word_1_126' title='bbox 272 1202 328 1247; x_wconf 88' lang='lat' dir='ltr'>de</span> <span class='ocrx_word' id='word_1_127' title='bbox 353 1204 513 1263; x_wconf 82' lang='lat' dir='ltr'>Spiritu</span> <span class='ocrx_word' id='word_1_128' title='bbox 535 1213 698 1248; x_wconf 82' lang='lat' dir='ltr'>sancto.</span> <span class='ocrx_word' id='word_1_129' title='bbox 724 1205 821 1248; x_wconf 92' lang='lat' dir='ltr'>Non</span> <span class='ocrx_word' id='word_1_130' title='bbox 843 1212 984 1263; x_wconf 85' lang='lat' dir='ltr'>potest</span> <span class='ocrx_word' id='word_1_131' title='bbox 1012 1204 1092 1249; x_wconf 87' lang='lat' dir='ltr'>iste</span> <span class='ocrx_word' id='word_1_132' title='bbox 1109 1202 1196 1248; x_wconf 83' lang='lat' dir='ltr'>dici</span> <span class='ocrx_word' id='word_1_133' title='bbox 1222 1205 1267 1248; x_wconf 90' lang='lat' dir='ltr'>in</span> <span class='ocrx_word' id='word_1_134' title='bbox 1292 1205 1457 1266; x_wconf 88' lang='lat' dir='ltr'>iniqui-</span> 
     </span>
     <span class='ocr_line' id='line_1_16' title="bbox 64 1274 1457 1337; baseline 0.004 -21"><span class='ocrx_word' id='word_1_135' title='bbox 64 1281 153 1317; x_wconf 85' lang='lat' dir='ltr'>tate</span> <span class='ocrx_word' id='word_1_136' title='bbox 177 1283 433 1334; x_wconf 75' lang='lat' dir='ltr'>conceptus⁷</span> <span class='ocrx_word' id='word_1_137' title='bbox 465 1291 554 1319; x_wconf 90' lang='lat' dir='ltr'>non</span> <span class='ocrx_word' id='word_1_138' title='bbox 584 1283 727 1334; x_wconf 82' lang='lat' dir='ltr'>potest</span> <span class='ocrx_word' id='word_1_139' title='bbox 753 1274 838 1318; x_wconf 87' lang='lat' dir='ltr'>dici</span> <span class='ocrx_word' id='word_1_140' title='bbox 870 1294 878 1318; x_wconf 91' lang='lat'>:</span> <span class='ocrx_word' id='word_1_141' title='bbox 916 1278 966 1318; x_wconf 91' lang='lat' dir='ltr'>In</span> <span class='ocrx_word' id='word_1_142' title='bbox 988 1275 1174 1334; x_wconf 80' lang='lat' dir='ltr'>peccatis</span> <span class='ocrx_word' id='word_1_143' title='bbox 1201 1285 1337 1320; x_wconf 86' lang='lat' dir='ltr'>mater</span> <span class='ocrx_word' id='word_1_144' title='bbox 1367 1278 1457 1337; x_wconf 82' lang='lat' dir='ltr'>ejus</span> 
     </span>
     <span class='ocr_line' id='line_1_17' title="bbox 65 1344 1458 1406; baseline 0.003 -17"><span class='ocrx_word' id='word_1_145' title='bbox 65 1344 112 1389; x_wconf 86' lang='lat' dir='ltr'>in</span> <span class='ocrx_word' id='word_1_146' title='bbox 142 1354 266 1390; x_wconf 84' lang='lat' dir='ltr'>utero</span> <span class='ocrx_word' id='word_1_147' title='bbox 293 1361 393 1390; x_wconf 89' lang='lat' dir='ltr'>eum</span> <span class='ocrx_word' id='word_1_148' title='bbox 427 1345 561 1401; x_wconf 75' lang='lat' dir='ltr'>aluit,</span> <span class='ocrx_word' id='word_1_149' title='bbox 594 1347 662 1391; x_wconf 87' lang='lat' dir='ltr'>cui</span> <span class='ocrx_word' id='word_1_150' title='bbox 693 1344 860 1390; x_wconf 87' lang='lat' dir='ltr'>dictum</span> <span class='ocrx_word' id='word_1_151' title='bbox 891 1355 954 1390; x_wconf 85' lang='lat' dir='ltr'>est</span> <span class='ocrx_word' id='word_1_152' title='bbox 980 1365 988 1390; x_wconf 87' lang='lat'>:</span> <span class='ocrx_word' id='word_1_153' title='bbox 1019 1366 1039 1388; x_wconf 91' lang='lat'>«</span> <span class='ocrx_word' id='word_1_154' title='bbox 1077 1347 1257 1406; x_wconf 82' lang='lat' dir='ltr'>Spiritus</span> <span class='ocrx_word' id='word_1_155' title='bbox 1287 1344 1458 1393; x_wconf 86' lang='lat' dir='ltr'>sanctus</span> 
     </span>
     <span class='ocr_line' id='line_1_18' title="bbox 70 1415 1452 1475; baseline 0.001 -17"><span class='ocrx_word' id='word_1_156' title='bbox 70 1434 88 1457; x_wconf 83' lang='grc'>»</span> <span class='ocrx_word' id='word_1_157' title='bbox 114 1416 388 1475; x_wconf 86' lang='lat' dir='ltr'>superveniet</span> <span class='ocrx_word' id='word_1_158' title='bbox 403 1417 448 1460; x_wconf 92' lang='lat' dir='ltr'>in</span> <span class='ocrx_word' id='word_1_159' title='bbox 470 1426 528 1472; x_wconf 81' lang='lat' dir='ltr'>tc,</span> <span class='ocrx_word' id='word_1_160' title='bbox 547 1426 590 1461; x_wconf 87' lang='lat' dir='ltr'>et</span> <span class='ocrx_word' id='word_1_161' title='bbox 605 1417 740 1460; x_wconf 89' lang='lat' dir='ltr'>virtus</span> <span class='ocrx_word' id='word_1_162' title='bbox 751 1415 959 1460; x_wconf 83' lang='lat' dir='ltr'>Altissimi</span> <span class='ocrx_word' id='word_1_163' title='bbox 980 1416 1263 1461; x_wconf 83' lang='lat' dir='ltr'>obumbrabit</span> <span class='ocrx_word' id='word_1_164' title='bbox 1285 1419 1365 1462; x_wconf 89' lang='lat' dir='ltr'>tibi</span> <span class='ocrx_word' id='word_1_165' title='bbox 1382 1422 1410 1463; x_wconf 86' lang='lat'>¹.</span> <span class='ocrx_word' id='word_1_166' title='bbox 1432 1437 1452 1460; x_wconf 73' lang='grc' dir='ltr'>υ</span> 
     </span>
     <span class='ocr_line' id='line_1_19' title="bbox 65 1485 1458 1547; baseline 0.002 -16"><span class='ocrx_word' id='word_1_167' title='bbox 65 1488 164 1531; x_wconf 85' lang='lat' dir='ltr'>Non</span> <span class='ocrx_word' id='word_1_168' title='bbox 185 1501 288 1545; x_wconf 88' lang='lat' dir='ltr'>ergo</span> <span class='ocrx_word' id='word_1_169' title='bbox 305 1485 404 1531; x_wconf 87' lang='lat' dir='ltr'>ideo</span> <span class='ocrx_word' id='word_1_170' title='bbox 425 1487 471 1530; x_wconf 89' lang='lat' dir='ltr'>in</span> <span class='ocrx_word' id='word_1_171' title='bbox 494 1487 724 1547; x_wconf 79' lang='lat' dir='ltr'>iniquitate</span> <span class='ocrx_word' id='word_1_172' title='bbox 751 1486 1058 1545; x_wconf 85' lang='lat' dir='ltr'>concipiuntur</span> <span class='ocrx_word' id='word_1_173' title='bbox 1087 1487 1309 1545; x_wconf 82' lang='lat' dir='ltr'>homines,</span> <span class='ocrx_word' id='word_1_174' title='bbox 1341 1499 1385 1534; x_wconf 90' lang='lat' dir='ltr'>et</span> <span class='ocrx_word' id='word_1_175' title='bbox 1412 1490 1458 1534; x_wconf 90' lang='lat' dir='ltr'>in</span> 
     </span>
     <span class='ocr_line' id='line_1_20' title="bbox 66 1557 1460 1619; baseline 0.004 -19"><span class='ocrx_word' id='word_1_176' title='bbox 66 1557 254 1616; x_wconf 83' lang='lat' dir='ltr'>peccatis</span> <span class='ocrx_word' id='word_1_177' title='bbox 277 1558 323 1601; x_wconf 92' lang='lat' dir='ltr'>in</span> <span class='ocrx_word' id='word_1_178' title='bbox 345 1567 469 1602; x_wconf 88' lang='lat' dir='ltr'>utero</span> <span class='ocrx_word' id='word_1_179' title='bbox 493 1574 516 1602; x_wconf 85' lang='lat' dir='ltr'>a</span> <span class='ocrx_word' id='word_1_180' title='bbox 543 1558 754 1602; x_wconf 84' lang='lat' dir='ltr'>matribus</span> <span class='ocrx_word' id='word_1_181' title='bbox 776 1557 954 1602; x_wconf 84' lang='lat' dir='ltr'>aluntur</span> <span class='ocrx_word' id='word_1_182' title='bbox 969 1593 979 1613; x_wconf 81' lang='lat'>,</span> <span class='ocrx_word' id='word_1_183' title='bbox 1011 1558 1113 1618; x_wconf 85' lang='lat' dir='ltr'>quia</span> <span class='ocrx_word' id='word_1_184' title='bbox 1141 1570 1369 1619; x_wconf 83' lang='lat' dir='ltr'>peccatum</span> <span class='ocrx_word' id='word_1_185' title='bbox 1396 1570 1460 1605; x_wconf 84' lang='lat' dir='ltr'>est</span> 
     </span>
     <span class='ocr_line' id='line_1_21' title="bbox 66 1626 1460 1691; baseline 0.004 -21"><span class='ocrx_word' id='word_1_186' title='bbox 66 1627 238 1671; x_wconf 84' lang='lat' dir='ltr'>misceri</span> <span class='ocrx_word' id='word_1_187' title='bbox 257 1628 519 1688; x_wconf 82' lang='lat' dir='ltr'>conjugibus</span> <span class='ocrx_word' id='word_1_188' title='bbox 538 1649 548 1686; x_wconf 81' lang='lat'>3</span> <span class='ocrx_word' id='word_1_189' title='bbox 573 1627 648 1672; x_wconf 86' lang='lat' dir='ltr'>sed</span> <span class='ocrx_word' id='word_1_190' title='bbox 664 1627 766 1688; x_wconf 88' lang='lat' dir='ltr'>quia</span> <span class='ocrx_word' id='word_1_191' title='bbox 783 1626 894 1672; x_wconf 87' lang='lat' dir='ltr'>illud</span> <span class='ocrx_word' id='word_1_192' title='bbox 916 1628 1036 1688; x_wconf 89' lang='lat' dir='ltr'>quod</span> <span class='ocrx_word' id='word_1_193' title='bbox 1055 1630 1104 1673; x_wconf 86' lang='lat' dir='ltr'>fit</span> <span class='ocrx_word' id='word_1_194' title='bbox 1124 1666 1135 1686; x_wconf 85' lang='lat'>‚</span> <span class='ocrx_word' id='word_1_195' title='bbox 1161 1630 1313 1691; x_wconf 88' lang='lat' dir='ltr'>utique</span> <span class='ocrx_word' id='word_1_196' title='bbox 1335 1632 1385 1675; x_wconf 86' lang='lat' dir='ltr'>fit</span> <span class='ocrx_word' id='word_1_197' title='bbox 1405 1631 1460 1676; x_wconf 91' lang='lat' dir='ltr'>de</span> 
     </span>
     <span class='ocr_line' id='line_1_22' title="bbox 67 1697 1456 1760; baseline 0.003 -19"><span class='ocrx_word' id='word_1_198' title='bbox 67 1712 196 1741; x_wconf 89' lang='lat' dir='ltr'>carne</span> <span class='ocrx_word' id='word_1_199' title='bbox 218 1697 395 1757; x_wconf 86' lang='lat' dir='ltr'>poenali.</span> <span class='ocrx_word' id='word_1_200' title='bbox 419 1700 552 1742; x_wconf 82' lang='lat' dir='ltr'>Poena</span> <span class='ocrx_word' id='word_1_201' title='bbox 574 1697 689 1741; x_wconf 86' lang='lat' dir='ltr'>enim</span> <span class='ocrx_word' id='word_1_202' title='bbox 705 1698 843 1742; x_wconf 85' lang='lat' dir='ltr'>carnis</span> <span class='ocrx_word' id='word_1_203' title='bbox 866 1713 982 1742; x_wconf 89' lang='lat' dir='ltr'>mors</span> <span class='ocrx_word' id='word_1_204' title='bbox 1003 1708 1088 1754; x_wconf 87' lang='lat' dir='ltr'>est,</span> <span class='ocrx_word' id='word_1_205' title='bbox 1113 1709 1157 1744; x_wconf 87' lang='lat' dir='ltr'>et</span> <span class='ocrx_word' id='word_1_206' title='bbox 1173 1702 1327 1760; x_wconf 85' lang='lat' dir='ltr'>utiquc</span> <span class='ocrx_word' id='word_1_207' title='bbox 1344 1701 1456 1746; x_wconf 87' lang='lat' dir='ltr'>inest</span> 
     </span>
     <span class='ocr_line' id='line_1_23' title="bbox 67 1767 1460 1832; baseline 0.004 -21"><span class='ocrx_word' id='word_1_208' title='bbox 67 1767 158 1827; x_wconf 89' lang='lat' dir='ltr'>ipsa</span> <span class='ocrx_word' id='word_1_209' title='bbox 187 1767 440 1812; x_wconf 81' lang='lat' dir='ltr'>mortalitas.</span> <span class='ocrx_word' id='word_1_210' title='bbox 474 1767 599 1812; x_wconf 89' lang='lat' dir='ltr'>Unde</span> <span class='ocrx_word' id='word_1_211' title='bbox 632 1768 864 1828; x_wconf 84' lang='lat' dir='ltr'>Apostolus</span> <span class='ocrx_word' id='word_1_212' title='bbox 892 1785 981 1813; x_wconf 91' lang='lat' dir='ltr'>non</span> <span class='ocrx_word' id='word_1_213' title='bbox 1007 1771 1265 1815; x_wconf 86' lang='lat' dir='ltr'>moriturum</span> <span class='ocrx_word' id='word_1_214' title='bbox 1303 1788 1460 1832; x_wconf 90' lang='lat' dir='ltr'>corpus</span> 
     </span>
     <span class='ocr_line' id='line_1_24' title="bbox 69 1837 1456 1899; baseline 0.004 -18"><span class='ocrx_word' id='word_1_215' title='bbox 69 1837 197 1893; x_wconf 79' lang='lat' dir='ltr'>dixit,</span> <span class='ocrx_word' id='word_1_216' title='bbox 227 1838 302 1882; x_wconf 91' lang='lat' dir='ltr'>sed</span> <span class='ocrx_word' id='word_1_217' title='bbox 330 1847 552 1883; x_wconf 88' lang='lat' dir='ltr'>mortuum</span> <span class='ocrx_word' id='word_1_218' title='bbox 591 1857 599 1882; x_wconf 73' lang='grc' dir='ltr'><strong><em>ε</em></strong></span> <span class='ocrx_word' id='word_1_219' title='bbox 635 1857 655 1880; x_wconf 70' lang='grc' dir='ltr'>(ι</span> <span class='ocrx_word' id='word_1_220' title='bbox 690 1841 859 1898; x_wconf 89' lang='lat' dir='ltr'>Corpus</span> <span class='ocrx_word' id='word_1_221' title='bbox 890 1839 1070 1899; x_wconf 82' lang='lat' dir='ltr'>quidem</span> <span class='ocrx_word' id='word_1_222' title='bbox 1103 1850 1328 1886; x_wconf 87' lang='lat' dir='ltr'>mortuum</span> <span class='ocrx_word' id='word_1_223' title='bbox 1362 1852 1426 1887; x_wconf 85' lang='lat' dir='ltr'>est</span> <span class='ocrx_word' id='word_1_224' title='bbox 1445 1878 1456 1899; x_wconf 87' lang='lat'>‚</span> 
     </span>
     <span class='ocr_line' id='line_1_25' title="bbox 73 1908 1457 1975; baseline 0.007 -25"><span class='ocrx_word' id='word_1_225' title='bbox 73 1925 93 1950; x_wconf 89' lang='lat'>&gt;›</span> <span class='ocrx_word' id='word_1_226' title='bbox 110 1908 269 1969; x_wconf 80' lang='lat' dir='ltr'>inquit,</span> <span class='ocrx_word' id='word_1_227' title='bbox 287 1919 464 1970; x_wconf 87' lang='lat' dir='ltr'>propter</span> <span class='ocrx_word' id='word_1_228' title='bbox 476 1919 728 1970; x_wconf 75' lang='lat' dir='ltr'>peccatum3</span> <span class='ocrx_word' id='word_1_229' title='bbox 749 1910 922 1970; x_wconf 88' lang='lat' dir='ltr'>spiritus</span> <span class='ocrx_word' id='word_1_230' title='bbox 941 1921 1087 1956; x_wconf 89' lang='lat' dir='ltr'>autem</span> <span class='ocrx_word' id='word_1_231' title='bbox 1103 1913 1189 1957; x_wconf 84' lang='lat' dir='ltr'>vita</span> <span class='ocrx_word' id='word_1_232' title='bbox 1205 1924 1268 1958; x_wconf 92' lang='lat' dir='ltr'>est</span> <span class='ocrx_word' id='word_1_233' title='bbox 1280 1925 1457 1975; x_wconf 88' lang='lat' dir='ltr'>propter</span> 
     </span>
     <span class='ocr_line' id='line_1_26' title="bbox 74 1980 1461 2043; baseline 0.008 -23"><span class='ocrx_word' id='word_1_234' title='bbox 74 1997 94 2020; x_wconf 91' lang='lat'>»</span> <span class='ocrx_word' id='word_1_235' title='bbox 113 1980 326 2040; x_wconf 83' lang='lat' dir='ltr'>justitiam</span> <span class='ocrx_word' id='word_1_236' title='bbox 338 1984 371 2026; x_wconf 78' lang='lat'>².</span> <span class='ocrx_word' id='word_1_237' title='bbox 396 1999 416 2023; x_wconf 78' lang='lat'>&gt;›</span> <span class='ocrx_word' id='word_1_238' title='bbox 442 1981 675 2034; x_wconf 89' lang='lat' dir='ltr'>Quomodo</span> <span class='ocrx_word' id='word_1_239' title='bbox 697 1997 799 2041; x_wconf 85' lang='lat' dir='ltr'>ergo</span> <span class='ocrx_word' id='word_1_240' title='bbox 818 1982 908 2025; x_wconf 88' lang='lat' dir='ltr'>sine</span> <span class='ocrx_word' id='word_1_241' title='bbox 930 1983 1106 2028; x_wconf 71' lang='lat' dir='ltr'>vinculo</span> <span class='ocrx_word' id='word_1_242' title='bbox 1129 1987 1296 2043; x_wconf 88' lang='lat' dir='ltr'>peccati</span> <span class='ocrx_word' id='word_1_243' title='bbox 1318 1987 1461 2031; x_wconf 84' lang='lat' dir='ltr'>nasci-</span> 
     </span>
     <span class='ocr_line' id='line_1_27' title="bbox 71 2050 1459 2114; baseline 0.006 -21"><span class='ocrx_word' id='word_1_244' title='bbox 71 2058 143 2094; x_wconf 86' lang='lat' dir='ltr'>tur</span> <span class='ocrx_word' id='word_1_245' title='bbox 164 2085 175 2105; x_wconf 82' lang='lat'>,</span> <span class='ocrx_word' id='word_1_246' title='bbox 207 2050 327 2111; x_wconf 86' lang='lat' dir='ltr'>quod</span> <span class='ocrx_word' id='word_1_247' title='bbox 364 2052 610 2111; x_wconf 83' lang='lat' dir='ltr'>concipitur</span> <span class='ocrx_word' id='word_1_248' title='bbox 643 2061 686 2096; x_wconf 87' lang='lat' dir='ltr'>et</span> <span class='ocrx_word' id='word_1_249' title='bbox 719 2052 956 2096; x_wconf 83' lang='lat' dir='ltr'>seminatur</span> <span class='ocrx_word' id='word_1_250' title='bbox 989 2052 1044 2097; x_wconf 92' lang='lat' dir='ltr'>de</span> <span class='ocrx_word' id='word_1_251' title='bbox 1073 2069 1253 2114; x_wconf 88' lang='lat' dir='ltr'>corpore</span> <span class='ocrx_word' id='word_1_252' title='bbox 1285 2068 1459 2102; x_wconf 88' lang='lat' dir='ltr'>mortuo</span> 
     </span>
     <span class='ocr_line' id='line_1_28' title="bbox 71 2122 1463 2184; baseline 0.006 -20"><span class='ocrx_word' id='word_1_253' title='bbox 71 2130 248 2180; x_wconf 88' lang='lat' dir='ltr'>propter</span> <span class='ocrx_word' id='word_1_254' title='bbox 269 2130 497 2181; x_wconf 86' lang='lat' dir='ltr'>peccatum</span> <span class='ocrx_word' id='word_1_255' title='bbox 510 2123 528 2165; x_wconf 77' lang='grc' dir='ltr'><em>Ρ</em></span> <span class='ocrx_word' id='word_1_256' title='bbox 542 2123 663 2181; x_wconf 88' lang='lat' dir='ltr'>Opus</span> <span class='ocrx_word' id='word_1_257' title='bbox 676 2122 760 2167; x_wconf 88' lang='lat' dir='ltr'>hoc</span> <span class='ocrx_word' id='word_1_258' title='bbox 780 2131 947 2167; x_wconf 84' lang='lat' dir='ltr'>castum</span> <span class='ocrx_word' id='word_1_259' title='bbox 963 2123 1008 2166; x_wconf 91' lang='lat' dir='ltr'>in</span> <span class='ocrx_word' id='word_1_260' title='bbox 1027 2126 1209 2184; x_wconf 86' lang='lat' dir='ltr'>conjuge</span> <span class='ocrx_word' id='word_1_261' title='bbox 1223 2142 1311 2170; x_wconf 88' lang='lat' dir='ltr'>non</span> <span class='ocrx_word' id='word_1_262' title='bbox 1328 2127 1463 2172; x_wconf 86' lang='lat' dir='ltr'>habet</span> 
     </span>
     <span class='ocr_line' id='line_1_29' title="bbox 72 2189 1457 2256; baseline 0.005 -21"><span class='ocrx_word' id='word_1_263' title='bbox 72 2189 269 2251; x_wconf 81' lang='lat' dir='ltr'>culpam,</span> <span class='ocrx_word' id='word_1_264' title='bbox 296 2191 372 2236; x_wconf 89' lang='lat' dir='ltr'>sed</span> <span class='ocrx_word' id='word_1_265' title='bbox 393 2192 514 2251; x_wconf 81' lang='lat' dir='ltr'>origo</span> <span class='ocrx_word' id='word_1_266' title='bbox 533 2194 698 2252; x_wconf 84' lang='lat' dir='ltr'>peccati</span> <span class='ocrx_word' id='word_1_267' title='bbox 723 2194 855 2238; x_wconf 86' lang='lat' dir='ltr'>trahit</span> <span class='ocrx_word' id='word_1_268' title='bbox 881 2209 1026 2238; x_wconf 88' lang='lat' dir='ltr'>secum</span> <span class='ocrx_word' id='word_1_269' title='bbox 1048 2195 1239 2240; x_wconf 86' lang='lat' dir='ltr'>debitam</span> <span class='ocrx_word' id='word_1_270' title='bbox 1263 2212 1457 2256; x_wconf 86' lang='lat' dir='ltr'>poenam.</span> 
     </span>
     <span class='ocr_line' id='line_1_30' title="bbox 71 2262 1458 2325; baseline 0.006 -20"><span class='ocrx_word' id='word_1_271' title='bbox 71 2263 170 2306; x_wconf 90' lang='lat' dir='ltr'>Non</span> <span class='ocrx_word' id='word_1_272' title='bbox 193 2262 305 2306; x_wconf 89' lang='lat' dir='ltr'>enim</span> <span class='ocrx_word' id='word_1_273' title='bbox 326 2262 506 2306; x_wconf 87' lang='lat' dir='ltr'>maritus</span> <span class='ocrx_word' id='word_1_274' title='bbox 523 2298 533 2316; x_wconf 82' lang='grc'>,</span> <span class='ocrx_word' id='word_1_275' title='bbox 567 2263 667 2322; x_wconf 85' lang='lat' dir='ltr'>quia</span> <span class='ocrx_word' id='word_1_276' title='bbox 696 2264 876 2308; x_wconf 87' lang='lat' dir='ltr'>maritus</span> <span class='ocrx_word' id='word_1_277' title='bbox 904 2273 988 2319; x_wconf 80' lang='lat' dir='ltr'>est,</span> <span class='ocrx_word' id='word_1_278' title='bbox 1024 2266 1216 2310; x_wconf 85' lang='lat' dir='ltr'>mortalis</span> <span class='ocrx_word' id='word_1_279' title='bbox 1247 2283 1335 2312; x_wconf 91' lang='lat' dir='ltr'>non</span> <span class='ocrx_word' id='word_1_280' title='bbox 1367 2279 1458 2325; x_wconf 84' lang='lat' dir='ltr'>est,</span> 
     </span>
     <span class='ocr_line' id='line_1_31' title="bbox 75 2330 1464 2392; baseline 0.006 -18"><span class='ocrx_word' id='word_1_281' title='bbox 75 2339 150 2374; x_wconf 84' lang='lat' dir='ltr'>aut</span> <span class='ocrx_word' id='word_1_282' title='bbox 167 2330 342 2376; x_wconf 77' lang='lat' dir='ltr'>aliunde</span> <span class='ocrx_word' id='word_1_283' title='bbox 365 2332 446 2376; x_wconf 87' lang='lat' dir='ltr'>nisi</span> <span class='ocrx_word' id='word_1_284' title='bbox 465 2342 643 2392; x_wconf 86' lang='lat' dir='ltr'>peccato</span> <span class='ocrx_word' id='word_1_285' title='bbox 666 2333 858 2379; x_wconf 88' lang='lat' dir='ltr'>mortalis</span> <span class='ocrx_word' id='word_1_286' title='bbox 881 2343 958 2378; x_wconf 86' lang='lat' dir='ltr'>est.</span> <span class='ocrx_word' id='word_1_287' title='bbox 994 2338 1097 2379; x_wconf 83' lang='lat' dir='ltr'>Erat</span> <span class='ocrx_word' id='word_1_288' title='bbox 1116 2336 1231 2380; x_wconf 91' lang='lat' dir='ltr'>enim</span> <span class='ocrx_word' id='word_1_289' title='bbox 1253 2347 1296 2381; x_wconf 88' lang='lat' dir='ltr'>et</span> <span class='ocrx_word' id='word_1_290' title='bbox 1312 2340 1464 2383; x_wconf 89' lang='lat' dir='ltr'>Domi-</span> 
     </span>
     <span class='ocr_line' id='line_1_32' title="bbox 73 2401 1463 2466; baseline 0.006 -21"><span class='ocrx_word' id='word_1_291' title='bbox 73 2416 157 2445; x_wconf 88' lang='lat' dir='ltr'>nus</span> <span class='ocrx_word' id='word_1_292' title='bbox 173 2401 386 2458; x_wconf 80' lang='lat' dir='ltr'>mortalis‚</span> <span class='ocrx_word' id='word_1_293' title='bbox 413 2403 489 2446; x_wconf 90' lang='lat' dir='ltr'>sed</span> <span class='ocrx_word' id='word_1_294' title='bbox 511 2418 600 2446; x_wconf 89' lang='lat' dir='ltr'>non</span> <span class='ocrx_word' id='word_1_295' title='bbox 627 2403 681 2447; x_wconf 87' lang='lat' dir='ltr'>de</span> <span class='ocrx_word' id='word_1_296' title='bbox 703 2413 881 2464; x_wconf 87' lang='lat' dir='ltr'>peccato</span> <span class='ocrx_word' id='word_1_297' title='bbox 905 2424 913 2448; x_wconf 89' lang='lat'>:</span> <span class='ocrx_word' id='word_1_298' title='bbox 947 2406 1135 2465; x_wconf 85' lang='lat' dir='ltr'>suscepit</span> <span class='ocrx_word' id='word_1_299' title='bbox 1155 2422 1333 2466; x_wconf 87' lang='lat' dir='ltr'>poenam</span> <span class='ocrx_word' id='word_1_300' title='bbox 1364 2425 1463 2455; x_wconf 90' lang='lat' dir='ltr'>nos-</span> 
     </span>
     <span class='ocr_line' id='line_1_33' title="bbox 73 2471 1462 2537; baseline 0.006 -21"><span class='ocrx_word' id='word_1_301' title='bbox 73 2478 188 2516; x_wconf 71' lang='lat' dir='ltr'>tram</span> <span class='ocrx_word' id='word_1_302' title='bbox 199 2507 210 2528; x_wconf 84' lang='lat'>‚</span> <span class='ocrx_word' id='word_1_303' title='bbox 235 2481 278 2517; x_wconf 89' lang='lat' dir='ltr'>et</span> <span class='ocrx_word' id='word_1_304' title='bbox 291 2471 391 2518; x_wconf 86' lang='lat' dir='ltr'>ideo</span> <span class='ocrx_word' id='word_1_305' title='bbox 408 2472 536 2518; x_wconf 89' lang='lat' dir='ltr'>solvit</span> <span class='ocrx_word' id='word_1_306' title='bbox 551 2473 727 2533; x_wconf 88' lang='lat' dir='ltr'>culpam</span> <span class='ocrx_word' id='word_1_307' title='bbox 746 2483 953 2520; x_wconf 83' lang='lat' dir='ltr'>nostram.</span> <span class='ocrx_word' id='word_1_308' title='bbox 974 2476 1130 2522; x_wconf 85' lang='lat' dir='ltr'>Merito</span> <span class='ocrx_word' id='word_1_309' title='bbox 1146 2492 1249 2537; x_wconf 83' lang='lat' dir='ltr'>ergo</span> <span class='ocrx_word' id='word_1_310' title='bbox 1261 2478 1307 2523; x_wconf 93' lang='lat' dir='ltr'>in</span> <span class='ocrx_word' id='word_1_311' title='bbox 1321 2479 1462 2525; x_wconf 87' lang='lat' dir='ltr'>Adam</span> 
     </span>
     <span class='ocr_line' id='line_1_34' title="bbox 125 2555 708 2599; baseline 0.003 -11"><span class='ocrx_word' id='word_1_312' title='bbox 125 2562 134 2579; x_wconf 86' lang='lat'>¹</span> <span class='ocrx_word' id='word_1_313' title='bbox 152 2558 230 2589; x_wconf 87' lang='lat' dir='ltr'>Luc.</span> <span class='ocrx_word' id='word_1_314' title='bbox 250 2568 276 2598; x_wconf 89' lang='lat'>1,</span> <span class='ocrx_word' id='word_1_315' title='bbox 296 2555 349 2589; x_wconf 82' lang='lat'>35.</span> <span class='ocrx_word' id='word_1_316' title='bbox 371 2574 413 2580; x_wconf 93' lang='lat'><strong>—</strong></span> <span class='ocrx_word' id='word_1_317' title='bbox 433 2563 447 2581; x_wconf 90' lang='lat'>²</span> <span class='ocrx_word' id='word_1_318' title='bbox 465 2559 555 2590; x_wconf 85' lang='lat' dir='ltr'>Rom.</span> <span class='ocrx_word' id='word_1_319' title='bbox 575 2567 642 2599; x_wconf 83' lang='lat' dir='ltr'>vm,</span> <span class='ocrx_word' id='word_1_320' title='bbox 661 2569 708 2590; x_wconf 82' lang='lat' dir='ltr'>xo.</span> 
     </span>
    </p>
   </div>
  </div>
 </body>
</html>
