1841 3223
250 220 491 250 ENARRATIO
523 223 557 248 11
588 223 633 248 m
665 220 867 250 PsALMUM
901 220 1060 257 xxxw,
1095 217 1220 246 SERM.
1256 220 1304 246 11.
1395 209 1448 247 25

65 296 236 334 mortua
257 295 434 347 propter
450 295 693 345 peccatum,
714 285 856 330 Adam
878 293 1075 329 mortuus
1102 292 1280 343 propter
1295 299 1450 343 pecea-

70 369 188 413 tum,
208 367 251 402 et
269 373 368 402 earo
385 356 557 402 Domini
574 371 625 400 ex
643 356 778 400 Maria
794 365 965 399 mortua
987 364 1050 399 est
1070 366 1248 414 propter
1264 353 1450 399 delenda

67 437 259 490 peccata.
285 429 378 472 Hoc
400 426 539 472 cilicio
561 441 604 470 se
621 425 773 470 induit
790 426 996 469 Dominus
1018 445 1026 470 :
1052 435 1095 469 et
1117 424 1214 469 ideo
1242 441 1332 470 non
1360 435 1453 470 erat

68 499 239 559 agnitus
255 533 266 552 ,
291 498 391 558 quia
413 497 494 542 sub
524 496 663 542 cilicio
687 495 900 540 latitabat.
927 515 943 536 «
973 498 1085 541 Cum
1113 496 1246 552 mihi,
1282 497 1447 554 inquit,

72 591 90 614 »
125 569 295 614 molesti
318 578 480 624 essent,
505 568 741 612 induebam
764 583 834 611 me
849 567 1020 631 ¹cilicio:
1050 588 1068 609 »
1093 567 1139 612 id
1161 577 1251 623 est,
1279 567 1341 612 illi
1369 584 1451 612 sae-

65 642 269 696 viebant,
308 656 386 700 ego
410 640 616 685 latebam.
652 640 696 685 Si
728 640 844 683 enim
878 638 1011 684 latere
1045 639 1202 694 nollet,
1233 655 1309 683 nee
1341 641 1452 684 mori

66 723 232 774 posset,
250 708 608 773 quandoquidem
622 727 711 756 uno
729 712 933 771 temporis
946 720 1110 770 puncto
1123 711 1279 755 stillam
1293 728 1451 771 quam-

68 783 169 829 dam
204 784 427 844 potestatis
459 800 570 839 suae,
606 783 641 828 si
662 782 732 828 vel
765 782 876 827 stilla
912 783 1096 827 dicenda
1134 792 1223 838 est,
1264 783 1450 840 exeruit,

67 855 245 917 quando
267 871 368 901 eum
390 865 537 900 tenere
559 855 794 900 voluerunt
809 890 819 909 ,
846 863 888 899 et
916 854 971 898 ad
998 870 1132 898 unam
1154 855 1244 914 ejus
1265 855 1452 900 interro-

69 926 318 986 gationem:
347 944 365 967 «
393 929 534 980 Quem
570 926 791 986 quaeritis?
822 924 1046 969 redierunt
1080 940 1228 969 omnes
1258 935 1373 970 retro
1410 934 1454 970 et

73 1017 90 1042 »
126 996 420 1042 ceciderunt¹.
448 1017 465 1039 »
494 1000 676 1041 Tantam
698 1005 951 1057 potestatem
972 997 1018 1042 in
1038 996 1236 1057 passione
1253 1012 1343 1042 non
1364 997 1451 1042 hu-

65 1068 271 1123 miliaret,
293 1067 375 1113 nisi
392 1068 474 1112 sub
496 1067 638 1112 cilicio
659 1067 827 1112 lateret.

126 1140 202 1183 IV.
237 1141 354 1198 Ergo
386 1157 404 1180 <a
432 1137 676 1183 Induebam
710 1153 780 1183 me
812 1136 950 1183 cilicio
977 1157 986 1184 2
1016 1147 1059 1182 et
1089 1137 1375 1182 humiliabam
1408 1138 1454 1182 in

71 1229 90 1253 »
119 1209 285 1270 jejunio
321 1210 510 1254 animam
541 1225 697 1254 meam.
729 1230 747 1252 »
783 1213 949 1254 Iterum
981 1210 1015 1254 si
1044 1208 1332 1254 intelleximus
1361 1209 1454 1254 cili-

66 1279 181 1325 cium
197 1315 209 1336 ,
234 1279 457 1341 quomodo
478 1279 760 1340 intelligimus
776 1280 1019 1341 jejunium?
1040 1279 1305 1325 Mandueare
1334 1279 1454 1324 vole-

67 1351 144 1396 bat
158 1351 381 1409 Christus,
402 1350 578 1412 quando
600 1367 729 1412 poma
750 1352 973 1413 quaerebat
995 1352 1042 1395 in
1068 1351 1222 1397 arbore
1239 1387 1249 1407 ,
1274 1360 1318 1396 et
1334 1351 1366 1395 si
1392 1351 1456 1396 in-

67 1422 234 1467 veniret
269 1422 615 1467 manducaret²P
642 1422 795 1467 Bibere
828 1421 1006 1467 volebat
1039 1422 1235 1467 Christus
1275 1421 1454 1482 quando

67 1492 176 1537 dixit
197 1492 369 1537 mulieri
405 1494 715 1540 Samaritanae:
745 1513 763 1534 «
785 1497 848 1539 Da
874 1493 982 1539 mihi
1008 1494 1201 1550 bibere³,
1232 1514 1249 1538 »
1272 1493 1379 1538 dixit
1409 1495 1456 1540 in

67 1579 228 1609 cruce:
265 1582 283 1604 c<
313 1564 477 1609 Sitio4?
498 1584 516 1605 »
545 1563 662 1618 Quid
693 1565 892 1620 esurivit,
923 1564 1032 1625 quid
1066 1564 1199 1609 sitivit
1229 1565 1451 1622 Christus,

67 1634 149 1679 nisi
178 1634 294 1679 bona
322 1650 452 1695 opera
484 1638 660 1680 nostra?
699 1639 750 1680 In
777 1635 859 1680 illis
888 1636 1003 1680 enim
1025 1636 1381 1695 crucifigentibus
1413 1647 1456 1682 et

67 1705 451 1766 persequentibus,
477 1706 580 1766 quia
608 1705 728 1751 nulla
758 1706 874 1751 bona
901 1722 1031 1765 opera
1061 1706 1286 1751 invenerat
1303 1742 1313 1762 ,
1342 1708 1458 1768 jeju-

66 1776 202 1821 nabat
220 1795 231 1823 :
256 1776 558 1822 retribuebant
579 1778 694 1822 enim
712 1777 980 1823 sterilitatem
999 1777 1153 1821 animae
1172 1777 1319 1837 ipsius.
1346 1781 1454 1823 Nam

68 1846 197 1908 quale
207 1847 425 1908 jejunium
443 1848 575 1907 ipsius
587 1847 612 1893 f
611 1848 688 1904 uit,
709 1848 786 1908 qui
803 1848 874 1891 vix
886 1847 1054 1892 invenit
1066 1863 1205 1892 unum
1221 1847 1452 1906 latronem,

69 1934 200 1979 quem
222 1919 268 1962 in
284 1934 412 1963 cruce
429 1927 621 1977 gustaret
635 1920 675 1962 ⁵?
692 1918 888 1978 Apostoli
907 1922 1022 1963 enim
1040 1918 1258 1979 fugerant,
1285 1930 1328 1964 et
1345 1936 1388 1965 se
1410 1921 1455 1965 in

69 1989 199 2035 turba
221 1988 579 2034 absconderantfi.
612 1992 669 2034 Et
689 1989 762 2034 ille
780 1993 932 2034 Petrus
950 1990 1024 2050 qui
1043 2005 1086 2034 se
1106 2006 1245 2051 usque
1264 1990 1319 2036 ad
1340 2007 1457 2036 mor-

69 2069 159 2106 tem
176 2060 349 2105 Domini
370 2069 746 2120 perseveraturum
772 2075 861 2104 esse
885 2061 1139 2121 promiserat
1157 2097 1168 2116 ,
1187 2063 1278 2122 jam
1297 2071 1363 2106 ter
1380 2079 1459 2107 ne-

71 2139 246 2191 gaverat
260 2166 271 2186 ,
292 2131 382 2191 jam
404 2131 582 2175 fleverat
595 2133 625 2187 ⁷,
647 2140 690 2176 et
716 2130 859 2176 adhuc
877 2132 921 2176 in
950 2132 1078 2176 turba
1100 2132 1291 2189 latebat,
1313 2134 1457 2179 adhue

70 2201 250 2247 timebat
266 2216 321 2245 ne
342 2210 660 2259 agnosceretur.
682 2205 905 2247 Postremo
925 2201 1000 2247 illo
1023 2203 1113 2247 viso
1135 2213 1310 2249 mortuo
1326 2239 1336 2258 ,
1363 2220 1459 2248 om-

71 2287 147 2317 nes
170 2271 226 2316 de
243 2271 483 2332 saluteipsa
496 2272 858 2332 desperaverunt:
880 2288 988 2333 quos
1005 2272 1281 2334 desperantes
1293 2274 1459 2319 invenit

69 2352 168 2403 post
193 2343 551 2387 resurrectionem
567 2378 577 2398 ,
607 2352 650 2388 et
677 2342 848 2388 locutus
880 2359 980 2387 eum
1011 2345 1068 2388 eis
1100 2344 1268 2389 invenit
1290 2360 1361 2389 eos
1383 2344 1461 2390 do-

70 2414 208 2459 lentes
232 2423 276 2458 et
301 2414 520 2475 lugentes,
552 2414 661 2459 nihil
688 2416 776 2476 jam
807 2424 1041 2475 sperantes.
1066 2418 1177 2461 Nam
1206 2425 1249 2460 et
1275 2417 1333 2461 ita
1358 2427 1460 2462 suut

121 2518 130 2534 ¹
146 2513 238 2543 Joan.
257 2522 346 2553 xviii,
365 2510 493 2552 4-6.--Ν
509 2519 521 2535 ²
543 2512 655 2545 Maub.
672 2524 737 2554 xxi,
760 2524 812 2555 ¹9·
825 2529 868 2536 —-
891 2510 904 2535 3
918 2515 1009 2544 Joan.
1034 2523 1081 2553 iv,
1098 2512 1128 2545 5.
1154 2530 1197 2536 —
1216 2512 1232 2544 4
1252 2514 1300 2548 Id.
1321 2525 1387 2556 xlx,
1401 2518 1456 2551 28.

77 2584 118 2591 -
132 2564 146 2590 5
160 2569 236 2600 Luc.
259 2579 349 2609 xxm,
369 2567 422 2609 4ο.
444 2585 484 2592 --
507 2566 522 2593 6
540 2569 652 2602 Matth.
678 2580 764 2609 xxvi,
781 2569 836 2611 69.
858 2586 897 2592 --
914 2576 927 2602 7
947 2571 1038 2602 Joan.
1058 2579 1145 2611 xxm,
1167 2571 1217 2612 37.
