1841 3223
383 293 462 330 118
822 302 854 327 s.
891 298 1121 329 Auorsrtm
1152 303 1334 332 Errscom

378 386 399 409 »
436 367 662 420 Dominus.
679 375 722 409 ct
743 374 865 409 erucfz
887 382 975 422 cos,
990 376 1033 411 et
1055 369 1212 413 eximet
1230 385 1300 414 eos
1320 385 1343 413 a
1368 370 1713 430 peccatoribus&
1735 391 1754 413 »

379 438 580 483 Tolercnt
603 452 705 495 crgo
736 436 866 480 modo
900 447 1146 496 peccatores
1163 441 1294 499 justi,
1335 440 1521 485 tolerent
1541 440 1758 484 frumenta

373 508 555 562 zizania,
582 507 736 551 toleret
764 507 953 551 triticum
978 509 1143 568 paleam
1168 529 1176 554 :
1206 511 1306 571 quia
1328 512 1473 556 veniet
1494 520 1666 571 tempus
1689 527 1758 555 se-

373 578 636 640 parationis,
671 587 715 622 et
747 578 958 623 eximetur
991 595 1137 624 semen
1175 581 1342 625 bonum
1363 583 1419 626 ab
1441 598 1493 626 eo
1514 582 1636 643 quod
1671 583 1760 642 igni

371 660 654 697 consumetur
689 669 699 695 :
730 649 841 694 illud
862 651 907 695 in
939 652 1144 696 horreum
1166 652 1364 697 mittetur
1378 689 1389 707 ‚
1411 652 1523 698 illud
1545 664 1692 699 autem
1714 655 1759 700 in

373 732 582 768 :eternam
602 723 1008 781 conflagrationem:
1029 724 1129 783 quia
1146 724 1244 768 ideo
1266 724 1393 768 simul
1417 726 1597 770 fuerunt
1618 727 1759 786 primo

365 795 509 857 justus
537 801 581 837 et
617 793 823 853 injustus,
855 802 904 837 ut
925 792 997 836 ille
1020 793 1349 854 supplantaret,
1375 793 1449 839 ille
1469 796 1756 856 probaretur3

370 875 519 928 postea
542 874 686 908 autem
707 863 779 908 ille
801 863 1098 919 damnaretur,
1123 864 1196 909 ille
1218 875 1516 911 coronaretur.

429 939 595 981 XVIII.
631 939 723 980 Deo
760 936 916 994 gratias
931 971 942 990 ‚
976 935 1129 980 fratres
1143 971 1154 991 ,
1190 935 1459 982 reddidimus
1492 937 1692 983 debitum
1713 939 1759 984 in

370 1007 548 1054 nomine
570 1006 729 1051 Christi
751 1025 759 1051 :
785 1005 861 1050 sed
882 1021 961 1052 nos
983 1007 1168 1052 charitas
1191 1006 1408 1053 debitores
1431 1024 1599 1070 semper
1620 1019 1756 1055 tenet.

372 1078 452 1124 Illa
485 1077 601 1122 enim
628 1092 716 1121 una
742 1086 830 1133 est,
861 1093 960 1138 quae
988 1087 1031 1122 et
1059 1078 1091 1122 si
1123 1078 1320 1139 quotidie
1341 1078 1566 1135 redditur,
1591 1096 1761 1140 semper

369 1148 571 1195 debetur.
597 1148 738 1194 Multa
760 1148 946 1194 diximus
964 1148 1168 1194 adversus
1190 1150 1434 1195 Donatistas
1450 1186 1461 1206 ,
1483 1150 1620 1195 multa
1638 1151 1761 1196 vobis

370 1220 645 1265 recitavimus
658 1255 669 1274 ‚
684 1218 842 1264 multas
860 1221 1029 1264 chartas
1041 1256 1052 1275 ,
1070 1220 1207 1265 multa
1221 1230 1380 1281 praeter
1395 1237 1609 1266 canonem
1624 1222 1761 1283 Scrip-

372 1301 589 1347 turarum,
614 1291 696 1336 illis
717 1292 993 1351 cogentibus.
1015 1294 1126 1337 Nam
1156 1302 1200 1338 et
1222 1294 1254 1337 si
1277 1292 1600 1353 reprehendent
1636 1295 1731 1339 haec
1746 1330 1758 1351 ,

369 1364 472 1425 quia
494 1363 619 1408 vobis
641 1362 742 1407 talia
775 1362 986 1422 legimus3
1011 1379 1090 1408 nos
1112 1363 1506 1424 reprehendamur,
1543 1363 1651 1408 dum
1685 1380 1761 1410 vos

368 1434 661 1479 instruamini.
679 1437 912 1478 Possumus
930 1435 1046 1478 enim
1064 1435 1122 1478 eis
1142 1435 1246 1478 etin
1263 1435 1344 1479 hae
1363 1444 1488 1495 parte
1504 1434 1564 1479 sic
1586 1450 1764 1495 respon-

370 1504 500 1560 dere,
531 1524 550 1547 «
571 1507 603 1549 F
609 1514 730 1549 actus
763 1519 858 1548 sum
888 1505 1094 1564 insipiens
1111 1540 1121 1559 ,
1156 1521 1231 1550 vos
1260 1521 1330 1549 me
1356 1506 1553 1564 coegistis
1569 1509 1602 1549 2.
1634 1526 1652 1547 »
1680 1509 1763 1551 Ta-

369 1591 488 1631 men,
506 1574 676 1630 fratres,
698 1584 798 1619 ante
820 1575 966 1619 omnia
988 1574 1204 1619 custodite
1225 1575 1527 1620 haereditatem
1549 1585 1759 1633 nostram,

369 1647 426 1693 de
442 1663 529 1709 qua
547 1647 685 1692 securi
704 1662 852 1691 sumus
874 1662 953 1691 nos
974 1647 1020 1690 in
1042 1656 1302 1691 testamento
1326 1647 1462 1691 Patris
1485 1647 1620 1692 nostri
1639 1663 1728 1693 esse
1749 1668 1758 1693 :

369 1735 461 1764 non
483 1719 528 1762 in
548 1717 691 1779 aliqua
713 1718 862 1762 charta
882 1717 1036 1762 frivola
1057 1717 1239 1778 alicujus
1260 1718 1447 1762 hominis
1465 1753 1475 1773 ,
1501 1719 1574 1762 sed
1606 1719 1651 1762 in
1674 1728 1762 1764 tes-

368 1798 564 1836 tamento
593 1790 732 1834 Patris
753 1789 904 1834 nostri.
938 1787 1047 1833 Inde
1069 1789 1208 1834 securi
1230 1804 1377 1833 sumus
1404 1807 1412 1834 :
1438 1789 1539 1849 quia
1560 1789 1637 1849 qui
1658 1789 1764 1834 fecit

369 1869 680 1907 testamentum
695 1895 706 1915 ,
741 1859 865 1905 vivit.
891 1859 977 1913 Qui
1005 1858 1108 1904 feeit
1133 1868 1443 1904 testamentum
1464 1859 1627 1904 haeredi
1652 1875 1730 1904 suo
1748 1895 1760 1916 ,

371 1933 463 1994 ipse
486 1930 703 1992 judicabit
734 1930 789 1975 de
809 1939 1069 1975 testamento
1092 1947 1185 1975 suo.
1208 1933 1259 1975 In
1282 1931 1412 1975 rebus
1433 1931 1635 1975 humanis
1655 1930 1764 1976 alius

370 2013 435 2048 est
452 2011 646 2057 testator,
672 2001 779 2046 alius
792 2000 925 2062 judex
943 2021 952 2047 :
973 2009 1178 2046 ettamen
1195 2001 1270 2061 qui
1294 2011 1412 2046 tenet
1434 2010 1759 2058 testamentum,

371 2073 510 2119 vincit
528 2071 644 2132 apud
660 2071 853 2133 judicem
877 2072 1062 2116 alterum
1079 2107 1090 2127 ,
1119 2087 1208 2116 non
1226 2071 1344 2132 apud
1367 2070 1551 2116 alterum
1568 2071 1762 2132 judicem

373 2153 615 2189 mortuum.
636 2146 777 2198 Quam
801 2159 904 2202 ergo
927 2158 1075 2187 secura
1099 2152 1161 2187 est
1180 2151 1325 2186 nostra
1346 2141 1541 2198 victoria,
1566 2158 1665 2186 cum
1688 2141 1763 2186 ille

369 2214 587 2278 judicabit
604 2214 680 2276 qui
698 2222 878 2258 testatus
900 2223 963 2257 cst
983 2216 991 2256 !
1010 2212 1101 2258 Etsi
1124 2213 1237 2257 enim
1261 2222 1458 2258 mortuus
1482 2222 1546 2257 est
1566 2213 1763 2258 Christus

373 2285 429 2331 ad
452 2295 645 2346 tempus,
672 2283 747 2329 sed
763 2285 853 2344 jam
869 2284 978 2328 vivit
998 2284 1041 2328 in
1065 2294 1278 2328 aeteruum
1297 2286 1329 2327 3.

432 2360 556 2402 XIX.
591 2361 850 2418 Loquantur
884 2372 984 2414 ergo
1007 2355 1209 2400 adversus
1233 2371 1310 2399 uos
1333 2354 1550 2416 quidquid
1571 2355 1727 2400 volunt
1748 2374 1757 2400 :

374 2443 454 2472 nos
486 2426 718 2486 diligamus
749 2427 844 2472 illos
872 2436 915 2471 et
936 2426 1146 2471 nolentes.
1178 2427 1386 2472 Novimus
1407 2427 1522 2471 enim
1539 2462 1550 2482 ,
1576 2425 1729 2471 fratres
1746 2462 1757 2482 ,

373 2499 574 2544 novimus
596 2498 765 2557 linguas
785 2513 934 2542 eorum
962 2517 970 2542 :
997 2507 1176 2557 propter
1192 2514 1299 2558 quas
1321 2497 1380 2541 eis
1402 2513 1490 2541 uon
1508 2497 1758 2552 irascamur,

374 2570 588 2630 patienter
624 2568 734 2613 ferte
759 2569 1002 2613 nobiscum.
1030 2568 1191 2612 Vident
1213 2569 1329 2612 cuim
1358 2569 1403 2610 in
1433 2583 1559 2612 causa
1582 2584 1626 2612 se
1648 2567 1757 2612 nihil

427 2663 435 2679 ¹
458 2656 537 2687 Psa'..
559 2666 666 2695 xxxvi,
691 2656 743 2696 33),
760 2654 812 2696 jo.
832 2673 871 2678 -—-
899 2662 911 2677 ²
931 2664 950 2686 ¹).
967 2658 1037 2687 Cor.
1059 2666 1114 2696 w,
1134 2665 1184 2687 11.
1203 2672 1243 2677 -—
1267 2654 1279 2678 3
1301 2649 1392 2688 Rom.
1410 2665 1442 2696 v,
1459 2666 1492 2697 9.
