1841 3223
474 244 716 274 munna-no
748 247 791 274 uu
825 245 1028 274 PsALMUM
1061 248 1148 273 Liv.
1401 235 1485 273 519

58 319 61 324 ¹
105 327 125 352 »
160 324 262 371 qum
283 310 476 365 Christo,
506 310 648 355 multo
676 310 792 354 enim
819 311 954 369 magis
989 311 1245 370 optimum1.
1269 310 1493 354 »Etenim

102 389 145 428 et
166 380 257 439 ipse
278 379 477 439 quamvis
497 376 642 435 fortis,
668 381 865 441 quamvis
887 396 1071 439 magnus
1085 415 1098 435 ,
1135 381 1332 440 quamvis
1357 379 1489 424 corde

101 449 424 498 robustissimus
445 470 457 507 3
482 450 680 509 quamvis
693 451 738 494 in
752 450 924 494 Christo
936 449 1058 494 miles
1079 450 1287 506 invictus,
1301 451 1347 494 in
1368 466 1488 494 exer-

101 519 306 566 citatione
326 535 404 563 sua
417 554 429 576 ‚
454 529 670 580 quantum
691 519 894 577 legimus,
914 519 1201 564 conturbatus
1219 530 1303 576 est,
1325 530 1368 564 et
1388 521 1448 565 ait
1473 540 1484 566 :

107 610 128 633 «
162 594 224 636 De
246 600 407 636 caetero
429 606 558 636 nemo
575 591 683 635 mihi
705 589 913 635 molestus
930 591 1025 635 sit2.
1043 610 1061 632 »
1084 593 1309 651 Tanquam
1330 591 1494 636 diceret

101 663 156 707 de
177 662 254 708 illo
277 662 447 708 Psalmo
474 682 483 707 ;
513 682 533 705 «
560 662 756 706 Taedium
772 661 960 706 detinuit
973 676 1043 705 me
1064 677 1089 705 a
1110 661 1410 721 peccatoribus
1419 661 1492 706 de-

108 753 125 775 »
161 732 507 794 relinquentibus
529 732 670 791 legem
684 733 846 776 tuamss.
874 752 891 774 »
913 734 1108 776 Conatur
1129 747 1231 790 ergo
1249 732 1382 776 homo
1399 731 1496 792 ple-

102 819 290 864 rumque
311 803 524 861 corrigere
544 803 742 847 homines
764 801 988 858 distortos,
1020 817 1175 862 pravos
1191 837 1201 857 ,
1226 802 1495 862 pertinentes

102 871 281 934 quidem
298 873 354 918 ad
375 888 525 917 euram
547 887 669 917 suam
685 908 696 927 ,
715 871 790 917 sed
812 872 857 916 in
879 872 1039 932 quibus
1055 871 1229 917 deficiat
1251 872 1389 916 omnis
1409 873 1495 916 hu-

101 959 231 988 mana
252 942 463 988 industria
481 952 526 987 et
546 942 770 1002 vigilantia
797 962 806 987 ;
831 944 1048 1002 corrigere
1074 958 1163 987 non
1196 951 1365 1002 potest,
1405 943 1496 1002 pati

102 1029 278 1074 necesse
294 1023 372 1059 est.
396 1017 453 1058 Et
468 1013 545 1074 qui
568 1014 725 1072 corrigi
747 1030 836 1058 non
857 1023 999 1074 potest
1019 1049 1030 1067 ‚
1055 1023 1157 1058 tuus
1179 1022 1266 1068 est,
1295 1021 1371 1057 aut
1388 1029 1497 1057 con-

102 1085 234 1130 sortio
261 1085 429 1144 generis
449 1085 632 1129 humani
648 1120 659 1140 ,
684 1094 760 1128 aut
781 1084 1041 1145 plerumque
1068 1083 1351 1129 ecclesiastica
1377 1099 1499 1128 com-

99 1156 309 1200 munione
323 1190 335 1211 ,
358 1155 476 1200 intus
496 1165 586 1210 est,
606 1154 715 1215 quid
739 1154 872 1199 facies
889 1157 907 1199 P
927 1171 1015 1216 quo
1028 1155 1140 1199 ibis?
1157 1170 1248 1215 quo
1265 1163 1307 1198 te
1318 1170 1495 1214 separa-

104 1226 192 1281 bis,
218 1235 270 1270 ut
281 1225 363 1270 ista
379 1241 468 1270 non
490 1225 700 1285 patiaris?
723 1225 807 1270 Sed
828 1225 997 1280 adesto,
1017 1225 1196 1285 loquere
1210 1260 1220 1280 ,
1246 1225 1494 1280 exhortare,

104 1295 325 1351 blandire,
358 1296 551 1352 minare,
583 1296 765 1355 corripe.
792 1296 893 1340 Feci
916 1297 1076 1352 omnia,
1104 1295 1319 1357 quidquid
1340 1296 1497 1347 virium

101 1366 239 1411 habui
259 1365 454 1426 impendi
474 1375 518 1410 et
539 1366 751 1426 expressi,
777 1365 886 1410 nihil
902 1381 973 1410 me
988 1367 1116 1411 video
1129 1365 1384 1426 profecisse3
1400 1382 1498 1411 om·-

102 1438 169 1482 nis
190 1452 321 1497 opera
342 1436 563 1496 insumpta
577 1446 662 1492 est,
683 1435 809 1481 dolor
829 1437 1050 1480 remansit.
1063 1435 1293 1490 Quomodo
1310 1452 1412 1495 ergo
1436 1452 1500 1481 re-

102 1509 296 1569 quiescet
317 1521 392 1551 cor
413 1521 561 1550 meum
577 1522 600 1550 a
622 1506 782 1550 talibus
797 1541 808 1562 ,
834 1507 915 1550 nisi
938 1516 989 1550 ut
1010 1505 1152 1551 dicam
1175 1527 1183 1551 :
1209 1526 1229 1548 «
1248 1507 1353 1560 Quis
1374 1506 1499 1551 dabit

106 1598 126 1622 »
161 1577 268 1623 mihi
290 1579 481 1638 pennas?
502 1578 614 1622 sicut
627 1577 845 1622 columbae
861 1595 882 1618 »
907 1587 1078 1632 tamen,
1105 1594 1194 1622 non
1217 1578 1328 1622 sicut
1349 1594 1495 1623 corvo.

103 1648 322 1695 Columba
342 1665 366 1692 a
388 1647 594 1693 molestiis
616 1648 774 1708 quaerit
795 1647 1085 1692 avolationem
1100 1683 1111 1702 ,
1138 1647 1213 1691 sed
1232 1663 1323 1693 non
1338 1649 1499 1693 amittit

103 1719 398 1784 dilectionem.
417 1718 634 1764 Columba
659 1719 776 1763 enim
792 1735 872 1779 pro
890 1719 1012 1777 signo
1033 1718 1277 1763 dilectionis
1301 1720 1497 1778 ponitur,

102 1800 148 1835 et
172 1792 218 1834 in
248 1806 298 1835 ea
331 1790 517 1849 gemitus
552 1799 737 1834 amatur.
774 1789 891 1835 Nihil
923 1798 1012 1833 tam
1048 1788 1236 1833 amicum
1271 1789 1500 1847 gemitibus

103 1876 236 1922 quam
256 1859 460 1904 columba
489 1877 499 1903 :
526 1859 597 1903 die
618 1870 843 1920 noctuque
863 1860 1018 1918 gemit,
1043 1869 1253 1919 tanquam
1273 1860 1344 1904 hic
1361 1860 1501 1920 posita

103 1931 179 1976 ubi
201 1928 466 1990 gemendum
482 1938 562 1973 est.
588 1929 707 1982 Quid
723 1944 827 1988 ergo
848 1929 956 1973 dicit
968 1931 1047 1973 iste
1062 1930 1245 1974 dilector
1261 1933 1279 1973 ⁶?
1294 1931 1500 1976 Convicia

103 2001 335 2046 hominum
356 1997 469 2044 ferre
491 2015 582 2044 11011
600 2014 792 2059 possum,
818 1998 1026 2053 stridunt,
1051 2000 1172 2043 rabie
1189 2000 1407 2055 seruntur,
1433 2018 1500 2046 ac-

105 2071 355 2116 cenduntur
383 2068 612 2114 iracundia
628 2104 639 2124 ,
675 2069 721 2112 in
758 2069 820 2113 ira
859 2068 1126 2113 adumbrant
1160 2085 1230 2113 me
1250 2091 1261 2126 3
1296 2072 1501 2129 prodesse

103 2139 187 2185 illis
210 2155 299 2184 non
320 2154 495 2199 possum
517 2158 527 2183 ς
552 2139 721 2182 utinam
745 2139 1011 2199 requiescam
1035 2139 1194 2183 alicubi
1216 2139 1270 2183 ab
1292 2140 1351 2184 eis
1371 2156 1498 2200 sepa-

103 2220 221 2256 ratus
241 2225 439 2270 corpore,
463 2225 554 2254 non
566 2224 712 2254 amore
731 2230 742 2266 ς
772 2225 827 2253 ne
845 2210 891 2253 in
913 2224 982 2252 me
999 2211 1289 2254 conturbetur
1310 2211 1402 2270 ipsa
1426 2211 1496 2255 di-

103 2279 232 2325 lectio
257 2300 266 2325 2
289 2280 433 2326 verbis
452 2280 558 2324 meis
579 2289 623 2324 et
645 2279 937 2325 collocutione
950 2295 1043 2323 mea
1061 2279 1263 2339 prodesse
1281 2296 1370 2325 non
1392 2297 1497 2340 pos-

105 2366 219 2405 sum,
235 2349 399 2395 orando
413 2366 496 2410 pro
510 2350 568 2394 eis
593 2348 773 2394 forsitan
787 2348 988 2409 prodero.
1008 2349 1168 2394 Dicunt
1180 2350 1258 2394 ista
1272 2351 1468 2396 homines
1482 2386 1492 2408 ,

105 2419 181 2464 sed
201 2419 460 2480 plerumque
491 2420 551 2463 ita
577 2419 768 2477 ligantur
797 2429 846 2463 ut
869 2418 1014 2463 volare
1043 2435 1133 2463 non
1155 2421 1334 2479 possint.
1364 2424 1496 2466 Forte

108 2491 225 2534 enim
246 2506 336 2535 non
351 2489 543 2550 ligantur
564 2491 696 2546 visco,
722 2490 796 2535 sed
821 2490 1010 2548 ligantur
1028 2491 1187 2536 officio.
1211 2492 1254 2537 Si
1276 2502 1422 2537 autem
1438 2493 1495 2536 11-

157 2581 168 2597 ¹
190 2574 302 2618 Philip.
329 2586 353 2616 1,
374 2576 427 2608 23.
445 2592 487 2598 —-
507 2583 520 2599 ²
534 2576 602 2608 Gal.
624 2587 671 2616 vr,
702 2586 752 2616 17-
772 2592 813 2597 ·-
833 2573 846 2597 3
863 2574 1138 2616 Psal.cxv111‚53.
