1841 3223
394 216 477 257 378
791 227 824 256 s.
860 227 1091 257 Aucus-nm
1122 230 1303 258 Enscom

392 295 466 339 ille
503 295 634 338 micas
653 293 708 338 de
731 309 879 339 mensa
911 294 1054 339 divitis
1081 314 1089 339 ε
1111 294 1186 339 sed
1210 294 1326 339 illius
1353 295 1478 340 labor
1499 296 1646 340 finitus
1686 305 1777 351 est,

393 373 435 408 et
469 364 583 408 illius
626 364 714 408 vita
749 365 870 408 finita
914 374 977 408 est
1010 385 1019 409 :
1050 365 1173 409 labor
1201 366 1328 426 hujus
1357 366 1400 409 in
1438 366 1781 421 aeternum‚vita

394 434 508 478 illius
525 434 569 477 in
592 443 821 478 aeternum.
849 437 944 479 Non
962 435 1032 479 hic
1054 436 1266 480 habemus
1288 437 1420 481 vitam
1436 472 1447 491 ‚
1475 438 1550 498 qui
1573 436 1684 481 forte
1710 437 1781 481 hic
1839 477 1841 480 Α

391 504 641 548 laboramus
662 505 707 548 in
730 515 842 549 terra
866 524 875 549 :
903 514 945 549 et
966 521 1057 550 non
1088 506 1147 550 sic
1180 507 1338 550 erimus
1353 517 1501 566 postea
1519 543 1529 561 ‚
1560 508 1641 552 erit
1662 508 1781 551 enirn

391 574 476 618 vita
498 583 642 619 nostra
665 575 861 619 Christus
883 575 929 619 in
950 585 1163 620 aeternum
1182 596 1189 620 :
1215 575 1277 619 illi
1293 585 1436 621 autem
1453 578 1529 638 qui
1543 578 1613 622 hic
1626 578 1781 622 volunt

391 648 554 691 habere
580 648 736 703 vitam,
773 647 1040 692 laborabunt
1067 647 1112 691 in
1142 656 1382 703 aeternum,
1410 657 1454 693 et
1478 650 1627 693 vivent
1655 649 1702 692 in
1729 649 1781 692 fi-

392 733 509 762 nem.

449 792 532 834 XI.
572 808 592 831 «
613 790 828 843 Quoniam
848 804 938 833 non
959 787 1126 833 videbit
1142 789 1367 834 interitum
1381 825 1391 844 ‚
1416 805 1517 834 cum
1534 789 1691 834 viderit
1714 805 1781 834 sa-

394 877 416 901 »
450 860 616 920 pientes
633 860 866 904 morientes
888 863 920 903 ¹.
947 878 968 900 »
997 862 1081 903 Iste
1095 859 1170 919 qui
1187 859 1398 904 laboravit
1419 861 1465 904 in
1487 870 1722 916 aeternum,
1738 869 1782 905 et

391 931 506 975 vivet
522 930 567 973 in
585 930 716 973 finem
731 965 741 985 ,
771 949 790 972 «
810 932 908 975 Non
926 929 1093 974 videbit
1114 930 1362 985 interitum,
1403 946 1504 975 cum
1526 931 1682 975 viderit
1711 947 1781 975 sa-

394 1018 415 1041 »
450 1000 616 1060 pientes
631 1000 864 1044 morientes
879 1035 893 1056 ,
921 1018 942 1041 »
968 999 1076 1060 quid
1093 1009 1157 1045 est
1178 1001 1293 1045 hoc?
1314 1003 1411 1046 Non
1430 1001 1647 1060 intelliget
1674 1000 1782 1061 quid

390 1071 443 1115 sit
478 1070 701 1126 interitus,
740 1070 920 1132 quando
950 1069 1107 1114 viderit
1147 1071 1360 1131 sapientes
1382 1072 1628 1115 morientes.
1671 1071 1782 1115 Dicit

390 1142 506 1185 enim
529 1141 637 1186 sibi:
664 1144 749 1185 Iste
765 1176 776 1196 ‚
800 1141 901 1201 quia
923 1141 1091 1201 sapiens
1108 1150 1227 1196 erat,
1253 1151 1296 1187 et
1312 1157 1413 1186 cum
1426 1141 1634 1201 sapientia
1655 1141 1782 1185 inha-

391 1211 580 1267 bitabat,
615 1221 659 1256 et
680 1227 781 1256 cum
804 1212 964 1273 pietate
987 1215 1126 1256 Deum
1149 1211 1308 1267 coluit,
1345 1211 1563 1273 numquid
1593 1227 1683 1257 non
1717 1221 1781 1258 est

389 1284 623 1327 mortuus?
644 1281 799 1327 faciam
823 1283 932 1327 mihi
954 1298 1057 1341 ergo
1079 1282 1192 1326 bene
1207 1318 1217 1338 ‚
1244 1298 1345 1327 cum
1362 1283 1462 1327 vivo
1476 1318 1487 1338 ‚
1513 1298 1612 1327 nam
1642 1283 1676 1327 si
1699 1282 1781 1326 ali-

390 1353 497 1413 quid
519 1362 722 1413 possent,
747 1354 823 1414 qui
845 1353 963 1397 aliud
987 1354 1189 1413 sapiunt,
1222 1369 1313 1397 non
1336 1362 1625 1398 morerentur,
1651 1353 1782 1397 Videt
1820 1386 1829 1394 .

391 1424 515 1468 illum
538 1425 676 1480 mori,
703 1433 747 1468 et
766 1440 857 1469 non
870 1425 990 1469 videt
1005 1441 1105 1484 quae
1118 1424 1173 1468 sit
1193 1440 1323 1469 mors.
1343 1444 1362 1467 «
1379 1427 1478 1470 Non
1491 1423 1655 1469 videbit
1665 1424 1781 1468 inte-

392 1512 413 1536 »
448 1495 611 1548 ritum,
649 1510 748 1539 cum
783 1494 941 1538 viderit
974 1495 1186 1555 sapientes
1216 1494 1466 1539 morientes.
1503 1514 1522 1537 »
1549 1494 1781 1548 Quomodo

391 1568 416 1610 J
419 1565 532 1610 udaei
545 1565 752 1610 viderunt
763 1566 986 1612 Christum
995 1567 1260 1626 pendentem
1278 1567 1323 1611 in
1335 1582 1479 1622 cruce,
1496 1575 1540 1611 et
1553 1575 1782 1626 contemp-

388 1646 560 1692 serunt,
577 1636 768 1681 dicentes
787 1653 795 1678 :
813 1657 832 1679 «
849 1640 934 1681 Iste
951 1638 984 1681 si
1008 1637 1142 1681 Filius
1166 1638 1244 1681 Dei
1261 1647 1390 1693 esset,
1426 1636 1707 1681 descenderet
1726 1636 1782 1681 de

390 1724 411 1749 »
446 1709 625 1752 cruce²z
646 1726 666 1749 »
685 1723 774 1752 non
785 1708 982 1752 videntes
993 1707 1102 1768 quid
1118 1708 1172 1752 sit
1184 1708 1396 1752 interitus.
1412 1706 1781 1766 Sividerentquid

387 1778 442 1822 sit
452 1778 668 1833 interitus,
685 1778 718 1822 si
728 1777 928 1822 viderent
947 1778 955 1821 Ι
973 1777 1045 1821 illc
1058 1778 1326 1821 moriebatur
1339 1776 1649 1836 temporaliter,
1659 1785 1710 1820 ut
1722 1790 1786 1819 re-

387 1850 614 1894 vivisceret
631 1850 676 1893 in
690 1859 902 1893 aeternum
915 1870 926 1906 3
941 1849 1004 1893 illi
1020 1849 1226 1893 vivebant
1246 1847 1558 1908 temporaliter,
1572 1856 1623 1891 ut
1640 1862 1784 1892 more-

386 1920 592 1964 renturin
605 1928 832 1964 aeternum.
842 1919 926 1964 Sed
940 1919 1041 1979 quia
1055 1918 1179 1962 illum
1189 1918 1680 1972 videbantmorientem,
1692 1933 1782 1961 non

385 1990 596 2035 videbant
622 1990 846 2034 interitum
862 2025 872 2041 ‚
910 1989 954 2033 id
982 1998 1075 2044 est,
1112 2005 1201 2033 non
1222 1988 1529 2046 intelligebant
1551 1989 1649 2049 quis
1672 1997 1782 2032 esset

385 2076 513 2104 verus
535 2060 751 2104 interitus.
777 2058 893 2113 Quid
924 2060 1079 2103 dicunt
1100 2060 1230 2104 etiam
1254 2059 1299 2103 in
1327 2059 1570 2118 sapientia?
1596 2078 1616 2100 «
1640 2061 1782 2102 Morte

389 2149 410 2172 ι)
447 2130 691 2190 turpissima
715 2129 1057 2174 condemnemus
1081 2129 1230 2184 illum,
1257 2130 1339 2173 erit
1357 2129 1472 2172 enim
1494 2137 1712 2188 respectus
1729 2143 1780 2172 ex
1840 2124 1841 2133 ¹

388 2219 409 2242 »
445 2201 716 2245 sermonibus
739 2200 853 2244 illius
874 2221 885 2258 3
909 2200 1071 2244 sienim
1095 2209 1159 2244 est
1179 2215 1280 2244 vere
1299 2199 1436 2243 Filius
1459 2199 1558 2254 Dei,
1578 2198 1781 2243 liberabit

388 2290 409 2313 »
432 2265 566 2316 illum
579 2271 634 2315 de
651 2271 853 2315 manibus
877 2271 1197 2315 contrariorum
1211 2273 1226 2297 3
1243 2290 1252 2315 ι
1273 2289 1292 2311 n
1314 2286 1403 2314 non
1425 2271 1648 2329 permittet
1667 2270 1779 2313 mori

385 2342 525 2386 filium
551 2358 701 2398 suum,
728 2343 762 2387 si
782 2357 882 2386 vere
922 2341 1036 2385 silius
1058 2341 1190 2401 ipsius
1213 2351 1290 2385 est.
1313 2345 1369 2385 At
1392 2341 1468 2385 ubi
1491 2340 1692 2384 viderunt
1721 2340 1778 2384 il-

384 2411 478 2456 lum
495 2413 540 2456 in
562 2428 690 2457 cruce
705 2448 716 2467 ,
741 2411 998 2456 insultantes
1020 2427 1063 2455 se
1080 2447 1090 2466 ,
1116 2420 1159 2455 et
1179 2410 1303 2455 illum
1327 2427 1416 2456 non
1441 2410 1775 2455 descendentem

385 2482 439 2527 de
457 2499 609 2538 cruce,
634 2483 840 2528 dixerunt
861 2485 995 2528 :Vere
1018 2483 1149 2526 homo
1172 2482 1271 2526 fuit.
1292 2482 1467 2527 Dictum
1484 2490 1547 2526 est
1573 2501 1582 2526 ε
1607 2484 1664 2526 Et
1688 2482 1775 2525 uti-

434 2575 442 2591 ¹
464 2567 544 2600 Psal.
571 2578 679 2609 xum,
702 2578 812 2600 112-
829 2575 841 2591 ²
862 2566 977 2600 matth.
1000 2576 1098 2608 xxvn,
1116 2565 1170 2604 42.
1191 2582 1233 2588 -
1253 2563 1267 2590 3
1283 2567 1408 2609 Sapstl,
1429 2573 1483 2598 20.
