1841 3223
395 267 636 298 ENAnnAno
667 271 714 298 ΙΝ
745 267 949 298 PsALMUM
980 271 1117 298 van.
1353 258 1437 301 363

52 334 212 394 angulo
230 370 242 390 ,
277 333 565 393 Evangelium
589 334 907 394 dispensatione
940 334 1206 391 diviserunt,
1231 334 1451 380 charitate*

49 409 304 468 junxerunt.
330 407 388 449 Et
408 419 557 448 revera
586 404 669 448 hoc
691 404 827 463 magis
863 405 1195 464 intelligendum
1217 414 1296 450 est.
1326 408 1439 453 Nam

52 476 264 537 sequitur,
285 483 329 518 et
345 473 534 519 ostendit
550 473 671 534 quod
691 474 775 518 hoc
797 474 1156 533 praedicatoribus
1178 474 1347 520 dictum
1361 476 1433 531 sit,

56 567 77 590 α
100 550 159 597 Et
178 545 421 590 distribuite
440 545 592 589 domos
619 545 708 604 ejus
729 579 740 600 ‚
776 553 826 589 ut
846 546 1053 590 enarretis
1079 547 1124 590 in
1145 547 1353 606 progenie
1370 545 1439 591 al-

54 637 76 660 »
102 627 209 672 tera,
223 634 243 657 »
254 615 300 660 id
313 624 393 671 est,
410 624 461 659 ut
478 616 606 659 etiam
627 613 683 659 ad
698 630 776 660 nos
793 624 891 674 post
910 614 1081 661 futuros
1098 616 1275 661 illorum
1294 620 1441 662 Evan-

53 685 152 747 gelii
180 685 442 746 dispensatio
466 685 724 746 perveniret.
756 686 853 730 Non
875 686 992 729 enim
1015 685 1099 729 illis
1118 695 1288 730 tantum
1311 685 1439 731 labo-

52 765 259 802 raverunt
276 791 288 811 ,
311 771 414 800 cum
435 753 596 816 quibus
625 755 672 799 in
691 755 772 799 hac
794 764 906 799 terra
929 755 1160 814 vixeruntz,
1184 771 1265 800 nec
1287 757 1440 801 Domi-

52 843 134 878 nus
154 825 238 871 inis
270 835 443 874 tantum
464 825 710 886 Apostolis‚
737 826 898 886 quibus
932 841 977 870 se
1012 828 1161 872 vivum
1193 826 1324 871 etiam
1344 836 1443 886 post

52 896 414 942 resurrectionem
434 895 639 955 dignatus
662 904 726 940 est
746 895 997 953 ostendere,
1012 896 1088 942 sed
1110 907 1153 942 et
1169 896 1309 942 nobis.
1330 899 1443 943 Nam

52 967 135 1019 illis
149 966 435 1027 loquebatur,
455 975 499 1010 et
522 982 599 1010 nos
622 966 893 1024 significabat
908 1002 919 1022 ,
945 982 1045 1012 cum
1067 966 1232 1012 diceret
1254 987 1263 1013 ε
1285 986 1305 1010 «
1329 969 1443 1011 Ecce

55 1056 77 1081 »
111 1052 191 1096 ego
214 1036 444 1085 vobiscum
459 1052 556 1080 sum
578 1036 780 1082 omnibus
797 1036 973 1093 diebus,
998 1052 1137 1098 usque
1161 1037 1217 1082 ad
1236 1053 1442 1082 consum-

57 1128 77 1150 »
111 1107 349 1153 mationem
378 1106 570 1152 saeculi1.
599 1126 619 1149 »
644 1106 868 1167 Numquid
890 1106 954 1151 illi
976 1108 1045 1152 hic
1067 1106 1205 1152 futuri
1225 1117 1348 1152 erant
1369 1123 1444 1152 us-

53 1193 140 1241 que
166 1179 213 1222 in
236 1178 657 1223 consummationem
688 1177 866 1222 saeculi?
889 1180 998 1221 Item
1020 1177 1126 1222 dicit
1153 1198 1161 1224 :
1192 1197 1213 1221 «
1236 1180 1334 1224 Non
1362 1194 1443 1238 pro

56 1267 78 1301 η
111 1249 178 1306 his
195 1264 301 1309 rogo
319 1257 507 1304 tantum,
524 1247 600 1293 sed
617 1263 695 1308 pro
716 1248 782 1292 his
805 1248 881 1309 qui
899 1248 1106 1294 credituri
1127 1259 1230 1294 sunt
1250 1264 1329 1309 per
1345 1265 1443 1293 ver-

57 1337 80 1363 »
115 1319 225 1370 bum
242 1319 419 1365 illorum
435 1319 483 1377 in
504 1334 574 1364 me
589 1321 620 1363 ².
649 1337 669 1364 »
700 1321 815 1377 Ergo
842 1319 1027 1365 attendit
1047 1336 1147 1376 nos,
1176 1320 1277 1381 quia
1295 1335 1442 1380 passus

55 1399 117 1435 est
136 1390 315 1451 pro'pter
335 1406 428 1435 n03.
452 1389 608 1435 Merito
630 1390 775 1450 itaque
813 1389 972 1435 dicitur
997 1410 1006 1435 2
1036 1409 1056 1432 «
1090 1393 1147 1436 Ut
1169 1390 1374 1437 enarretis
1397 1391 1442 1438 in

56 1478 78 1507 η
113 1461 320 1521 progenie
342 1460 492 1511 altera.
515 1478 536 1502 »

112 1533 210 1576 XV.
236 1531 352 1587 Quid
374 1532 609 1577 enarretis?
625 1550 644 1573 «
660 1531 877 1584 Quoniam
897 1531 968 1575 hic
986 1540 1050 1576 est
1065 1534 1180 1576 Deus
1202 1534 1316 1576 Deus
1338 1546 1442 1576 nos-

58 1620 79 1644 »
114 1603 223 1646 ter3.
248 1620 270 1643 »
298 1605 428 1646 Terra
446 1602 693 1655 videbatur,
720 1610 844 1645 terrae
862 1601 1061 1647 conditor
1079 1617 1170 1646 non
1188 1601 1440 1647 videbatur:

55 1687 155 1716 caro
174 1672 422 1727 tenebatur,
443 1671 520 1716 sed
541 1675 655 1715 Deus
675 1671 722 1714 in
743 1686 872 1715 carne
893 1687 983 1715 non
1007 1672 1338 1730 agnoscebatur.
1362 1675 1444 1716 Te-

54 1742 242 1787 nebatur
258 1757 358 1786 caro
381 1742 436 1786 ab
464 1742 546 1796 eis,
579 1756 629 1784 ex
652 1741 813 1801 quibus
835 1740 978 1785 fuerat
999 1751 1171 1802 sumpta
1200 1743 1291 1802 ipsa
1313 1758 1412 1787 caro
1428 1777 1440 1798 ,

56 1827 107 1856 ex
127 1812 290 1856 semine
312 1812 500 1856 Abrahae
528 1811 643 1856 enim
664 1811 787 1870 virgo
808 1812 944 1856 Maria
967 1832 975 1857 :
999 1812 1054 1856 ad
1075 1828 1248 1857 carnem
1270 1828 1444 1857 reman-

57 1891 226 1936 serunt,
252 1881 522 1926 divinitatem
545 1897 635 1926 non
651 1881 974 1926 intellexerunt.
990 1884 1026 1927 Ο
1047 1882 1270 1943 Apostoli,
1291 1899 1316 1927 o
1338 1884 1445 1928 civi-

58 1961 122 1996 tas
142 1967 322 2012 magna,
339 1952 386 1996 in
407 1952 598 1996 turribus
622 1960 671 1995 tu
692 1951 896 2011 praedica,
916 1962 959 1996 et
977 1951 1046 1997 dic
1067 1972 1076 1998 ε
1102 1972 1122 1995 «
1143 1954 1224 1998 Hic
1249 1963 1313 1998 est
1330 1957 1445 1998 Deus

61 2040 83 2064 »
117 2025 232 2067 Deus
253 2031 414 2067 noster.
445 2042 463 2064 »
492 2022 577 2077 Sic,
603 2022 663 2066 sic
683 2022 905 2082 quomodo
928 2032 1206 2083 contemptus
1227 2033 1306 2078 est,
1331 2040 1445 2084 quo-

59 2091 192 2138 modo
209 2092 318 2151 lapis
342 2101 440 2136 ante
456 2091 587 2151 pedes
603 2092 741 2152 jacuit
760 2092 1080 2137 offendentium
1098 2129 1108 2148 ,
1129 2103 1180 2138 ut
1196 2094 1447 2139 humiliaret

60 2162 193 2208 corda
216 2162 548 2220 confitentinm3
572 2162 632 2206 sic
650 2197 660 2217 ,
691 2181 710 2204 «
735 2162 816 2206 Hic
845 2172 908 2207 est
931 2166 1046 2208 Deus
1074 2173 1233 2208 noster.
1266 2183 1287 2206 »
1319 2166 1447 2209 Certe

60 2233 178 2277 visus
200 2242 264 2276 est
279 2268 290 2288 ‚
315 2233 426 2277 sicut
447 2232 614 2276 dictum
637 2241 715 2287 est,
745 2235 879 2277 «Post
894 2233 988 2277 haec
1008 2234 1053 2278 in
1075 2235 1198 2278 terris
1218 2235 1333 2278 visus
1355 2244 1444 2290 est,

65 2321 86 2345 »
121 2312 164 2347 et
192 2319 293 2347 cum
319 2303 572 2348 hominibus
595 2313 870 2347 conversatus
893 2313 956 2348 est
971 2305 1002 2347 4.
1025 2304 1106 2349 Hic
1130 2315 1193 2349 est
1214 2308 1328 2349 Deus
1346 2321 1448 2350 nos-

0 2407 3 2410 ,
66 2391 87 2415 >ι
120 2383 201 2418 ter.
230 2377 333 2418 »Et
365 2374 498 2418 homo
532 2383 617 2429 est,
655 2383 697 2418 et
729 2375 825 2435 quis
858 2383 920 2418 est
943 2374 1018 2434 qui
1050 2385 1282 2433 cognoscet
1314 2378 1448 2421 eum?

0 2463 1 2466 ¹
68 2463 89 2486 «
118 2445 335 2497 Quoniam
362 2444 435 2489 hic
457 2453 521 2489 est
541 2447 656 2489 Deus
677 2454 838 2490 noster.
863 2463 882 2486 n
907 2445 992 2490 Sed
1019 2444 1132 2490 forte
1159 2446 1215 2490 ad
1247 2456 1444 2507 tempus,

113 2545 123 2561 ¹
139 2539 252 2571 Matih.
273 2550 398 2582 xxvm,
417 2549 472 2573 20.
491 2557 532 2563 ·—
553 2547 565 2564 ²
585 2542 679 2574 Joan.
700 2552 764 2573 xvn
778 2566 786 2582 ‚
807 2549 862 2574 20.
888 2557 930 2563 —-
951 2539 963 2563 3
982 2541 1059 2574 psal.
1085 2553 1170 2574 xtvu
1186 2568 1195 2584 ‚
1217 2542 1268 2575 15.
1290 2560 1331 2565 ——
1349 2541 1365 2573 4
1383 2545 1447 2575 Ba-

66 2592 144 2627 ruch
173 2605 221 2636 m,
237 2594 290 2630 38.
