1841 3223
406 201 490 238 290
845 214 877 239 s.
915 211 1145 240 Accus’nm
1179 215 1359 241 El‘lscom

408 294 428 317 »
464 292 567 319 num
584 311 594 329 ‚
624 294 643 316 »
668 276 748 320 nisi
770 276 873 336 quia
894 277 1056 322 homo?
1078 281 1140 323 Ne
1157 278 1377 322 homiuem
1401 279 1622 323 Christum
1645 295 1792 340 quem-

402 346 509 391 libet
527 347 748 390 hominem
766 356 939 406 putares
955 383 965 403 ‚
995 350 1075 404 ait,
1101 369 1121 392 «
1146 353 1239 394 Prae
1258 349 1354 394 filiis
1372 350 1601 395 hominum
1623 352 1791 411 specio-

404 436 423 458 »
458 433 528 460 sus
549 415 705 461 forma.
735 435 754 458 »
782 418 926 462 Etiam
962 419 1094 464 homo
1122 435 1212 479 prrc
1244 419 1342 464 filiis
1371 421 1624 480 hominum3
1660 422 1791 466 etiam

399 488 512 532 inter
541 487 648 532 filios
668 489 894 533 hominum
913 525 923 544 ‚
950 506 1039 550 prae
1063 490 1159 534 filiis
1187 492 1445 549 hominum3
1475 493 1603 537 etiam
1621 508 1672 537 ex
1693 492 1790 538 filiis

400 558 650 614 hominum,
676 574 766 619 prae
787 560 885 604 filiis
904 561 1149 605 hominum.
1181 580 1200 602 «
1226 562 1391 606 Diffusa
1413 573 1478 607 est
1499 563 1633 622 gratia
1656 563 1700 607 in
1722 562 1788 608 la—

399 648 419 672 »
455 630 536 675 biis
560 631 659 676 tuis.
685 650 705 673 »
732 635 819 676 Lex
852 647 928 692 per
952 635 1134 691 Moysen
1161 631 1261 677 data
1284 642 1374 688 est,
1406 635 1542 693 gratia
1568 644 1612 680 et
1632 635 1788 680 veritas

396 717 473 762 per
494 705 643 747 Jesum
664 703 887 748 Christum
907 702 1019 748 facta
1043 713 1106 748 est
1124 705 1155 746 ¹.
1186 722 1206 747 «
1231 704 1398 748 Diffusa
1415 715 1479 749 est
1501 707 1635 763 gratia
1659 705 1786 760 inla-

396 791 416 815 »
452 773 532 818 biis
555 773 653 819 tuis.
685 792 704 816 »
726 774 882 819 Merito
905 774 1011 818 mihi
1041 773 1308 819 subv'entum
1329 784 1393 819 est
1408 811 1419 830 ‚
1451 794 1472 818 «
1496 776 1604 829 Quia
1627 777 1786 822 conde-

393 863 414 888 »
448 845 586 891 lector
608 846 691 904 legi
709 845 786 889 Dei
802 844 1046 890 secundum
1065 846 1315 891 interiorem
1334 847 1588 892 hominem?
1603 847 1688 893 Sed
1701 847 1784 894 alia

389 934 410 959 »
445 915 577 960 lexin
599 915 805 960 membris
824 915 928 960 meis
950 925 1166 976 repugnat
1188 916 1274 975 legi
1296 917 1453 962 mentis
1476 933 1601 973 meae,
1618 928 1661 963 et
1679 933 1779 978 cap·

395 1004 415 1028 »
450 987 589 1031 tivum
624 1001 693 1029 me
715 985 838 1030 ducit
870 986 915 1029 in
937 986 1031 1044 lege
1053 987 1245 1047 peccati,
1281 1003 1381 1048 quae
1413 997 1477 1032 est
1509 988 1555 1032 in
1575 988 1782 1033 membris
1825 1002 1837 1014 ·

393 1076 413 1099 »
449 1058 568 1102 meis.
602 1057 732 1102 Miser
764 1072 843 1115 ego
866 1057 1025 1113 homo,
1061 1058 1157 1118 quis
1187 1073 1257 1103 me
1287 1057 1492 1103 liberabit
1523 1059 1578 1103 de
1600 1075 1782 1120 corpore

393 1148 413 1171 »
448 1130 598 1175 mortis
622 1130 782 1191 hujus?
799 1130 946 1174 Gratia
960 1131 1035 1175 Dei
1051 1147 1129 1191 per
1145 1133 1293 1175 „lesam
1307 1131 1529 1176 Christum
1548 1131 1780 1176 Dominum

390 1219 411 1243 »
447 1203 693 1246 nostrum2.
716 1200 882 1246 Diffusa
907 1211 970 1246 est
992 1216 1095 1260 ergo
1118 1202 1251 1259 gratia
1274 1203 1319 1245 in
1335 1202 1459 1246 labiis
1480 1202 1576 1246 tuis.
1602 1220 1622 1243 »
1651 1202 1780 1247 Venit

387 1273 513 1318 nobis
530 1288 631 1317 cum
649 1272 784 1317 verbo
807 1273 972 1332 gratiae,
991 1288 1092 1317 cum
1113 1272 1260 1318 osculo
1281 1274 1444 1331 gratiae.
1458 1272 1571 1326 Quid
1593 1273 1671 1317 ista
1689 1288 1779 1331 gra-

384 1344 444 1388 tia
464 1343 667 1388 dulcius?
690 1348 784 1397 Quo
806 1343 996 1403 pertinet
1018 1344 1149 1401 gratia
1173 1344 1281 1388 ista?
1307 1363 1326 1386 «
1352 1345 1471 1388 Beati
1495 1360 1684 1405 quorum
1708 1359 1777 1389 re-

385 1433 406 1457 »
442 1415 580 1459 missae
598 1424 701 1459 sunt
715 1415 979 1475 iniquitates,
995 1423 1037 1458 et
1055 1430 1246 1475 quorum
1263 1424 1374 1459 tecta
1396 1424 1498 1459 sunt
1516 1424 1692 1475 peccata
1705 1417 1736 1460 3.
1752 1434 1772 1457 »

385 1487 429 1533 Si
446 1503 618 1532 severus
632 1485 767 1547 judex
789 1487 972 1542 veniret,
999 1502 1079 1531 nec
1098 1486 1273 1530 afferret
1290 1487 1416 1531 istam
1439 1487 1618 1545 gratiam
1641 1486 1776 1531 diffu-

381 1574 473 1602 sam
500 1559 546 1602 in
571 1558 698 1602 labiis
731 1558 817 1602 suis
836 1593 847 1613 ,
879 1558 977 1618 quis
1001 1557 1056 1602 de
1078 1556 1217 1601 salute
1240 1556 1406 1618 aliquid
1428 1560 1651 1617 speraret?
1672 1558 1774 1612 Quis

380 1645 472 1674 non
492 1630 574 1674 sibi
596 1630 678 1674 hoc
708 1630 880 1674 timeret
912 1627 1033 1689 quod
1064 1628 1279 1688 peccatori
1301 1627 1578 1672 debebatur?
1603 1628 1682 1672 Ille
1704 1644 1774 1673 ve-
1840 1630 1841 1662 ἓ

380 1701 503 1745 niens
521 1716 623 1745 cum
641 1701 775 1759 gratia
788 1736 799 1755 ‚
824 1716 914 1745 non
930 1700 1068 1758 exegit
1085 1698 1206 1760 quod
1224 1698 1484 1754 debebatur,
1506 1699 1633 1745 solvit
1652 1699 1774 1760 quod

377 1787 469 1816 non
491 1772 697 1817 debebat.
724 1774 840 1817 Num
862 1771 980 1816 enim
1002 1786 1093 1814 non
1118 1778 1319 1830 peccator
1347 1768 1538 1814 debebat
1559 1773 1773 1815 mortem?

377 1846 467 1886 Aut
491 1856 595 1887 vero
618 1843 697 1883 tibi
720 1838 936 1898 peccatori
961 1838 1203 1882 debebatur
1223 1873 1233 1893 ‚
1259 1838 1339 1881 nisi
1361 1839 1655 1898 supplicium?
1687 1844 1773 1885 De-

377 1912 469 1956 bita
502 1920 577 1954 tua
605 1909 795 1964 dimisit,
826 1918 870 1953 et
902 1907 1098 1952 indebita
1121 1924 1197 1952 sua
1231 1908 1407 1953 exolvit.
1432 1913 1591 1969 Magna
1615 1912 1766 1969 gratia.

378 1986 519 2036 Quare
542 1980 709 2040 gratia?
733 1980 842 2033 Quia
860 1979 1005 2038 gratis.
1034 1982 1267 2038 Propterea
1291 1979 1370 2024 tibi
1393 1980 1548 2037 gratias
1571 1997 1697 2040 agere
1712 1981 1769 2026 li-

375 2063 461 2108 cet,
488 2050 648 2096 referre
665 2066 756 2095 non
776 2049 904 2108 licet3
924 2064 1014 2093 non
1032 2049 1149 2093 enim
1167 2058 1302 2108 potes.
1320 2051 1551 2103 Quaerebat
1571 2050 1645 2096 ille
1661 2052 1769 2113 quid

375 2123 660 2178 retribueret,
686 2131 729 2166 et
752 2121 858 2166 dixit
884 2140 892 2165 z
928 2139 948 2162 <c
969 2120 1083 2174 Quid
1105 2120 1344 2182 retribuam
1368 2123 1553 2167 Domino
1576 2139 1652 2183 pro
1671 2139 1767 2168 om-

376 2215 397 2241 »
432 2197 563 2241 nibus
595 2211 694 2256 quae
717 2194 920 2238 retribuit
948 2193 1090 2236 mihi?
1116 2211 1135 2233 »
1168 2201 1212 2236 et
1233 2193 1400 2237 invenit
1422 2195 1545 2254 quasi
1568 2194 1734 2255 aliquid
1750 2231 1761 2252 ,

376 2288 398 2313 «
420 2266 610 2314 Calicem
626 2266 822 2311 salutaris
836 2264 1041 2324 accipiam
1057 2272 1100 2308 et
1116 2279 1275 2308 nomen
1290 2265 1461 2309 Domini
1475 2265 1686 2311 invocabo
1699 2267 1760 2312 ⁴.»

373 2344 468 2386 Hoc
490 2339 553 2384 illi
576 2338 792 2399 rependis,
808 2337 909 2398 quia
925 2335 1102 2381 calicem
1121 2335 1317 2380 salutaris
1338 2336 1515 2396 accipis,
1541 2346 1584 2381 et
1601 2353 1762 2384 nomen

370 2411 546 2457 Domini
561 2410 761 2456 invocas?
779 2408 880 2463 Quis
895 2407 972 2453 tibi
993 2405 1114 2451 dedit
1135 2406 1276 2466 ipsum
1300 2406 1479 2452 calicem
1501 2407 1761 2455 salutarem?

416 2515 432 2538 ι
449 2510 545 2542 Joan.
572 2519 605 2550 ι,
632 2517 685 2549 17.
706 2523 748 2530 —-
776 2511 790 2530 ²
814 2507 906 2538 Rom.
936 2514 979 2538 vu
993 2527 1002 2545 ‚
1027 2501 1142 2535 22-25.
1163 2518 1205 2525 -
1226 2500 1239 2526 3
1260 2502 1341 2535 Psal.
1362 2514 1448 2542 xxxi,
1472 2515 1499 2535 1.
1520 2521 1561 2526 ——
1582 2503 1596 2536 4
1623 2505 1668 2541 Id.
1687 2516 1757 2547 cxv,

378 2572 437 2605 12,
463 2563 514 2596 13.
