1841 3223
448 292 689 322 ENARRA‘no
720 296 766 322 IN
797 294 1000 324 rsALMUM
1032 294 1071 320 L.
1363 278 1447 318 455

67 370 119 407 ut
141 359 315 421 spiritus
345 359 413 404 sit.
451 359 710 418 Intelligunt
739 375 842 418 ergo
864 359 936 403 hic
964 356 1166 402 nonnulli
1195 348 1449 402 Trinitatem

66 431 246 487 dictam,
271 431 317 475 in
345 449 365 472 «
386 430 548 489 Spiritu
569 439 687 474 recto
709 447 728 471 »
755 429 952 484 Filiu1n³‚
972 429 1019 472 in
1036 447 1057 471 «
1079 428 1241 488 Spiritu
1261 437 1410 473 sancto
1424 445 1445 469 »

68 501 277 561 Spiritum
299 509 522 557 sanctum,
546 499 591 543 in
617 519 637 542 «
666 499 829 558 Spiritu
850 497 1077 558 principali
1097 517 1116 539 »
1139 502 1326 542 Patrem.
1355 498 1451 544 Sive

66 586 167 630 ergo
193 571 276 615 hoc
309 571 368 614 ita
397 570 474 625 sit,
499 570 585 615 sive
608 569 805 628 spiritum
827 577 995 612 rectum
1015 569 1146 628 ipsius
1167 569 1354 613 hominis
1376 584 1450 613 ac-

65 642 150 701 cipi
179 639 339 696 voluit,
362 640 533 684 dicens:
563 658 582 681 «
605 639 811 699 Spiritum
833 648 1000 683 rectum
1021 639 1181 683 innova
1201 639 1249 682 in
1279 640 1452 684 visceri-

68 732 89 756 »
125 713 206 757 bus
232 712 361 767 meis,
385 730 405 753 »
431 726 564 771 quem
581 711 756 756 curvavi
779 720 822 755 et
838 710 1009 754 distorsi
1025 709 1247 770 peccando
1262 745 1272 765 ‚
1298 712 1450 770 utjam

66 784 250 843 Spiritus
267 791 441 827 sanctus
461 783 552 841 ipse
573 782 628 825 sit
648 781 820 841 spiritus
841 779 1111 840 principalis,
1143 794 1276 839 quem
1303 789 1346 824 et
1373 796 1451 824 au-

64 852 168 897 ferri
188 869 212 897 a
229 868 273 896 se
294 851 465 907 noluit,
486 861 530 896 et
549 867 600 896 eo
632 867 675 896 se
699 851 839 896 voluit
859 851 1134 906 confirmari,
1159 866 1250 895 non
1272 859 1336 895 est
1356 850 1450 895 hae-

65 923 197 968 retica
218 922 426 983 quaelibet
448 922 675 966 sententia.

121 995 288 1037 XVIII.
316 992 400 1037 Sed
430 991 574 1036 videte
600 991 708 1052 quid
735 989 972 1051 adjungat:
1005 1010 1026 1032 «
1054 989 1216 1049 Spiritu
1235 1025 1245 1044 ,
1279 989 1449 1050 inquit,

68 1082 94 1108 >x
122 1062 350 1123 principali
383 1063 591 1107 confirma
621 1076 704 1105 me.
733 1079 752 1102 »
781 1064 832 1105 In
861 1076 950 1121 quo
973 1080 992 1102 «
1017 1060 1269 1105 Confirma?
1294 1078 1314 1101 »
1342 1062 1452 1114 Quia

64 1133 266 1191 ignovisti
283 1132 413 1188 mihi,
439 1132 541 1192 quia
563 1146 737 1175 securus
758 1146 854 1174 sum
869 1146 959 1174 non
981 1130 1087 1174 mihi
1108 1129 1313 1189 imputari
1333 1130 1453 1190 quod

56 1202 255 1259 donasti,
281 1219 332 1248 ex
353 1204 436 1248 hoc
470 1202 611 1247 factus
632 1218 831 1257 securu8‚
861 1211 993 1262 atque
1024 1202 1104 1245 ista
1131 1202 1264 1259 gratia
1289 1203 1451 1246 confir-

63 1282 228 1328 matus,
253 1288 343 1317 non
371 1288 444 1317 ero
477 1274 685 1330 ingratus.
719 1271 836 1325 Quid
863 1272 977 1315 enim
1016 1271 1201 1316 faciam?
1227 1291 1247 1313 «
1268 1275 1453 1316 Doceam

67 1363 87 1387 »
121 1345 294 1405 iniquos
308 1345 398 1388 vias
423 1353 533 1389 tua-s.
559 1362 578 1385 »
606 1347 793 1387 Doceam
812 1343 984 1403 iniquos
1006 1359 1058 1387 ex
1085 1343 1236 1403 iniquo
1253 1378 1263 1398 ‚
1294 1342 1340 1387 id
1358 1352 1450 1398 est,

63 1416 140 1476 qui
161 1414 319 1460 fuerim
344 1424 387 1458 et
416 1430 496 1474 ego
524 1414 700 1473 iniquus
716 1449 726 1469 ,
747 1415 838 1473 jam
861 1429 950 1457 non
971 1414 1146 1473 iniquus
1163 1448 1173 1468 ,
1209 1429 1301 1457 non
1329 1429 1352 1457 a
1384 1429 1454 1457 me

62 1485 209 1530 ablato
242 1485 404 1545 Spiritu
431 1493 581 1529 sancto
599 1519 609 1539 ,
633 1493 676 1528 et
703 1484 857 1543 spiritu
887 1483 1116 1542 principali
1150 1484 1449 1528 confirmatus.

67 1575 87 1598 «
121 1559 310 1600 Doceam
331 1555 503 1615 iniquos
525 1555 614 1599 vias
632 1563 743 1598 tuas.
769 1572 788 1594 »
810 1558 922 1607 Quas
944 1555 1030 1598 vias
1053 1554 1223 1614 iniquos
1245 1554 1454 1599 docebis?

67 1645 87 1669 «
121 1630 178 1671 Et
199 1626 319 1686 impii
335 1626 390 1670 ad
412 1635 453 1670 te
473 1634 783 1670 convertentur
797 1626 829 1668 ².
858 1644 877 1666 »
907 1625 950 1669 Si
972 1634 1200 1684 peccatum
1222 1625 1360 1670 David
1373 1626 1453 1669 im-

63 1697 212 1757 pietati
228 1697 480 1756 deputatur,
501 1712 590 1740 non
607 1695 662 1739 de
681 1711 726 1738 se
740 1694 971 1754 desperent
986 1695 1123 1754 impii,
1140 1696 1243 1755 quia
1261 1697 1454 1755 pepercit

63 1771 177 1812 Deus
199 1768 362 1827 impi03
392 1765 469 1810 sed
500 1767 535 1810 si
567 1765 623 1810 ad
646 1781 747 1809 eum
771 1774 1104 1819 convertantur,
1142 1765 1175 1809 si
1204 1766 1291 1809 vias
1320 1766 1453 1824 ipsius

63 1837 233 1883 discant
254 1857 262 1882 :
287 1838 322 1882 si
345 1847 493 1883 autem
513 1836 724 1896 impietati
747 1852 836 1880 non
857 1836 1095 1895 deputatur
1117 1834 1281 1880 factum
1296 1836 1451 1893 David,

63 1908 140 1953 sed
159 1908 233 1952 illa
256 1908 429 1968 proprie
450 1907 648 1967 impietas
675 1906 835 1950 dicitur
863 1915 1103 1964 apostatare
1126 1923 1149 1950 a
1172 1909 1288 1962 Deo,
1314 1923 1453 1952 unum

63 1981 202 2023 Deum
226 1993 315 2022 non
334 1977 476 2022 colere
493 2012 505 2032 ‚
531 1986 607 2021 aut
627 1992 855 2036 nunquam
877 1975 1058 2020 coluisse
1078 2012 1088 2032 ,
1115 1986 1190 2020 aut
1210 1993 1342 2037 quem
1377 1993 1453 2022 co-

63 2047 183 2093 lebat
199 2049 404 2093 dimisisse
421 2083 432 2104 ,
469 2047 524 2092 ad
546 2047 772 2092 cumulum
795 2046 912 2092 valet
940 2047 1060 2107 quod
1090 2048 1149 2091 ait
1170 2068 1178 2092 ;
1209 2068 1228 2089 «
1252 2051 1309 2092 Et
1333 2048 1455 2108 impii

67 2138 88 2161 »
123 2118 179 2164 ad
195 2128 238 2163 te
263 2128 587 2163 convertentur.
611 2136 632 2160 »
654 2121 719 2163 Ita
736 2118 890 2178 plenus
913 2134 956 2163 es
976 2119 1103 2178 adipe
1124 2118 1450 2175 misericordiae,

65 2198 116 2234 ut
131 2189 187 2234 ad
208 2198 250 2233 te
277 2189 492 2237 conversis
510 2224 522 2245 ‚
547 2204 637 2233 non
665 2187 805 2233 solum
828 2188 1098 2249 quibuslibet
1121 2190 1422 2248 peccatoribus
1439 2225 1450 2244 ‚

65 2260 141 2307 sed
168 2261 299 2305 etiam
333 2260 475 2319 impiis
503 2276 591 2304 non
614 2260 668 2304 sit
699 2259 1033 2319 desperandum.
1055 2279 1075 2302 «
1100 2263 1158 2305 Et
1184 2260 1304 2319 impii
1333 2259 1389 2304 ad
1411 2269 1452 2304 te

68 2349 88 2373 n
124 2339 448 2375 convertentur.
478 2348 497 2371 »
526 2329 720 2390 thuid?
744 2333 801 2374 Ut
823 2329 1047 2374 credentes
1069 2330 1112 2372 in
1141 2345 1241 2374 eum
1264 2330 1340 2389 qui
1356 2331 1452 2391 jus-

66 2402 200 2445 tificat
220 2401 398 2460 impium
419 2435 431 2456 ‚
457 2400 692 2460 deputetur
709 2400 815 2445 fides
834 2416 983 2444 eorum
1003 2400 1059 2445 ad
1073 2401 1286 2460 justitiam
1303 2402 1334 2444 3.

126 2473 247 2515 XIX.
274 2490 294 2513 «
319 2474 435 2515 Erue
461 2486 529 2515 me
559 2471 614 2515 de
640 2471 924 2529 sanguinibus
963 2474 1077 2515 Deus
1094 2505 1105 2526 ,
1149 2473 1263 2515 Deus
1304 2470 1452 2515 salutis

117 2575 126 2590 ¹
148 2569 355 2610 Hieronymus
370 2569 402 2601 in
419 2568 519 2610 Epist.
538 2569 578 2600 ad
595 2568 695 2600 Galat.
713 2579 743 2600 c.
765 2578 796 2599 iv
810 2593 818 2608 ‚
837 2579 872 2600 v.
885 2567 918 2599 6.
942 2585 982 2590 -
1003 2574 1015 2590 ²
1035 2567 1114 2599 Psal.
1136 2578 1166 2607 ι,
1189 2568 1241 2600 15.
1261 2584 1302 2590 —
1326 2566 1338 2590 3
1355 2570 1448 2600 Rom.

70 2633 100 2654 iv
116 2648 124 2664 ‚
149 2623 178 2655 5.
