1841 3223
362 182 445 220 518
787 192 819 218 s.
857 190 1090 221 Aucus'nm
1122 193 1303 221 muscom

356 272 528 315 corpus.
555 256 820 301 Attendebas
842 258 1063 302 hominem
1087 258 1335 303 saevientem
1353 259 1398 304 in
1428 268 1470 303 te
1496 278 1505 305 :
1527 260 1635 320 quid
1656 270 1748 306 erat

356 328 552 372 facimus
575 336 728 371 eontra
749 344 880 388 quem
902 329 981 373 tibi
999 328 1275 373 securitatem
1303 339 1405 374 tuus
1434 332 1643 376 Dominus
1670 332 1748 376 de-

357 398 502 453 derat,
527 398 703 442 dicens:
724 418 744 440 α
768 397 912 444 Nolite
936 399 1088 443 timere
1105 415 1178 444 eos
1192 400 1268 459 qui
1282 416 1438 460 corpus
1461 400 1743 446 occidunt1?»

356 467 436 511 Ille
471 468 690 512 saevieudo
724 483 881 528 corpus
903 468 1088 525 occidit,
1120 479 1169 514 tu
1191 469 1292 514 odio
1322 469 1527 516 habendo
1557 471 1747 517 animam

355 537 550 583 occidisti
567 559 578 596 3
603 549 646 583 et
662 538 733 582 ille
747 555 904 599 eorpus
916 539 1107 584 alienum
1124 575 1134 595 ,
1151 549 1200 585 tu
1211 541 1399 585 animam
1413 551 1549 586 tuam.
1569 544 1747 588 «Metus

358 627 378 651 »
405 624 509 667 ergo
532 609 684 654 mortis
704 608 861 654 cecidit
882 626 1012 670 super
1032 625 1117 654 me,
1143 629 1163 652 ³>

413 683 537 725 VIII.
569 701 589 723 «
616 681 762 725 Timor
784 690 826 725 et
842 691 1003 726 tremor
1020 691 1235 726 venerunt
1246 697 1374 742 super
1391 697 1478 738 me,
1493 691 1536 727 et
1545 691 1748 728 contexe-

360 773 378 794 »
415 762 520 797 runt
541 768 610 797 me
633 753 835 797 tenebrae.
863 756 921 797 Et
943 752 1071 797 dixi2.
1094 772 1113 795 »
1141 754 1226 807 Qui
1259 752 1353 798 odit
1383 752 1560 799 fratrem
1589 770 1716 799 suum
1734 790 1745 812 ,

354 825 400 869 in
423 825 610 869 tenebris
633 834 696 868 est
719 840 857 885 usque
874 824 1033 869 adhuc.
1063 825 1106 870 Si
1123 825 1309 870 delectio
1326 825 1484 872 lumen,
1498 836 1576 882 est,
1597 826 1748 871 odium

356 895 592 938 te11ebrte³.
619 898 675 939 Et
697 895 803 955 quid
828 896 908 940 sibi
930 895 988 940 ait
1010 895 1054 939 in
1072 895 1144 940 illa
1165 896 1418 940 infirmitate
1432 897 1620 956 positus,
1640 906 1684 942 et
1702 897 1749 941 in

353 966 427 1010 illa
450 966 757 1010 exercitatione
779 967 980 1012 turbatus
998 968 1017 1011 P
1042 984 1063 1009 «
1086 967 1192 1020 Quis
1210 966 1621 1027 dabitmihipennas
1638 967 1749 1012 sieut

355 1057 375 1079 »
412 1037 651 1092 columbae,
681 1048 725 1082 et
755 1038 941 1094 volabo,
979 1048 1022 1083 et
1054 1038 1381 1099 requieseam4?
1406 1057 1426 1080 »
1452 1041 1542 1084 Aut
1563 1028 1748 1084 mortem

351 1110 558 1169 optabat,
591 1120 664 1154 aut
697 1110 979 1155 solitudinem
1010 1109 1300 1154 desiderabat.
1326 1108 1556 1166 Quandiu,
1581 1111 1747 1172 inquit,

350 1180 395 1225 id
417 1196 589 1225 meeum
612 1182 770 1239 agitur,
791 1181 836 1225 id
856 1182 961 1225 mihi
986 1181 1238 1241 praecipitur
1259 1190 1310 1225 ut
1331 1181 1530 1225 inimicos
1551 1180 1745 1240 diligam,

354 1253 546 1298 convicia
569 1254 751 1297 istorum
775 1252 1091 1297 crebrescentia
1115 1262 1157 1296 et
1179 1252 1485 1297 adumbrantia
1508 1268 1599 1308 me,
1626 1268 1748 1296 com-

356 1333 535 1368 movent
557 1323 736 1368 oculum
757 1339 924 1378 meum,
951 1324 1212 1383 perturbant
1233 1323 1384 1367 lumen
1411 1339 1558 1368 meum
1576 1358 1587 1378 ,
1613 1339 1748 1383 appe-

355 1403 457 1439 tunt
494 1410 569 1439 eor
603 1409 749 1439 meum
767 1430 776 1448 ,
813 1394 1084 1438 interficiunt
1111 1394 1301 1437 animam
1322 1409 1480 1438 meam.
1508 1393 1677 1437 Vellem
1700 1403 1751 1439 ut

355 1465 521 1509 abirem
537 1501 548 1519 ,
568 1465 645 1510 sed
666 1466 862 1509 infirmus
887 1481 1009 1521 sum,
1044 1481 1099 1509 ne
1129 1463 1346 1509 manendo
1368 1480 1551 1524 augeam
1573 1474 1750 1524 peecata

355 1537 542 1596 peccatis
573 1557 581 1581 ;
607 1545 682 1580 aut
700 1546 816 1580 certe
837 1552 1056 1595 separarer
1077 1535 1308 1596 paululum
1322 1551 1344 1580 a
1366 1550 1522 1594 genere
1534 1536 1746 1593 humano,

356 1622 411 1650 ne
435 1607 626 1666 patiatur
648 1606 807 1651 vulnus
820 1622 966 1650 meum
981 1606 1153 1651 crebras
1168 1605 1331 1666 plagas,
1350 1615 1401 1650 ut
1416 1615 1616 1651 sanatum
1634 1623 1751 1651 exer-

357 1678 551 1722 citationi
590 1677 813 1721 reddatur.
841 1678 910 1722 Fit
932 1679 1038 1733 hoc,
1058 1678 1234 1733 fratres,
1261 1687 1303 1722 et
1330 1678 1467 1737 surgit
1489 1678 1750 1738 plerumque

355 1749 401 1791 in
424 1749 567 1792 animo
596 1748 707 1791 servi
729 1749 806 1792 Dei
837 1748 1101 1792 desiderium
1129 1747 1396 1803 solitudinis,
1432 1764 1522 1792 non
1551 1749 1608 1792 ob
1632 1747 1751 1792 aliud

355 1819 436 1863 nisi
452 1828 631 1878 propter
649 1819 823 1862 turbam
847 1818 1181 1863 tribulationum
1204 1829 1247 1862 et
1267 1818 1596 1874 scandalorum,
1622 1828 1666 1862 et
1687 1818 1750 1872 di-

354 1890 412 1933 cit
440 1909 448 1934 :
476 1909 495 1931 α
522 1890 629 1942 Quis
647 1890 753 1932 mihi
767 1888 890 1932 dabit
906 1891 1101 1947 pennas?
1121 1907 1139 1928 »
1167 1887 1298 1931 Videt
1321 1903 1364 1931 se
1385 1888 1476 1931 sine
1496 1888 1672 1947 pennis,
1693 1904 1749 1933 an

354 1958 500 2020 potius
518 1959 659 2016 ligatis
684 1958 861 2018 pennis?
883 1958 924 2002 Si
949 1958 1135 2012 desunt,
1163 1957 1351 2015 dentur,
1379 1959 1413 2001 si
1447 1958 1590 2017 ligatae
1622 1968 1745 2014 sunt,

354 2028 579 2074 solvantur
605 2048 613 2072 2
640 2028 742 2088 quia
765 2027 894 2071 etiam
917 2029 994 2087 qui
1015 2027 1145 2071 solvit
1170 2043 1335 2088 pennas
1357 2028 1450 2084 avi,
1483 2038 1559 2073 aut
1575 2028 1651 2073 dat
1673 2039 1749 2075 aut

354 2099 498 2145 reddit
520 2099 580 2143 illi
603 2114 766 2159 pennas
792 2115 904 2143 suas.
937 2102 1035 2143 Non
1070 2100 1186 2143 enim
1217 2099 1408 2144 habebat
1440 2115 1510 2144 eas
1538 2110 1749 2161 tanquam

354 2186 452 2215 suas
468 2206 479 2225 ,
504 2170 663 2230 quibus
685 2169 830 2214 volare
853 2186 940 2215 non
963 2179 1146 2230 poterat·
1174 2171 1335 2229 Ligatae
1363 2186 1518 2230 pennae
1542 2186 1652 2214 onus
1681 2169 1746 2215 fa-

355 2243 492 2287 ciunt.
522 2262 541 2284 «
567 2242 672 2295 Quis
689 2278 699 2296 ,
718 2242 882 2303 inquit,
899 2241 1023 2286 dabit
1045 2242 1151 2286 mihi
1170 2258 1334 2301 pennas
1360 2242 1471 2285 sieut
1499 2241 1716 2285 columbae
1734 2278 1744 2296 ,

356 2331 375 2355 »
413 2323 455 2357 et
471 2313 652 2368 volabo,
679 2323 721 2356 et
743 2313 1040 2373 requiescam?
1058 2332 1077 2353 »
1094 2313 1355 2373 Requiescet
1369 2348 1379 2367 ,
1399 2312 1476 2356 ubi
1489 2314 1506 2354 ⁶?
1525 2316 1642 2356 Duos
1663 2312 1747 2356 dixi

354 2399 502 2427 sensus
526 2385 595 2428 hie
616 2400 706 2428 esse
734 2404 741 2428 :
768 2393 843 2427 aut
860 2385 971 2428 sicut
989 2384 1047 2428 ait
1068 2383 1301 2443 Apostolus
1329 2403 1338 2427 2
1366 2403 1386 2426 α
1407 2382 1587 2427 Dissolvi
1601 2392 1644 2426 et
1658 2398 1747 2427 esse

406 2486 414 2502 ¹
439 2480 550 2513 Matth.
568 2492 610 2521 x,
633 2480 686 2513 23.
712 2498 753 2502 —
773 2487 784 2502 ²
805 2480 883 2513 psal.
904 2491 954 2512 1„1v
969 2505 977 2521 ‚
996 2483 1016 2512 6
1032 2505 1040 2521 ,
1067 2490 1098 2521 7.
1129 2497 1171 2501 ——
1191 2478 1203 2502 3
1232 2491 1243 2511 1
1267 2482 1358 2511 Joan.
1382 2490 1416 2519 11,
1437 2490 1537 2521 9-11.
1559 2496 1601 2501 —
1626 2479 1640 2509 4
1662 2479 1744 2511 Psal-

357 2549 404 2570 ων
417 2563 424 2577 ,
448 2548 477 2578 7.
