1841 3223
409 291 649 321 ENARRATIO
681 294 726 320 IN
759 290 962 321 PsALMUM
993 291 1082 319 XLI.
1359 273 1444 315 249

60 363 201 424 justus
216 394 228 416 ,
249 358 351 404 licet
372 358 418 402 in
439 357 587 401 multis
604 358 851 417 proficiens,
868 357 1047 414 abyssus
1071 362 1154 409 est,
1181 361 1224 397 et
1241 352 1445 410 abyssum

64 432 238 476 invocat
272 429 449 490 quando
496 427 662 472 homini
696 427 861 487 aliquid
885 426 1013 481 fidei,
1049 423 1215 484 aliquid
1252 422 1444 467 veritatis

63 511 242 562 propter
252 501 386 545 vitam
408 507 614 543 aeternam
632 497 854 558 praedicat.
875 496 959 541 Sed
975 505 1080 540 tunc
1098 503 1160 539 est
1176 493 1293 538 utilis
1316 494 1446 551 abys-

64 588 135 616 sus
175 572 332 629 abysso
367 570 606 625 invocatae,
639 569 816 630 quando
843 568 893 611 fit
922 567 968 610 in
1000 582 1105 612 voce
1134 574 1446 610 cataractarum

64 643 265 687 tuarum?
286 659 306 683 «
337 640 530 698 Abyssus
553 640 760 698 abyssum
781 639 977 693 invocat,
1003 655 1024 679 »
1057 637 1190 681 homo
1222 635 1445 679 hominem

63 717 257 758 lucratur
289 732 298 758 :
333 727 423 757 non
443 721 590 757 tamen
610 711 655 755 in
675 726 782 756 voce
804 726 880 755 sua
896 745 907 766 ,
933 709 1010 755 sed
1031 727 1051 751 (t
1066 712 1118 753 In
1138 722 1245 753 voce
1262 716 1446 751 catarac-

66 802 88 827 »
122 794 267 829 tarum
282 793 473 828 tuarum.
500 801 522 824 ³)

122 857 242 899 XIV.
267 853 413 899 Alium
436 854 616 913 accipite
635 851 904 897 intellectum
930 870 939 896 :
968 868 990 893 «
1015 850 1207 909 Abyssus
1242 849 1447 907 abyssum

65 943 88 969 >›
122 926 316 980 invocat,
340 924 387 967 in
406 939 514 969 voce
535 933 848 968 cataractarum
865 932 1054 966 tuarum.
1076 939 1096 963 »
1123 923 1216 979 Ego
1241 919 1316 980 qui
1339 934 1447 963 con-

63 996 280 1051 tremisco,
305 1010 406 1040 eum
419 994 474 1039 ad
490 1010 559 1039 me
576 994 830 1054 perturbata
851 1001 915 1037 est
937 992 1077 1035 anima
1098 1006 1194 1034 mea
1210 1026 1220 1046 ,
1242 1007 1265 1034 a
1274 989 1448 1051 judiciis

63 1067 149 1111 tuis
170 1066 298 1110 timui
315 1066 596 1110 vehementer
621 1081 629 1106 :
660 1084 680 1106 «
706 1064 876 1109 Judicia
895 1065 1012 1108 enim
1037 1072 1111 1107 tua
1128 1063 1306 1120 abyssus
1332 1059 1448 1104 mul-

66 1154 88 1179 »
122 1147 166 1182 ta
189 1139 221 1192 1,
247 1146 291 1181 et
312 1136 490 1194 abyssus
509 1135 713 1193 abyssum
731 1135 918 1180 invocat.
943 1154 962 1176 »
984 1137 1092 1179 Nam
1114 1133 1195 1178 sub
1216 1134 1298 1176 hac
1320 1146 1449 1176 carne

62 1208 256 1264 mortali,
282 1208 494 1252 laboriosa
510 1243 520 1263 ‚
544 1207 807 1267 peccatrice,
825 1205 1030 1250 molestiis
1059 1214 1102 1249 et
1123 1202 1334 1249 scandalis
1354 1202 1449 1262 ple-

62 1296 141 1335 na,
173 1278 531 1339 concupiscentiis
565 1278 773 1333 obnoxia,
809 1277 1030 1322 damnatio
1060 1274 1262 1336 quaedam
1297 1283 1360 1319 est
1394 1273 1449 1317 de

57 1349 222 1412 judicio
235 1350 446 1411 tuozquia
467 1359 518 1394 tu
538 1349 683 1394 dixisti
702 1349 919 1409 peccatori
942 1368 950 1392 :
972 1367 992 1389 κ
1016 1350 1158 1392 Morte
1180 1345 1373 1390 morieris
1400 1363 1443 1390 z»

63 1430 130 1476 et,
172 1440 192 1463 «
225 1424 278 1466 In
309 1420 466 1465 sudore
497 1419 645 1465 vultus
676 1421 740 1464 tui
766 1418 866 1464 edes
894 1433 1052 1479 panem
1085 1427 1207 1462 tuum
1229 1419 1260 1461 ².
1297 1434 1316 1457 »
1344 1417 1448 1460 Haec

63 1491 241 1550 abyssus
263 1491 402 1551 prima
418 1490 572 1552 judicii
604 1491 684 1535 tui.
710 1490 793 1536 Sed
815 1490 849 1534 si
871 1488 984 1533 male
1005 1489 1076 1533 hic
1099 1487 1286 1532 vixerint
1305 1487 1448 1531 homi-

61 1577 138 1606 nes
165 1581 174 1607 :
203 1581 223 1605 «
247 1562 440 1620 Abyssus
472 1562 679 1619 abyssum
719 1561 893 1606 invocat
925 1579 933 1604 :
968 1577 987 1602 »
1014 1559 1116 1620 quia
1150 1557 1205 1602 de
1238 1573 1367 1618 poena
1402 1557 1449 1601 in

61 1648 240 1693 poenam
259 1642 502 1688 transeunt,
528 1643 571 1677 et
593 1632 648 1677 de
669 1632 859 1676 tenebris
881 1630 936 1675 ad
957 1630 1158 1674 tenebras
1174 1665 1184 1685 ,
1210 1638 1253 1673 et
1276 1629 1330 1673 de
1350 1645 1451 1689 pro-

61 1701 279 1747 funditate
310 1702 366 1747 ad
400 1701 772 1762 profunditatem,
810 1701 930 1745 etde
962 1700 1174 1760 supplicio
1206 1700 1262 1744 ad
1283 1700 1450 1760 suppli-

30 1822 33 1824 ,
61 1773 177 1817 cium
195 1808 205 1828 ‚
231 1781 274 1816 et
301 1772 356 1817 de
384 1772 536 1817 ardore
564 1772 814 1831 cupiditatis
842 1772 889 1815 in
907 1772 1102 1815 flammas
1131 1771 1443 1828 gehennarum.

62 1848 178 1905 Ergo
190 1845 275 1890 hoc
295 1845 442 1889 timuit
458 1844 648 1889 fortassis
664 1845 902 1897 homoiste,
924 1859 1026 1887 cum
1048 1843 1127 1888 ait:
1159 1861 1177 1884 «
1204 1842 1273 1886 Ad
1290 1858 1360 1886 me
1381 1843 1448 1902 ip-

65 1933 86 1957 »
120 1931 217 1960 sum
239 1915 382 1960 anima
398 1930 493 1959 mea
514 1915 689 1959 turbata
709 1923 772 1958 est
794 1933 803 1959 ε
827 1923 1055 1973 propterea
1070 1922 1334 1957 memoratus
1352 1929 1447 1957 sum

65 2003 87 2028 »
121 1986 214 2041 tui,
238 1986 443 2041 Domine,
470 1985 525 2028 de
556 1994 669 2029 terra
697 1984 897 2029 Jordanis
925 1994 967 2028 et
996 1984 1280 2028 Hermoniim.
1307 2002 1327 2025 »
1355 1987 1451 2028 Hu-

61 2055 173 2100 milis
196 2071 285 2100 esse
301 2055 456 2101 debeo.
481 2055 698 2099 Exhorrui
719 2055 834 2099 enim
855 2055 1019 2115 judicia
1041 2064 1116 2098 tua
1134 2090 1144 2110 ,
1170 2055 1450 2100 vehementer

63 2126 190 2171 timui
200 2125 365 2186 judicia
385 2134 461 2169 tua
482 2145 491 2170 2
521 2144 541 2167 «
563 2125 668 2170 Ideo
686 2124 741 2169 ad
760 2140 830 2169 me
851 2126 993 2168 anima
1009 2141 1105 2170 mea
1122 2125 1297 2170 turbata
1320 2136 1397 2170 est.
1422 2145 1442 2168 »

63 2199 120 2242 Et
142 2213 240 2258 quae
255 2197 418 2258 judicia
435 2205 511 2240 tua
527 2196 682 2241 timui?
705 2199 920 2240 Parva-ne
938 2195 1102 2256 judicia
1124 2206 1226 2241 sunt
1248 2205 1322 2241 tua
1343 2197 1450 2241 ista?

63 2269 222 2326 Magna
244 2275 371 2321 sunt,
396 2265 505 2310 dura
530 2275 656 2320 sunt,
687 2265 869 2310 molesta
891 2275 1019 2310 sunt:
1047 2266 1123 2311 sed
1156 2267 1324 2311 utinam
1358 2267 1446 2311 sola

64 2346 218 2382 essent.
245 2355 265 2379 t<
289 2337 481 2395 Abyssus
504 2337 708 2395 abyssum
729 2337 904 2382 invocat
933 2337 980 2381 in
1000 2352 1106 2382 voce
1134 2347 1447 2383 cataractarum

66 2425 88 2449 »
124 2415 297 2451 tuarum
319 2427 329 2452 2
351 2425 372 2448 »
398 2407 500 2467 quia
522 2416 571 2451 tu
587 2408 760 2452 minaris
774 2443 784 2463 ,
808 2417 854 2452 tu
867 2407 972 2452 dicis
983 2417 1025 2452 et
1043 2416 1140 2468 post
1160 2407 1256 2452 illos
1276 2407 1447 2453 labores

64 2487 223 2522 restare
256 2477 436 2522 alteram
471 2476 795 2523 damnationem
827 2498 836 2522 :
876 2482 972 2522 «In
1000 2493 1106 2523 voce
1136 2487 1447 2523 cataractarum

69 2566 90 2589 »
123 2557 314 2604 tuarum,
339 2549 518 2607 abyssus
538 2549 744 2608 abyssum
774 2549 961 2594 invocat.
996 2551 1094 2602 Quo
1127 2564 1228 2607 ergo
1265 2550 1395 2595 abibo
1420 2566 1444 2594 a

115 2640 122 2656 ¹
144 2634 224 2666 psal.
247 2645 345 2675 xxxv,
372 2645 401 2676 ζ.
423 2651 464 2657 ·—-
484 2642 497 2658 ²
516 2637 592 2668 Gen.
616 2646 650 2676 n,
671 2645 721 2676 17,
744 2639 837 2676 etin,
861 2645 909 2675 ¹⁴.)-
