1841 3223
256 257 498 287 ENAimA‘no
531 260 546 287 1
579 261 624 288 IN
657 259 859 288 PsALMUM
891 259 1056 297 xxxv1,
1091 255 1217 285 SERM.
1254 259 1283 285 1.
1396 247 1451 287 69

68 340 179 384 opus
193 325 276 369 erit·
295 326 596 385 peccatoribus
615 341 692 384 per
704 341 813 385 quos
823 327 838 385 j
847 325 929 369 usti
943 325 1185 384 probentur
1202 342 1211 369 z
1230 342 1248 365 «
1263 326 1320 368 Et
1338 340 1455 384 quae-

69 413 90 436 »
126 411 191 440 res
214 395 358 441 locum
387 396 499 456 ejus,
526 405 569 440 et
596 412 684 440 non
712 396 919 440 invenies.
941 414 960 437 »
985 394 1118 440 Modo
1140 410 1287 455 quaere
1308 394 1455 439 locum

65 468 323 527 peccatoris,
357 467 565 512 invenies.
592 470 654 512 De
674 475 901 526 peccatore
930 467 1033 511 fecit
1054 465 1420 524 Deusssagellum
1440 501 1452 522 ,

65 537 187 582 dedit
206 538 242 582 ei
274 547 318 582 et
338 538 549 582 honorem
567 573 578 593 ,
607 536 728 581 dedit
756 537 793 581 ei
824 546 868 580 et
894 546 1168 595 potestatem.
1205 536 1455 598 Aliquando

64 609 180 652 enim
204 607 307 652 facit
323 608 427 665 hoc3
446 608 522 653 dat
537 608 753 668 peccatori
773 617 1047 668 potestatem,
1065 608 1340 665 flagellantur
1352 608 1455 653 inde

64 693 130 722 res
163 679 395 733 humanae,
430 678 720 723 emendantur
753 678 854 722 inde
882 677 957 738 pii.
995 681 1245 722 Peccatores
1272 678 1334 722 illi
1371 680 1454 723 hoc

63 746 271 792 reddetur
291 747 412 809 quod
433 747 638 792 debetur:
666 758 709 793 et
730 758 875 793 tamen
893 746 1058 793 factum
1080 757 1144 792 est
1165 748 1219 792 de
1236 748 1312 792 illo
1335 749 1454 793 unde

63 819 261 879 proficiat
282 819 378 879 pius
392 854 402 873 ,
421 819 540 864 unde
562 818 735 865 deficiat
751 819 924 879 impius.
951 821 1164 873 «Quaeres
1184 819 1328 863 locum
1344 820 1451 880 ejus,

66 907 87 931 »
122 899 167 933 et
187 905 278 934 non
294 889 503 934 invenies.
527 908 548 931 »

120 961 223 1004 XII.
235 960 476 1004 «Mansueti
490 969 634 1004 autem
648 958 904 1004 haereditate
916 958 1203 1019 possidebunt
1215 969 1374 1004 terram
1390 962 1402 986 ¹
1411 995 1420 1004 .
1429 978 1450 1002 »

64 1031 192 1073 Terra
212 1039 275 1073 est
288 1028 361 1073 illa
380 1028 434 1073 de
456 1046 541 1090 qua
555 1045 668 1090 saepe
691 1030 824 1074 locuti
838 1046 1011 1086 sumus,
1033 1029 1271 1074 Jerusalem
1287 1040 1451 1086 sancta,

60 1116 160 1160 quae
183 1099 442 1145 liberabitur
473 1100 528 1144 de
561 1101 908 1160 peregrinatione
939 1102 1042 1155 ista,
1080 1111 1124 1145 et
1154 1101 1199 1145 in
1239 1111 1455 1146 aeternum

61 1171 178 1216 vivet
198 1174 411 1215 cum'Deo
432 1180 475 1215 et
497 1170 552 1215 de
584 1175 687 1216 Deo.
714 1191 734 1213 «
754 1175 868 1230 Ergo
890 1172 1145 1216 haereditate
1167 1173 1455 1232 possidebunt

63 1260 83 1284 »
108 1247 282 1287 terram.
304 1260 324 1284 »
351 1245 459 1296 Quae
481 1252 611 1287 erunt
626 1242 795 1288 deliciae
818 1243 1041 1302 ipsorum?
1058 1263 1077 1286 α
1091 1246 1149 1287 Et
1171 1242 1455 1288 delectabun-

62 1331 82 1356 »
109 1322 181 1357 tur
209 1313 256 1356 in
284 1312 567 1358 multitudine
599 1314 731 1374 pacis.
761 1331 781 1355 »
821 1314 1069 1358 Delectetur
1096 1314 1168 1359 hic
1203 1314 1361 1374 impius
1380 1313 1455 1358 ille

58 1383 104 1427 in
125 1382 407 1428 multitudine
430 1384 549 1439 auri,
575 1384 622 1428 in
647 1384 927 1428 multitudine
957 1385 1149 1443 argenti,
1175 1385 1219 1428 in
1249 1383 1453 1429 multitu-

59 1452 161 1498 dine
203 1454 543 1514 mancipiorum,
584 1454 629 1498 in
663 1455 947 1499 multitudine
977 1464 1197 1515 postremo
1228 1455 1452 1511 baiarum,

59 1539 252 1569 rosarum
271 1560 281 1580 ,
304 1524 579 1580 vinolentiae,
599 1525 933 1570 lautissimorum
954 1535 997 1569 et
1016 1525 1338 1569 luxuriosorum
1352 1541 1456 1570 con-

56 1596 288 1641 viviorum.
318 1599 422 1641 Haec
444 1605 507 1640 est
539 1597 734 1656 potentia
757 1597 828 1641 cui
849 1595 1037 1651 invides,
1066 1597 1146 1641 iste
1171 1597 1250 1641 flos
1281 1606 1344 1641 est
1376 1597 1456 1657 qui

58 1675 101 1710 te
133 1666 351 1712 delectat?
385 1670 542 1712 Nonne
582 1668 660 1712 etsi
692 1683 860 1727 semper
901 1668 959 1711 sic
994 1677 1127 1722 esset,
1178 1666 1454 1727 plangendus

58 1746 168 1782 esset
179 1740 198 1782 Ξ)
211 1740 321 1791 Quae
334 1748 463 1782 erunt
477 1747 624 1782 autem
646 1737 813 1782 deliciae
824 1739 938 1782 tuae?
951 1756 970 1778 «
987 1740 1043 1781 Et
1055 1736 1394 1781 delectabuntur
1405 1739 1452 1782 in

60 1826 80 1850 »
101 1807 384 1853 multitudine
404 1809 536 1868 pacis.
555 1827 576 1850 »
602 1812 772 1853 Aurum
795 1817 922 1852 tuum
941 1823 1047 1867 pax,
1074 1816 1303 1866 argentum
1323 1817 1450 1852 tuum

57 1893 139 1938 pax
155 1914 165 1932 ,
190 1877 355 1938 praedia
378 1887 453 1923 tua
476 1894 558 1938 pax
573 1914 584 1930 ‚
600 1879 688 1922 vita
712 1888 787 1922 tua
807 1893 912 1937 pax,
938 1881 1052 1922 Deus
1070 1887 1171 1921 tuus
1183 1893 1281 1937 pax.
1308 1878 1451 1932 Quid-

57 1948 164 2009 quid
184 1947 421 2004 desideras,
445 1964 528 2008 pax
550 1949 631 1992 tibi
658 1948 754 1993 erit.
779 1948 891 2002 Quia
919 1949 990 1992 hic
1014 1964 1168 1992 aurum
1207 1947 1328 2008 quod
1356 1959 1419 1994 est
1435 1985 1446 2005 ,

57 2034 147 2063 non
170 2027 308 2078 potest
329 2019 408 2063 tibi
428 2034 518 2063 esse
535 2028 786 2077 argentum,
807 2017 928 2079 quod
940 2010 1089 2063 vinum
1109 2029 1187 2074 est,
1205 2035 1294 2064 non
1307 2029 1451 2079 potest

57 2089 137 2134 tibi
159 2104 248 2133 esse
274 2089 423 2148 panis,
448 2089 569 2149 quod
589 2090 670 2133 tibi
690 2089 765 2133 lux
793 2098 882 2144 est,
907 2105 995 2133 non
1014 2098 1155 2148 potest
1177 2105 1267 2134 esse
1288 2100 1444 2150 potus:

57 2162 171 2203 Deus
193 2168 295 2203 tuus
317 2167 461 2203 totum
482 2159 563 2203 tibi
590 2159 685 2203 erit.
723 2158 1011 2204 Manducabis
1034 2175 1156 2214 eum,
1187 2176 1242 2204 ne
1265 2162 1446 2220 esurias,

56 2230 179 2274 bibes
206 2245 307 2274 eum
323 2265 334 2285 ,
357 2246 412 2275 ne
434 2231 575 2288 sitias,
599 2229 915 2275 illuminaberis
933 2231 988 2274 ab
1018 2246 1091 2284 co,
1124 2246 1180 2274 ne
1202 2231 1255 2275 sis
1281 2248 1447 2292 caecus,

58 2298 248 2344 fulcieris
271 2301 325 2345 ab
339 2316 390 2345 eo
407 2336 417 2356 ,
443 2316 498 2345 ne
520 2299 714 2359 deficias3
737 2300 974 2360 possidebit
994 2310 1036 2345 te
1056 2310 1195 2345 totum
1208 2301 1426 2361 inte-grum
1430 2339 1446 2360 ,

57 2380 174 2416 totus
195 2372 377 2430 integret}⁶
403 2372 635 2432 Angustias
652 2388 742 2416 non
759 2372 820 2416 ibi
844 2372 1015 2432 patieris
1044 2388 1145 2416 cnm
1165 2387 1217 2416 co
1238 2388 1338 2417 cum
1358 2391 1447 2435 quo

59 2451 201 2486 totum
235 2442 426 2502 possides
453 2463 461 2488 ε
489 2452 630 2488 totum
667 2443 871 2498 habebis,
902 2453 1043 2488 totum
1067 2452 1110 2487 ct
1130 2442 1203 2486 ille
1233 2444 1445 2503 habebit3

58 2512 161 2571 quia
181 2521 233 2556 tu
251 2521 295 2556 et
314 2511 387 2556 ille
403 2528 542 2557 unum
569 2513 683 2559 eritis
699 2549 710 2568 ,
740 2512 861 2573 quod
884 2529 1023 2558 unum
1048 2522 1188 2558 totum
1208 2523 1251 2559 et
1270 2514 1342 2559 ille
1363 2516 1445 2559 ha-

108 2603 117 2621 ¹
137 2597 218 2631 Psal.
240 2609 349 2639 xxxvn,
374 2610 423 2631 11.
