1841 3223
468 252 711 282 numm-1⁸10
743 255 788 283 m
822 253 1026 282 PsALMUM
1059 257 1145 283 mv.
1395 244 1477 284 523

82 317 420 377 fueritpassus,
452 333 598 364 nonne
634 334 761 378 aequo
793 317 939 362 animo
972 327 1015 362 et
1059 328 1110 363 tu
1153 318 1397 364 tolerabis?
1436 329 1480 363 et

81 388 263 438 fortasse
292 386 509 465 gaudens,
536 389 638 448 quia
672 389 874 433 inventus
906 404 949 432 es
970 389 1016 432 in
1033 388 1177 449 aliqua
1194 388 1477 438 similitudine

80 458 327 518 passionum
364 458 473 517 regis
501 457 581 502 tui.
609 460 721 503 Cum
752 472 852 515 ergo
874 458 954 502 ista
983 459 1175 517 cogitans
1197 458 1411 503 consolati
1434 469 1480 504 et

85 528 275 588 gaudere
294 530 501 588 coeperis,
522 528 595 575 ille
626 529 827 583 surrexit
847 527 921 572 ille
937 530 1352 589 ventisimperavit:
1379 528 1477 576 ideo

87 599 204 645 facta
227 609 291 644 est
310 591 616 661 tranquillitas.
639 618 659 643 «
683 599 978 659 Expectabam
1000 615 1100 646 eum
1123 601 1200 661 qui
1216 616 1285 645 me
1307 600 1477 646 salvum

89 690 106 712 »
141 669 304 721 faceret
320 686 344 714 a
361 670 716 729 pusillanimitate
732 679 775 713 et
796 678 1065 728 tempestate
1094 688 1114 712 »

141 728 220 795 XI.
251 760 271 783 ‹<
295 741 558 801 Submerge,
583 740 790 796 Domine,
815 751 858 786 et
877 740 1022 785 divide
1044 740 1213 799 linguas
1233 744 1429 788 eorum¹
1455 761 1476 786 »

82 809 284 859 Attendit
305 811 564 856 tribulantes
580 826 624 855 se
646 820 688 855 et
711 777 1022 855 adumbrantes
1039 826 1104 867 se,
1127 821 1170 856 et
1187 813 1354 873 optavit
1367 813 1476 866 hoe,

84 898 175 930 non
196 881 250 926 de
272 882 334 926 ira
349 917 360 937 ,
380 882 551 929 fratres.
569 882 651 936 Qui
665 897 709 926 se
729 882 842 926 male
857 881 1128 938 extulerunt,
1149 883 1325 943 expedit
1350 884 1408 927 eis
1430 892 1480 928 ut

83 952 420 1012 submergantur
449 973 459 998 :
489 953 567 1013 qui
590 952 702 997 male
730 953 1116 1013 conspiraverunt,
1143 953 1319 1014 expedit
1349 954 1408 998 eis
1430 962 1482 998 ut

82 1021 244 1081 linguae
279 1038 433 1069 eorum
467 1021 722 1068 dividantur
753 1042 762 1067 ι
798 1022 854 1066 ad
889 1023 1058 1067 bonum
1089 1025 1393 1080 consentiant,
1437 1034 1482 1068 ct

82 1092 351 1144 concordent
373 1091 535 1152 linguae
558 1087 749 1140 illorum.
772 1112 791 1135 «
822 1093 863 1137 Si
882 1102 1027 1137 autem
1049 1094 1094 1138 in
1112 1093 1301 1154 idipsum
1326 1093 1481 1139 adver-

84 1181 104 1204 »
140 1177 236 1206 sum
258 1178 328 1206 me
350 1163 634 1212 susurrabant
649 1198 659 1217 ,
681 1163 762 1217 ait,
788 1177 939 1207 omnes
963 1163 1126 1208 inimici
1144 1164 1231 1209 mei
1252 1166 1268 1190 ²
1290 1181 1298 1206 ;
1328 1183 1347 1206 »
1376 1180 1480 1225 per-

80 1231 188 1276 dant
211 1230 401 1291 idipsum.
417 1233 464 1276 in
482 1231 613 1287 malo,
636 1231 889 1289 dividantur
902 1231 1066 1292 linguae
1084 1249 1237 1278 eorum
1250 1269 1260 1289 ,
1286 1250 1377 1279 non
1398 1235 1481 1279 sibi

82 1299 369 1356 consentiant.
401 1322 421 1345 «
449 1303 690 1361 Submerge
705 1339 715 1358 ,
748 1304 955 1359 Domine,
981 1313 1023 1348 et
1045 1303 1191 1349 divide
1214 1304 1386 1365 linguas
1403 1321 1480 1350 eo-

86 1392 107 1416 »
141 1389 254 1424 rum.
280 1375 534 1434 Submerge,
549 1393 569 1416 »
584 1377 743 1435 quare?
762 1375 870 1428 Quia
889 1391 932 1419 se
950 1375 1216 1420 extulerunt.
1240 1395 1259 1418 «
1273 1376 1441 1431 Divide,
1456 1394 1476 1418 »

83 1446 243 1506 quare?
261 1445 372 1498 Quia
396 1446 441 1494 in
467 1444 631 1488 malum
655 1445 1033 1504 conspiraverunt.
1062 1449 1243 1490 Turrem
1265 1445 1384 1490 illam
1409 1461 1480 1489 re—

83 1508 264 1560 cordare
286 1514 576 1574 superborum
598 1513 757 1559 factam
775 1524 874 1574 post
887 1515 1104 1559 diluvium
1123 1535 1132 1560 :
1154 1514 1260 1577 quid
1278 1515 1482 1560 dixerunt

83 1585 286 1644 superbi?
316 1587 381 1630 Ne
403 1599 631 1643 pereamus
653 1584 841 1639 diluvio,
876 1583 1086 1629 faciamus
1110 1585 1241 1630 altam
1263 1595 1430 1630 turrem
1444 1588 1477 1630 ³.

87 1654 296 1716 Superbia
308 1670 352 1698 se
368 1655 561 1699 munitos
575 1670 665 1699 esse
683 1654 1027 1711 arbitrabantur,
1045 1665 1328 1701 extruxerunt
1349 1655 1482 1699 altam

83 1719 273 1782 turrem3
298 1734 342 1769 et
358 1725 569 1769 Dominus
592 1724 738 1769 divisit
760 1724 930 1784 linguas
952 1725 1161 1784 ipsorum.
1191 1728 1314 1769 Tunc
1331 1740 1375 1768 se
1390 1740 1482 1769 coe-

84 1805 246 1855 perunt
268 1811 358 1846 non
387 1795 632 1855 intelligere
658 1815 666 1840 ε
705 1796 808 1840 hinc
847 1794 961 1840 lacta
989 1805 1052 1840 est
1083 1798 1203 1854 origo
1231 1795 1481 1855 linguarum

84 1865 340 1913 multarum.
365 1869 506 1914 Antea
534 1867 650 1910 enim
676 1883 763 1912 una
792 1867 941 1926 lingua
972 1877 1064 1911 erat
1086 1887 1095 1912 ι
1120 1866 1196 1911 sed
1224 1883 1311 1911 una
1332 1867 1482 1926 lingua

87 1935 377 1987 concordibus
399 1935 621 2014 proderat,
646 1951 735 1979 una
752 1935 901 1994 lingua
922 1936 1162 1981 humilibus
1185 1937 1390 1997 proderat
1409 1957 1418 1981 :
1439 1947 1484 1981 at

87 2008 165 2053 ubi
188 2006 262 2052 illa
289 2006 528 2054 collectio
517 2022 564 2049 m
587 2005 954 2065 conspirationem
977 2007 1193 2066 superbiae
1214 2009 1484 2067 praecipitata

87 2087 173 2134 est,
200 2073 392 2156 pepercit
413 2072 495 2121 illis
514 2079 630 2121 Deus
650 2085 701 2120 ut
723 2074 936 2121 divideret
957 2075 1155 2134 linguas,
1176 2092 1231 2120 ne
1252 2092 1296 2120 se
1317 2076 1482 2121 intelli-

91 2113 233 2217 gerido
254 2149 542 2209 perniciosam
570 2147 763 2193 facerent
793 2144 1022 2193 unitatem.
1054 2152 1136 2197 Per
1165 2148 1374 2208 superbos
1403 2150 1485 2194 ho-

89 2221 228 2265 mines
248 2219 395 2264 divisae
416 2228 518 2264 sunt
538 2219 726 2278 linguae·
718 2240 729 2277 3
746 2234 822 2279 per
842 2218 1028 2262 humiles
1054 2218 1284 2278 Apostolos
1301 2235 1485 2279 congie-

92 2299 201 2348 gatae
227 2285 329 2337 sunt
361 2288 560 2348 linguae:
599 2289 782 2349 Spiritus
814 2289 1028 2348 superbiae
1057 2289 1256 2348 dispersit
1281 2289 1452 2348 linguas
1470 2326 1481 2345 ‚

95 2361 277 2420 Spiritus
298 2370 470 2408 sanctus
491 2361 770 2419 congregavit
793 2359 979 2418 linguas.
1009 2360 1193 2413 Quando
1217 2360 1333 2404 enim
1357 2361 1485 2421 Spiri-

93 2440 163 2476 tus
180 2441 352 2476 sanctus
372 2431 490 2476 venit
509 2446 638 2491 super
656 2430 896 2490 Discipulos
914 2465 924 2485 ‚
945 2431 1143 2474 omnium
1166 2430 1326 2490 linguis
1348 2431 1484 2476 locuti

93 2509 221 2554 sunt,
254 2500 310 2543 ab
339 2501 542 2545 omnibus
564 2499 773 2544 intellecti
806 2501 932 2543 sunt4
960 2519 968 2544 :
992 2499 1154 2559 linguae
1186 2500 1411 2560 dispersae,
1439 2502 1485 2544 in

145 2591 152 2605 ¹
176 2583 254 2616 Psal.
275 2595 340 2626 mv,
359 2595 410 2618 10.
437 2601 479 2607 -
499 2585 644 2625 2Ι(1.111,
663 2587 694 2617 8.
716 2601 758 2607 --
778 2583 791 2607 ³
812 2586 891 2616 Gen.
914 2595 956 2625 111,
976 2584 1008 2625 4.
1030 2601 1070 2608 --
1087 2583 1102 2614 4
1119 2587 1191 2620 Act.
1213 2597 1250 2628 11,
1271 2585 1304 2627 [4.
