1841 3223
360 217 445 257 300
802 227 836 256 s.
874 227 1104 258 Avensa-nvi
1138 230 1320 259 Emscom

361 295 516 348 tionis,
543 312 563 334 «
590 292 780 338 Dilexisti
806 295 1019 354 justitiam
1037 331 1047 350 ‚
1073 304 1115 339 et
1150 296 1276 341 odisti
1298 296 1588 357 iniquitatem.
1617 315 1637 338 υ
1663 299 1751 342 Ac·-

359 365 465 410 cedc
488 363 542 407 ad
564 363 691 407 istam
712 364 894 423 virgam,
911 365 964 410 sit
985 365 1065 410 tibi
1089 382 1161 410 rex
1183 367 1380 412 Christus
1401 387 1408 412 :
1432 376 1551 426 regat
1571 376 1611 412 te
1632 367 1752 426 virga

360 437 454 489 ista,
480 450 534 478 nc
556 435 730 493 frangat
747 444 804 480 te.
833 436 963 495 Virga
988 437 1103 481 enim
1127 436 1263 482 ferrea
1287 447 1356 482 est
1377 437 1466 493 illa,
1487 437 1748 482 inflexibilis.

360 509 417 550 Et
441 505 547 566 quid
571 505 738 550 dictum
761 509 856 551 est?
883 527 902 549 α
930 511 1068 566 Reges
1091 524 1162 552 eos
1185 509 1229 552 in
1250 509 1371 568 virga
1394 508 1530 553 ferrea
1548 543 1559 563 ‚
1587 518 1630 553 et
1652 518 1752 553 tan-

361 594 381 618 »
418 591 551 637 quam
574 591 646 620 vas
665 576 788 635 figuli
807 587 1004 621 conteres
1026 580 1140 622 008¹.
1171 596 1190 619 »
1217 578 1334 623 Alios
1358 580 1494 637 regit,
1520 578 1624 623 alios
1647 594 1753 623 con-

360 647 458 692 terit
481 667 489 692 2
523 648 633 706 regit
665 647 899 707 spiritales,
932 649 1117 692 conterit
1139 648 1347 693 carnales.
1374 652 1489 707 Ergo
1519 649 1676 693 accede
1698 648 1753 693 ad

356 719 483 763 istam
505 719 685 776 virgam.
713 717 828 772 Quid
851 719 895 762 in
917 735 965 762 ea
988 719 1138 762 times?
1156 721 1258 763 Haec
1282 729 1345 764 est
1362 728 1453 764 tota
1474 720 1593 778 virga
1615 739 1625 764 ι
1647 738 1666 761 «
1686 719 1754 763 Di-

360 807 381 831 »
417 789 560 834 lexisti
585 790 823 850 justitiam,
856 798 898 833 et
921 789 1050 834 odisti
1073 790 1363 850 iniquitatem.
1401 809 1422 831 »
1459 790 1577 844 Quid
1602 791 1754 834 times?

360 862 446 906 Sed
469 859 581 905 forte
604 861 780 921 iniquus
802 876 894 905 eras
910 880 918 906 z
937 861 1060 906 audis
1078 861 1194 905 enim
1212 876 1356 920 regem
1376 871 1519 917 tuum,
1537 861 1638 922 quia
1661 859 1755 905 odit

358 932 634 992 iniquitatem
654 967 664 986 ,
697 940 740 974 et
768 932 905 975 times.
934 934 1011 976 Est
1032 932 1154 992 quod
1180 930 1324 976 facias.
1365 932 1482 986 Quid
1512 931 1632 976 odit?
1662 931 1753 975 Ini-

357 1002 569 1063 quitatem
591 1022 599 1046 :
620 1001 837 1062 numquid
857 1004 930 1046 te?
950 1002 1034 1047 Sed
1054 1002 1099 1046 in
1115 1011 1157 1046 te
1179 1012 1242 1047 est
1267 1002 1499 1062 iniquitas?
1513 1002 1618 1046 Odit
1634 1001 1754 1045 illam

358 1076 488 1127 Deus,
504 1071 650 1118 oderis
670 1081 713 1116 et
732 1081 776 1116 tu
800 1081 873 1117 :ut
889 1087 1022 1116 unam
1045 1088 1136 1116 rem
1155 1073 1286 1117 ambo
1308 1073 1500 1118 oderitis.
1520 1073 1616 1117 Eris
1637 1072 1754 1116 enim

357 1147 448 1189 Deo
472 1144 650 1199 amicus,
670 1144 704 1187 si
727 1142 856 1188 odisti
875 1143 997 1204 quod
1018 1144 1125 1188 odit.
1145 1147 1209 1189 Ita
1232 1154 1273 1188 et
1297 1144 1459 1188 amabis
1481 1143 1601 1204 quod
1620 1152 1751 1188 amat.

358 1214 592 1274 Displiceat
614 1215 659 1258 in
682 1224 724 1259 te
740 1215 833 1274 ipso
858 1215 937 1259 tibi
959 1214 1164 1275 iniquitas
1187 1223 1278 1269 tua,
1295 1223 1338 1259 et
1354 1213 1523 1274 placeat
1540 1214 1620 1257 tibi
1639 1229 1757 1258 crea-

358 1295 454 1330 tura
477 1286 624 1346 ipsius.
648 1289 792 1330 Homo
807 1286 923 1329 enim
945 1301 988 1329 es
1004 1286 1195 1346 iniquus.
1222 1288 1319 1329 Duo
1338 1284 1426 1329 dixi
1448 1286 1623 1329 nomina
1640 1304 1647 1328 :
1666 1283 1756 1328 duo

359 1359 563 1414 nomina,
602 1359 736 1402 horno
770 1367 814 1402 et
846 1357 1025 1418 iniquus
1054 1377 1062 1402 :
1095 1357 1142 1401 in
1169 1357 1259 1402 istis
1295 1356 1469 1401 duobus
1505 1356 1757 1401 nominibus

359 1447 500 1475 unum
522 1440 586 1476 est
609 1440 777 1476 naturae
792 1467 802 1486 ‚
829 1430 1016 1475 alterum
1038 1429 1180 1490 culpae
1201 1447 1212 1474 .·
1237 1446 1374 1474 unum
1400 1429 1480 1474 tibi
1499 1433 1612 1473 Deus
1634 1427 1754 1484 fecit,

359 1502 545 1546 alterum
572 1512 621 1546 tu
644 1501 809 1547 fecisti:
835 1517 930 1546 ania
953 1502 1074 1562 quod
1098 1504 1212 1545 Deus
1236 1499 1338 1545 fecit
1358 1536 1368 1555 ,
1394 1499 1535 1545 oderis
1562 1498 1684 1560 quod
1706 1508 1755 1543 tu

359 1573 498 1618 fecisti
519 1594 529 1632 3
548 1575 648 1634 quia
670 1583 713 1618 et
735 1574 826 1634 ipse
851 1575 933 1617 hoc
955 1572 1062 1618 odit.
1087 1572 1198 1616 Vide
1220 1573 1446 1633 quomodo
1462 1573 1552 1633 jam
1568 1571 1630 1615 illi
1652 1571 1758 1615 inci-

360 1645 453 1706 pias
477 1645 702 1704 conjungi,
718 1660 819 1689 cum
840 1644 965 1688 odisti
987 1643 1108 1704 quod
1130 1643 1238 1688 odit.
1267 1647 1500 1688 Peccatum
1524 1643 1759 1703 puniturus

358 1724 422 1760 cst
438 1751 448 1770 ‚
476 1715 579 1776 quia
605 1715 722 1773 virga
741 1714 990 1759 directionis
1013 1723 1077 1759 est
1100 1714 1219 1774 virga
1244 1715 1363 1773 regni
1380 1715 1532 1774 ipsius.
1562 1712 1646 1758 Sed
1668 1728 1758 1757 non

356 1795 500 1846 potest
523 1795 573 1830 ut
603 1802 691 1830 non
725 1786 880 1846 puniat
912 1787 1169 1841 peccatum?
1204 1784 1483 1828 Puniendum
1506 1792 1569 1828 est
1601 1799 1759 1841 pecca-

359 1866 452 1898 tum
475 1873 483 1898 :
511 1857 544 1896 si
567 1856 845 1912 puniendum
868 1867 958 1896 non
985 1861 1121 1906 esset,
1147 1867 1225 1896 nee
1245 1860 1473 1910 peccatum
1492 1861 1616 1896 esset.
1639 1855 1758 1896 Prae-

359 1925 460 1970 veni
484 1923 607 1967 illum
633 1944 641 1969 2
666 1939 755 1967 non
781 1923 844 1967 vis
879 1932 929 1966 ut
961 1923 1051 1982 ipse
1075 1923 1255 1982 puniat,
1291 1932 1335 1966 tu
1358 1923 1482 1982 puni.
1515 1923 1620 1967 Ideo
1642 1923 1759 1967 enim

361 1994 506 2041 adhuc
530 1994 621 2054 ipsc
648 1993 814 2053 parcit,
836 1992 1000 2048 differt,
1027 2002 1147 2037 tenet
1165 2008 1361 2047 manum,
1380 2008 1531 2038 arcum
1552 1992 1756 2049 intendit,

361 2066 446 2110 hoc
485 2073 548 2108 est
583 2065 737 2108 minas.
775 2062 993 2108 Clamaret
1029 2073 1199 2108 tantum
1224 2062 1455 2107 feriturum
1478 2079 1548 2118 se,
1573 2063 1606 2107 si
1628 2062 1760 2108 vellet

362 2137 525 2182 ferire?
548 2136 705 2180 Differt
727 2151 830 2195 ergo
855 2151 1035 2179 manum
1068 2151 1090 2179 a
1120 2136 1306 2195 peccatis
1337 2135 1421 2179 tuis
1443 2155 1453 2180 ε
1480 2145 1529 2179 tu
1560 2134 1650 2179 noli
1673 2133 1760 2178 dif-

363 2208 493 2254 ferre.
522 2209 739 2252 Converte
770 2215 812 2250 te
834 2206 889 2250 ad
910 2205 1131 2266 punienda
1152 2215 1328 2265 peccata
1352 2221 1426 2250 tua
1441 2241 1451 2261 ‚
1477 2205 1579 2266 quia
1615 2205 1761 2265 impu-

363 2279 454 2324 nita
471 2293 561 2322 esse
584 2286 760 2337 peccata
786 2293 875 2321 non
898 2285 1093 2336 possunt.
1122 2276 1402 2320 Puniendum
1426 2292 1529 2334 ergo
1552 2276 1659 2330 erit,
1685 2285 1759 2319 aut

363 2365 386 2393 a
412 2359 452 2393 te
471 2385 481 2403 ‚
507 2358 583 2393 aut
610 2348 665 2393 ab
696 2349 790 2408 ipso
812 2368 820 2393 ε
854 2357 901 2392 tu
936 2362 1143 2406 agnosce,
1170 2356 1219 2390 ut
1239 2346 1312 2391 ille
1333 2347 1541 2405 ignoscat.
1568 2346 1760 2391 Attende

365 2419 615 2479 exemplum
649 2420 693 2463 in
723 2419 797 2464 illo
840 2418 1008 2463 Psalmo
1034 2418 1332 2478 poenitentias,
1362 2437 1382 2460 «
1409 2421 1567 2462 Averte
1604 2415 1757 2461 faciem

370 2509 389 2531 »
426 2499 546 2534 tuam
573 2506 593 2533 a
625 2489 810 2549 peccatis
846 2490 991 2533 meis·2.
1022 2507 1040 2529 n
1069 2488 1294 2548 Numquid
1324 2487 1459 2542 dixit,
1485 2503 1508 2533 a
1540 2488 1642 2531 me?
1663 2486 1759 2531 Alio

420 2574 617 2616 ¹Psal.11‚9
651 2591 690 2597 —-
716 2574 782 2606 '³1⁴1
817 2584 919 2615 i.,11.
