1841 3223
392 281 634 311 ENARRATIO
666 286 710 312 ΙΝ
744 284 947 313 PsALMUM
981 286 1135 313 xxxrx.
1399 275 1478 312 181

99 365 120 389 »
145 362 244 392 nem
267 356 311 392 et
331 347 565 394 draconem
587 350 617 403 ¹,
641 367 661 389 »
698 350 905 408 quoniam
923 365 1079 410 corpus
1101 351 1192 410 ejus
1215 358 1259 393 et
1285 349 1485 393 membra

97 417 187 477 ejus
210 433 382 474 sumus,
402 419 512 462 sicut
529 417 800 463 conculcavit
812 418 982 463 leonem
999 419 1183 479 pedibus
1195 429 1369 479 patrum
1387 435 1485 464 nos-

96 497 262 532 trorum
288 497 434 548 aperte
456 489 699 533 saevientem
714 523 724 543 ‚
751 497 794 532 et
811 489 865 532 ad
882 490 1097 548 passiones
1119 493 1332 547 Martyres
1350 498 1485 533 attra-

94 558 287 614 hentem,
298 560 357 602 ita
373 558 503 603 modo
520 559 752 603 draconem
767 559 1011 615 conculcet,
1024 576 1078 603 ne
1096 561 1221 605 nobis
1234 560 1480 604 insidietur.

94 630 156 671 De
175 643 264 688 quo
276 628 464 673 dracone
481 644 559 673 nos
577 637 728 673 cautos
739 627 900 673 faciens
917 629 1151 688 Apostolus
1168 631 1250 674 ait:
1280 649 1299 670 «
1325 629 1483 688 Aptavi

97 714 116 738 n
150 713 226 742 vos
256 698 446 743 univiro
466 699 678 756 virginem
701 708 863 743 castam
885 699 1088 743 exhibere
1111 699 1285 744 Christo
1311 718 1320 743 ε
1347 699 1482 743 timeo

96 786 115 809 »
152 778 296 813 autem
311 784 365 812 ne
387 769 498 813 sicut
512 785 685 829 serpens
707 772 846 814 Evam
868 770 1039 814 seduxit
1053 770 1209 814 astutia
1228 785 1305 814 sua
1321 805 1331 825 ‚
1356 770 1416 814 sic
1439 778 1484 813 et

95 857 115 881 >›
150 849 302 885 vestrae
341 850 508 886 mentes
544 851 881 902 corrumpantur
903 858 926 886 a
957 843 1152 886 castitate
1190 858 1290 902 quae
1332 851 1396 885 est
1436 842 1483 885 in

95 928 114 952 »
149 911 322 956 Christo
350 915 453 956 Jesu
485 914 518 956 ².
557 932 576 954 »
614 916 796 972 Serpens
830 928 932 972 ergo
955 913 1033 957 iste
1056 912 1228 957 adulter
1248 912 1478 973 antiquus,

89 981 380 1040 virginitatem
403 982 766 1042 corrumpendam
783 1019 797 1037 ,
829 999 918 1027 non
939 983 1099 1037 carnis,
1127 983 1202 1027 scd
1239 983 1379 1027 cordis
1408 983 1483 1027 in-

89 1052 235 1111 quirit.
266 1052 386 1096 Sicut
408 1062 555 1096 autcm
578 1052 750 1097 adulter
766 1054 898 1098 homo
916 1053 1090 1097 laetatur
1108 1055 1152 1097 in
1174 1053 1367 1114 nequitia
1381 1069 1475 1108 sua,

88 1137 188 1166 cum
211 1138 384 1166 carnem
407 1124 647 1182 corrumpit
668 1143 676 1168 :
698 1124 756 1167 sic
780 1132 822 1166 et
845 1123 1045 1168 diabolus
1068 1124 1256 1178 laetatur,
1298 1124 1479 1184 quando

88 1202 278 1236 mentem
302 1194 555 1253 corrumpit.
585 1193 706 1238 Sicut
726 1203 871 1238 autem
886 1194 1082 1253 patribus
1101 1195 1256 1238 nostris
1272 1196 1479 1239 adversus

86 1262 259 1308 leonem
281 1279 389 1323 opus
407 1273 499 1309 erat
520 1265 750 1324 patientia,
776 1265 835 1309 sic
858 1264 983 1309 nobis
1014 1264 1218 1309 adversus
1241 1266 1475 1309 draconem

85 1333 322 1392 vigilantia.
346 1335 592 1379 Persecutio
612 1344 756 1379 tamen
780 1335 868 1379 sive
886 1351 908 1378 a
930 1334 1056 1378 leone
1071 1371 1082 1389 ‚
1107 1336 1195 1379 sive
1213 1353 1235 1380 a
1258 1336 1446 1380 dracone
1463 1369 1477 1391 ‚

85 1420 313 1464 nunquam
335 1414 471 1449 cessat
507 1404 711 1449 Ecclesiae
731 1424 739 1449 ;
760 1414 803 1448 et
820 1406 956 1463 magis
978 1405 1240 1449 metuendus
1278 1414 1341 1449 est
1374 1421 1478 1449 cum

83 1473 221 1530 fallit,
247 1491 380 1535 quam
402 1491 501 1519 cum
516 1476 652 1519 saevit.
683 1475 763 1519 lllo
785 1484 982 1535 tempore
1003 1476 1188 1534 cogebat
1210 1476 1478 1520 Christianos

83 1560 240 1603 negare
261 1546 482 1590 Christum
515 1566 523 1590 :
548 1546 630 1591 isto
658 1555 803 1590 autem
828 1555 1021 1603 tempore
1052 1546 1181 1591 docet
1208 1546 1478 1591 Christianos

84 1631 242 1674 negare
265 1618 487 1662 Christum
515 1637 523 1663 :
549 1626 654 1661 tunc
675 1617 882 1675 cogebat,
910 1632 1028 1662 nunc
1051 1617 1194 1662 docet.
1230 1620 1353 1661 Tunc
1375 1631 1481 1675 ergo

81 1686 309 1746 ingerebat
330 1687 579 1743 violentias,
602 1704 721 1732 nunc
746 1687 922 1732 insidias
957 1708 966 1732 :
990 1689 1221 1732 videbatur
1248 1698 1355 1732 tunc
1387 1688 1477 1730 fre-

80 1772 227 1813 mens,
264 1758 459 1803 lubricus
495 1774 614 1802 nune
645 1767 687 1799 et
710 1758 917 1798 oberrans
942 1756 1120 1799 difficile
1137 1755 1326 1799 videtur.
1360 1759 1479 1809 Quo-

79 1826 212 1870 modo
234 1835 380 1870 autem
403 1835 510 1869 tunc
533 1825 718 1883 cogebat
744 1824 1012 1868 Christianos
1040 1839 1200 1883 negare
1220 1825 1442 1870 Christum
1459 1861 1472 1882 ‚

79 1905 279 1955 apertum
301 1905 380 1940 est.
405 1895 750 1939 Attrahebantur
771 1894 888 1937 enim
920 1904 970 1938 ut
992 1905 1203 1952 negarent
1220 1896 1441 1940 Christum
1458 1932 1470 1953 ,

79 1975 122 2010 et
143 1967 399 2010 confitentes
414 1966 634 2010 Christum
652 2000 662 2019 ‚
680 1964 1020 2009 coronabantur.
1038 1967 1165 2009 Nunc
1184 1975 1331 2009 autern
1345 1966 1474 2011 docet

78 2052 237 2096 negare
255 2037 474 2082 Christum
492 2073 503 2092 ‚
529 2046 573 2080 et
589 2035 688 2080 ideo
707 2035 840 2090 fallit,
879 2036 981 2095 quia
1012 2036 1087 2095 qui
1111 2036 1296 2081 docetur
1315 2053 1473 2095 negare

78 2108 316 2162 Christum,
337 2107 460 2167 quasi
478 2122 567 2151 non
587 2106 853 2151 sibividetur
872 2106 1073 2150 recedere
1092 2123 1114 2150 a
1133 2107 1322 2152 Christo.
1338 2108 1472 2152 Modo

78 2177 194 2220 enim
234 2177 344 2237 quid
378 2177 537 2221 dicitur
572 2176 628 2220 ab
657 2175 871 2220 haereticis
900 2176 1155 2220 hominibus
1189 2178 1203 2202 3
1228 2176 1473 2223 Christiano

78 2246 292 2292 catholico
312 2250 329 2290 ‘?
347 2247 479 2302 Veni,
506 2256 597 2291 esto
619 2246 906 2291 Christianus.
924 2245 993 2290 Ad
1021 2246 1105 2290 hoc
1135 2246 1312 2299 dicitur,
1340 2249 1469 2305 Esto3

76 2327 128 2362 ut
141 2317 277 2373 dicat,
301 2321 400 2363 Non
417 2333 513 2362 sum
533 2320 551 2362 Ρ
573 2316 707 2362 Aliud
727 2317 857 2375 longe
874 2325 938 2361 est
954 2352 965 2371 ,
993 2317 1124 2371 Veni⁷
1150 2326 1240 2361 esto
1263 2317 1473 2362 Christia-

77 2403 159 2431 nus
178 2410 188 2445 ·‚
208 2387 342 2442 aliud,
370 2389 507 2443 Veni,
535 2404 645 2447 nega
668 2387 907 2432 Christum.
933 2390 1146 2445 Apertum
1168 2387 1355 2442 malum,
1388 2387 1472 2432 fre-

77 2458 209 2502 mitus
230 2457 365 2502 leonis
387 2474 410 2502 a
430 2458 559 2517 longe
575 2457 766 2511 auditur,
789 2474 811 2501 a
829 2457 959 2515 longe
984 2466 1175 2501 cavetur.
1198 2458 1399 2518 Applicat
1426 2475 1470 2502 se

75 2526 270 2572 lubricus
289 2527 419 2573 draco
433 2564 443 2584 ‚
462 2528 641 2573 occultis
662 2528 854 2587 lapsibus
876 2542 1075 2586 serpens,
1091 2526 1180 2572 leni
1199 2537 1340 2573 tractu
1356 2530 1464 2572 sub-

127 2618 135 2634 ¹
154 2612 236 2644 Psal.
256 2622 308 2653 xc,
332 2612 383 2645 13.
411 2629 453 2636 --·
472 2619 485 2635 ²
508 2621 526 2644 2
549 2614 620 2646 Cor.
644 2623 688 2653 xx,
712 2621 742 2644 2.
770 2628 811 2634 --
832 2610 845 2635 3
866 2610 1051 2644 Donatistis.
