1841 3223
232 242 477 272 ENARRAno
508 245 523 273 1
556 246 602 272 nv
633 244 836 273 PsALMtJM
867 243 1032 283 XXXIV,
1066 240 1193 270 smm.
1229 242 1260 268 1.
1387 231 1435 268 11

56 318 108 355 ut
127 308 239 354 filios
258 309 531 369 procreetis1.
560 312 664 353 Haec
693 319 862 354 terrena
888 308 1097 369 promissa
1119 316 1222 352 sunt
1237 342 1248 362 ,
1273 305 1351 351 sed
1372 315 1441 350 ta-

55 395 158 424 men
174 380 373 439 figurata.
398 382 430 423 F
436 394 485 423 ac
507 379 674 440 aliquos
695 380 754 424 sic
776 379 848 423 illa
872 380 1080 439 accipere,
1104 376 1328 439 quomodo
1346 392 1443 436 pro-

56 450 182 495 missa
206 460 310 495 sunt
334 469 344 496 z
380 459 424 495 et
445 465 544 495 vere
577 451 705 495 multi
727 450 785 495 sic
817 460 1093 510 aeceperunt.
1123 452 1231 494 Nam
1260 448 1360 492 data
1382 456 1451 492 est«

57 530 172 565 terra
193 519 292 565 filiis
313 519 444 566 Israel
461 555 473 575 ‚
498 519 612 565 datae
633 530 736 565 sunt
756 520 942 576 divitiae,
968 521 1057 564 dati
1079 529 1180 564 sunt
1202 518 1280 563 filii
1301 527 1345 563 et
1361 527 1448 563 ste-

58 591 211 637 rilibus
231 601 274 637 et
295 591 476 637 aniculis
499 593 753 652 rogantibus
771 596 909 637 Deum
924 627 935 647 ‚
959 601 1002 636 et
1023 591 1078 635 de
1097 592 1191 650 ipso
1215 591 1306 635 solo
1333 605 1448 650 prae-

61 663 335 708 sumentibus
350 697 362 717 ‚
387 672 431 706 et
452 661 585 707 alium
603 663 684 707 sibi
707 664 950 724 adjutorem
968 678 1048 706 nee
1070 660 1124 705 ad
1141 662 1220 705 ista
1243 676 1448 721 quaeren-

61 734 193 779 tibus.
212 734 377 777 Vocem
396 733 569 777 Domini
584 733 631 777 in
651 733 782 778 corde
800 734 1035 777 audierunt
1053 751 1062 778 :
1089 751 1108 775 «
1132 731 1254 777 Salus
1273 740 1349 775 tua
1370 746 1450 789 ego

65 821 87 846 »
121 817 232 848 sum.
251 821 271 844 »
291 802 335 848 Si
352 802 408 847 ad
421 812 599 858 aeterna,
620 819 757 864 quare
772 819 862 848 non
880 802 935 847 ad
951 802 1229 863 temporalia?
1250 800 1452 846 Ostendit

62 875 147 919 hoc
169 877 284 919 Deus
304 873 350 917 in
371 889 499 918 causa
519 874 600 919 viri
620 874 735 919 illius
756 875 892 920 sancti
913 874 998 920 Job
1023 890 1032 915 ε
1059 874 1159 935 quia
1184 883 1225 917 et
1247 873 1338 933 ipse
1355 872 1451 917 dia-

62 944 193 991 bolus
218 944 446 989 auferendi
467 946 561 990 haec
581 962 670 990 non
695 946 830 991 habet
851 955 1108 1006 potestatem
1121 981 1131 1001 ,
1156 945 1238 989 nisi
1257 960 1359 989 cum
1379 959 1453 988 ac-

53 1016 228 1077 ceperit
254 1032 279 1061 a
301 1031 471 1061 summa
498 1015 572 1060 illa
601 1026 828 1077 potestate.
860 1017 1061 1063 Invidere
1089 1017 1234 1077 potuit
1266 1019 1451 1073 Sancto,

63 1101 222 1132 nocere
242 1085 458 1146 numquid
477 1087 653 1146 potuit?
675 1091 888 1132 Accusare
905 1089 1070 1148 potuit,
1096 1088 1304 1132 damnare
1320 1102 1453 1130 num-

64 1157 171 1218 quid
192 1156 367 1217 potuit?
380 1156 598 1218 numquid
620 1157 757 1202 valuit
779 1157 945 1218 aliquid
961 1157 1129 1209 tollere,
1151 1156 1369 1218 numquid
1385 1156 1457 1202 vel

63 1242 275 1286 unguem,
297 1227 515 1288 numquid
532 1227 601 1272 vel
622 1228 829 1288 capillum
851 1228 1025 1282 laedere,
1047 1229 1129 1272 nisi
1151 1231 1240 1272 Deo
1261 1228 1452 1273 diceret:

69 1318 91 1343 «
123 1299 250 1344 Mitte
270 1314 451 1343 manum
463 1301 662 1344 tuam²?»
675 1299 791 1354 Quid
803 1309 881 1355 est,
901 1301 1060 1345 «Mitte
1078 1315 1257 1344 manum
1270 1301 1452 1344 tuamP»

65 1373 130 1415 Da
150 1378 424 1429 potestatem.
461 1371 655 1430 Accepit.
690 1370 769 1414 Ille
805 1371 1013 1426 tentavit,
1048 1370 1122 1415 ille
1149 1380 1340 1414 tentatus
1373 1379 1452 1415 est.

68 1444 275 1486 Tentatus
300 1450 447 1485 tamen
472 1441 598 1497 vicit,
619 1451 811 1487 tentator
838 1442 977 1486 victus
1001 1451 1078 1486 est.
1104 1446 1219 1487 Deus
1241 1442 1357 1486 enim
1381 1442 1458 1502 qui

66 1511 244 1557 diabolo
274 1512 528 1572 permiserat
556 1522 607 1557 ut
639 1512 711 1557 illa
741 1512 939 1568 tolleret,
965 1513 1089 1557 illum
1123 1529 1295 1558 servum
1328 1529 1457 1558 suum

67 1583 247 1628 interius
267 1598 357 1627 non
384 1581 657 1637 deseruerat,
684 1592 727 1627 et
753 1583 807 1628 ad
828 1583 969 1644 ipsum
994 1584 1217 1629 diabolum
1249 1600 1459 1644 superan-

68 1653 176 1698 dum
217 1653 406 1697 animam
438 1653 547 1697 servi
581 1654 646 1697 sui
677 1653 887 1697 frameam
920 1655 1002 1698 sibi
1031 1655 1204 1700 fecerat.
1233 1659 1459 1710 Quantum

67 1723 184 1770 valet
199 1723 312 1768 hoc?
328 1726 390 1768 De
411 1723 589 1768 homine
610 1723 722 1768 dico.
749 1724 898 1768 Victus
921 1725 965 1768 in
987 1726 1227 1784 paradiso³‚
1253 1726 1392 1770 victor
1413 1726 1460 1770 in

69 1803 272 1840 stercore.
298 1794 366 1838 Ibi
382 1794 522 1838 victus
552 1804 616 1838 est
633 1810 656 1838 a
678 1794 854 1839 diabolo
876 1811 953 1855 per
982 1795 1206 1840 mulierem
1225 1833 1235 1851 ,
1261 1797 1332 1840 hic
1353 1796 1458 1841 vicit

70 1864 298 1912 diabolum
321 1874 364 1910 et
380 1865 623 1909 mulierem.
649 1886 668 1908 «
687 1869 851 1910 Locuta
871 1881 914 1910 es
929 1902 939 1921 ‚
960 1866 1125 1927 inquit,
1148 1876 1356 1928 tanquam
1372 1883 1459 1912 una

73 1953 95 1979 >›
129 1951 183 1981 ex
223 1936 527 1996 insipientibus
561 1935 834 1980 mulieribus.
876 1938 917 1982 Si
949 1937 1065 1982 bona
1090 1939 1362 1998 percepimus
1405 1937 1460 1982 de

74 2024 96 2050 »
130 2022 265 2051 manu
284 2007 480 2062 Domini,
508 2006 620 2051 mala
643 2023 777 2068 quare
799 2023 888 2052 non
908 2009 1193 2054 sustineamus
1208 2010 1254 2055 ⁴?
1278 2028 1297 2051 »
1318 2012 1461 2064 Quam

72 2078 187 2123 bene
205 2076 428 2122 audierat:
454 2097 474 2120 «
501 2077 622 2124 Salus
643 2088 718 2122 tua
737 2095 818 2138 ego
840 2095 950 2124 sum.
975 2098 995 2121 »

133 2151 257 2193 VIII.
288 2167 308 2190 «
332 2147 672 2194 Confundantur
700 2159 743 2194 et
769 2161 1049 2195 revereantur
1071 2152 1338 2213 requirentes
1365 2152 1461 2198 ani-

78 2239 98 2263 »
133 2236 249 2265 mam
265 2223 441 2265 meam5.
462 2240 482 2263 »
503 2221 683 2281 Respice
701 2222 756 2266 ad
770 2223 981 2268 homines.
1004 2225 1186 2278 «Orate,
1208 2225 1366 2284 inquit,
1382 2239 1462 2283 pro

78 2309 100 2334 »
132 2291 316 2336 inimicis
332 2292 517 2336 vestrisss.
541 2312 558 2333 »
588 2292 673 2337 Sed
693 2293 763 2337 hic
781 2295 1009 2353 prophetia
1027 2303 1105 2338 est.
1132 2298 1188 2339 Et
1206 2311 1304 2355 quae
1323 2295 1463 2353 figura

77 2361 258 2422 optandi
285 2363 509 2418 dicuntur,
545 2364 690 2409 animo
716 2365 1008 2424 prophetandi
1031 2365 1316 2426 explicantur.
1345 2365 1462 2410 lllud

76 2434 154 2478 fiat
169 2442 214 2478 et
228 2432 340 2478 illud
360 2434 450 2490 fiat,
475 2434 585 2479 nihil
607 2445 671 2480 est
686 2435 806 2480 aliud
822 2452 970 2497 quam,
988 2437 1072 2481 hoc
1096 2446 1138 2481 et
1155 2438 1237 2482 hoc
1260 2436 1460 2482 futurum

129 2534 138 2551 ¹
158 2529 257 2561 Exod.
278 2539 354 2561 xxm
370 2555 379 2571 ,
395 2529 509 2563 25-31.
528 2547 569 2554 -
595 2537 608 2553 ²
627 2531 699 2563 Job.
719 2543 730 2563 1
746 2557 753 2571 ,
781 2543 831 2563 11.
851 2549 894 2555 —
915 2530 927 2555 3
946 2534 1087 2575 Geu.111‚
1106 2533 1137 2565 6.
1162 2551 1202 2557 ·-
1219 2532 1234 2557 A
1251 2534 1325 2567 Job.
1346 2544 1384 2576 11,
1408 2543 1458 2564 10.

83 2599 125 2606 —-
142 2581 158 2606 ⁵
175 2584 256 2616 Psal.
276 2595 388 2627 xxxiv,
407 2584 440 2627 4.
462 2602 498 2610 -
520 2583 535 2608 ⁶
554 2586 665 2620 Matth.
687 2597 719 2627 v,
738 2585 793 2627 44.
