1841 3223
419 244 660 273 ENARRATIO
692 246 737 273 IN
769 244 973 274 PsALMUM
1005 248 1074 275 ιν.
1353 235 1437 274 559

58 329 79 353 »
113 325 302 370 quorum
333 325 380 354 os
411 309 609 354 locutum
632 320 696 355 est
721 312 953 356 vanitatem
973 347 984 367 ‚
1017 321 1061 356 et
1081 312 1255 356 dextera
1287 326 1448 356 eorum*

58 398 79 422 >›
113 379 291 425 dextera
310 380 564 440 iniqnitatis.
593 399 612 422 »
634 384 690 425 Et
705 381 805 445 vide
828 381 1105 426 altitudinem
1124 382 1339 441 ipsorum,
1364 381 1440 426 sed

54 450 330 495 altitudinem
354 449 468 506 diei,
494 450 541 495 id
564 460 628 495 est
643 486 654 506 ‚
678 451 927 510 superbiam
949 451 1249 512 temporalem.
1282 471 1301 494 «
1325 457 1443 505 Quo-

59 540 81 564 »
116 538 215 567 rum
248 522 327 566 filii
359 537 532 578 eorum,
570 523 735 583 inquit,
771 523 882 567 sicut
913 523 1097 568 novellae
1130 524 1439 580 constabilitae,

60 611 82 635 »
115 593 216 637 filiae
239 608 390 637 eorum
412 602 578 637 ornatae
601 602 652 637 ut
673 592 912 638 similitudo
940 593 1107 654 templi.
1128 613 1148 635 »
1176 593 1444 639 Felicitatem

57 663 262 708 describit
289 663 511 723 praesentis
539 663 715 718 saeculi,
746 664 793 708 in
822 680 909 724 qua
943 673 1134 708 errantes
1157 665 1376 720 homines,
1402 673 1446 710 et

57 750 150 779 eam
163 750 244 795 pro
265 749 423 793 magno
439 735 666 791 habentes,
683 733 933 780 felicitatem
950 751 1097 780 veram
1114 736 1447 795 sempiternam-

55 821 143 867 que
163 821 253 850 non
274 814 495 866 quaerunt.
522 805 630 850 Inde
647 821 748 864 ergo
769 806 839 850 isti
857 806 935 850 filii
957 805 1102 861 alieni,
1127 822 1217 850 non
1238 806 1317 850 filii
1338 807 1417 851 Dei
1435 826 1444 851 :

60 894 82 918 »
116 881 310 929 Quorum
328 876 405 920 filii
422 891 570 920 eorum
585 911 595 931 ‚
621 876 781 936 inquit,
806 876 916 921 sicut
934 875 1119 921 novellae
1141 876 1445 932 constabilitae,

60 964 82 990 »
116 946 217 991 filiae
249 961 400 991 eorum
435 956 600 991 ornatae
632 946 744 991 sicut
777 946 1016 991 similitudo
1047 947 1201 1006 templi
1230 965 1239 992 ι
1276 946 1450 992 cellaria

60 1035 81 1059 »
116 1032 268 1061 eorum
297 1016 424 1076 plena
442 1051 452 1071 ‚
479 1017 720 1061 eructantia
749 1032 800 1060 ex
820 1018 904 1061 hoc
934 1017 981 1061 in
999 1018 1083 1061 hoc
1105 1035 1114 1061 z
1141 1017 1274 1062 boves
1297 1032 1450 1062 eorum

61 1105 82 1129 »
117 1087 262 1143 crassi,
278 1103 378 1132 oves
400 1102 552 1132 eorum
571 1086 808 1142 foecundae‚
831 1087 1171 1146 multiplicantes
1197 1088 1244 1131 in
1267 1087 1452 1131 exitibus

61 1175 83 1200 »
119 1158 234 1203 mis:
268 1173 359 1203 non
391 1167 455 1202 est
490 1158 613 1202 ruina
643 1159 841 1202 maceriae
871 1174 1015 1218 neque
1049 1157 1280 1213 transitus,
1307 1173 1452 1219 neque

61 1246 83 1270 »
117 1228 281 1273 clamor
301 1228 347 1272 in
367 1228 520 1288 plateis
542 1244 709 1272 eorum.
735 1246 754 1269 »
776 1232 833 1273 Et
853 1228 959 1289 quid
981 1229 1202 1289 sequitur?
1228 1248 1248 1270 «
1269 1230 1451 1272 Beatum

60 1319 82 1344 »
117 1300 322 1345 dixerunt
353 1299 569 1361 populum
600 1300 671 1345 cui
694 1301 789 1345 haec
822 1310 938 1345 sunt.
967 1319 988 1342 »
1016 1299 1100 1345 Sed
1121 1300 1198 1360 qui
1224 1299 1454 1344 dixerunt?

62 1376 93 1418 F
99 1372 160 1417 ilii
172 1372 317 1428 alieni,
338 1391 359 1414 «
376 1377 571 1426 Quorum
592 1388 638 1416 os
652 1372 850 1416 locutum
867 1381 931 1416 est
943 1372 1196 1417 vanitatem.
1220 1390 1239 1413 n
1261 1374 1326 1416 Tu
1347 1370 1456 1432 quid

61 1442 197 1487 dicis?
213 1445 404 1486 «Beatus
426 1442 631 1502 populus,
647 1443 771 1503 cujus
788 1451 852 1487 est
873 1443 1085 1487 Dominus
1109 1445 1224 1486 Deus
1238 1442 1369 1501 ipsius
1385 1443 1451 1485 ¹.»

63 1512 181 1557 Tulit
198 1512 344 1558 omnia
361 1511 414 1556 de
436 1511 582 1556 medio
599 1522 754 1557 caetera
767 1528 866 1572 quae
883 1512 958 1557 dat
974 1516 1104 1568 Deus,
1120 1521 1164 1556 et
1176 1511 1454 1572 deditipsum

62 1585 305 1629 Deum.Om
312 1583 382 1627 nia
393 1582 556 1643 quippe
568 1582 658 1638 illa,
671 1582 840 1639 fratres,
854 1599 954 1643 quae
967 1591 1366 1628 commemorarunt
1378 1581 1456 1626 filii

0 1650 1 1693 ἶ
62 1653 212 1708 alieni,
229 1657 345 1698 Deus
367 1653 464 1710 dat3
478 1652 555 1697 sed
576 1662 620 1696 et
641 1652 791 1697 alienis
806 1652 896 1707 dat,
917 1653 993 1697 sed
1014 1662 1058 1697 et
1073 1652 1197 1697 malis
1215 1652 1305 1708 dat,
1323 1651 1399 1697 sed
1412 1661 1457 1697 et

62 1723 326 1783 blasphemis
343 1721 434 1777 dat,
454 1742 474 1764 «
491 1722 572 1775 Qui
587 1721 721 1767 solem
741 1737 869 1766 suum
884 1723 985 1767 oriri
996 1721 1100 1767 facit
1116 1737 1246 1782 super
1258 1722 1396 1767 bonos
1413 1730 1457 1766 et

0 1828 1 1831 η
66 1812 88 1836 >›
123 1793 276 1848 malos,
291 1802 336 1837 et
353 1791 465 1852 pluit
476 1807 606 1851 super
619 1794 760 1852 justos
781 1801 826 1836 et
844 1792 1060 1852 injustos².
1077 1810 1096 1833 »
1115 1791 1365 1852 Aliquando
1377 1791 1458 1836 ista

0 1866 1 1870 ’
64 1864 192 1910 bonis
212 1864 303 1919 dat,
320 1863 555 1924 aliquando
578 1879 668 1908 non
688 1863 783 1908 dat:
802 1873 845 1907 et
866 1863 989 1908 malis
1011 1862 1248 1923 aliquando
1270 1862 1360 1918 dat,
1382 1861 1459 1907 ali-

65 1935 244 1996 quando
266 1949 356 1978 non
376 1933 452 1978 dat
470 1949 482 1978 .·
507 1933 633 1977 bonis
656 1941 802 1977 tamen
818 1942 958 1977 servat
982 1948 1026 1977 se
1042 1933 1186 1993 ipsum
1202 1968 1212 1988 ,
1238 1932 1362 1977 malis
1384 1948 1459 1977 au-

65 2015 157 2050 tem
177 2005 324 2063 ignem
345 2003 674 2063 sempiternum.
705 2006 794 2048 Est‘
806 2018 908 2061 ergo
940 2002 1105 2047 malum
1131 2002 1251 2064 quod
1273 2019 1362 2048 non
1384 2002 1460 2047 dat

67 2075 216 2130 bonis,
244 2084 291 2119 et
314 2083 379 2119 est
405 2074 574 2119 bonum
596 2073 717 2134 quod
745 2089 837 2117 non
857 2072 931 2118 dat
952 2073 1075 2117 malis
1097 2092 1106 2118 ε
1128 2082 1230 2118 sunt
1254 2072 1459 2133 quaedam

67 2145 210 2190 media
233 2155 277 2190 et
292 2145 409 2190 bona
425 2154 468 2189 et
490 2144 602 2189 mala
621 2180 631 2199 ‚
657 2160 756 2205 quae
777 2145 854 2188 dat
874 2153 917 2188 et
934 2144 1060 2188 bonis
1087 2154 1131 2188 et
1151 2143 1287 2188 malis.

125 2219 268 2261 XVII.
292 2218 379 2261 Nos
395 2231 499 2275 ergo
515 2218 655 2260 Deum
679 2230 895 2269 amemus,
918 2213 1096 2270 fratres,
1126 2230 1237 2274 pure
1259 2223 1301 2258 et
1323 2222 1453 2258 caste.

67 2290 166 2333 Non
193 2295 258 2331 est
279 2296 446 2331 castum
469 2301 569 2341 cor,
606 2284 640 2330 si
663 2288 803 2329 Deum
837 2284 891 2329 ad
919 2284 1162 2329 mercedem
1194 2283 1311 2329 colit.
1343 2283 1461 2338 Quid

69 2359 198 2415 ergo?
215 2356 460 2401 mercedem
473 2356 528 2400 de
543 2355 622 2400 Dei
638 2354 762 2399 cultu
776 2370 865 2398 non
883 2354 1175 2399 habebimus?
1189 2354 1459 2399 Habebimus

70 2426 200 2488 plane
213 2458 227 2483 ,
247 2426 324 2471 sed
345 2427 487 2486 ipsum
506 2429 647 2470 Deum
665 2440 796 2486 quem
814 2423 1012 2469 colimus.
1034 2427 1132 2484 Ipse
1154 2425 1280 2470 nobis
1297 2439 1461 2469 merces

72 2498 155 2542 erit
170 2532 182 2552 ‚
206 2497 309 2557 quia
329 2496 574 2542 videbimus
595 2511 698 2540 eum
720 2495 845 2540 sicuti
863 2496 970 2539 estss.
1002 2494 1193 2540 Attende
1222 2496 1326 2558 quia
1346 2510 1462 2540 mer-

122 2589 130 2606 ¹
153 2582 233 2616 Psal.
256 2593 362 2625 cxmu,
386 2582 495 2615 11-15.
517 2599 553 2605 —
570 2589 582 2605 ²
602 2581 714 2614 Matth.
734 2592 767 2623 v,
793 2579 846 2622 45.
868 2598 908 2604 -
925 2578 938 2604 3
955 2591 967 2613 1
988 2582 1079 2613 Joan.
1100 2590 1146 2623 ur,
1167 2590 1197 2614 2.
