1841 3223
376 197 433 237 46
792 203 826 233 s.
862 204 1092 233 Aucusnm
1125 205 1307 232 Emscom

377 293 399 316 »
427 273 650 319 hominem
682 280 926 316 venientem
959 271 1004 315 in
1034 271 1152 315 hunc
1177 269 1395 314 mundum
1412 272 1442 313 ¹.
1472 287 1492 311 »
1520 270 1632 315 Huic
1661 285 1765 331 ergo

375 345 543 390 zclebat
564 343 800 388 Ecclesiam
819 351 862 385 et
884 342 1115 401 Apostolus
1131 341 1278 386 dicens
1297 362 1305 387 :
1332 362 1354 384 «
1375 341 1443 387 Sic
1455 356 1533 386 nos
1554 342 1767 387 existimet

377 434 398 457 »
424 416 557 459 homo
590 413 713 473 quasi
748 412 964 458 ministros
985 413 1170 468 Christi,
1196 422 1239 456 et
1263 412 1583 472 dispensatores
1599 421 1766 471 myste-

377 502 398 526 »
425 485 587 529 riorum
602 483 678 527 Dei
705 502 714 527 2
732 501 752 524 »
774 483 858 527 hoc
881 492 945 526 est
961 518 971 538 ,
988 503 1009 525 «
1030 483 1188 527 Levavi
1204 481 1352 527 oculos
1367 498 1485 527 meos
1507 483 1553 527 in
1569 491 1739 527 montes
1753 517 1764 539 ,

378 572 398 595 »
418 554 538 597 unde
559 553 704 597 veniet
719 552 925 596 auxilium
947 553 1068 597 mihi.
1093 553 1161 598 Sic
1175 568 1252 596 nos
1268 553 1481 597 existimet
1498 553 1632 598 homo
1647 552 1772 613 quasi

377 643 398 666 »
423 625 641 669 ministros
660 624 839 679 Christi,
864 634 907 668 ct
920 623 1238 684 dispensatores
1266 624 1573 682 mysteriorum
1593 624 1703 669 Dei2
1719 643 1729 669 ;
1747 642 1767 665 »

376 695 461 740 Sed
478 711 533 740 ne
554 696 713 739 iterum
737 711 831 755 spes
853 705 927 739 tua
951 696 1111 754 figatur
1144 696 1189 738 in
1213 695 1435 739 montibus
1458 704 1501 739 et
1529 711 1619 740 non
1650 695 1701 739 sit
1722 695 1770 739 in

374 770 464 812 Deo
480 803 490 823 ‚
514 768 613 812 audi
639 787 647 812 :
676 787 696 809 «
720 770 811 825 Ego
830 767 1047 827 plantavi,
1074 766 1231 826 Apollo
1255 767 1408 825 rigavit
1430 788 1442 824 3
1464 766 1537 811 sed
1568 770 1683 811 Deus
1699 767 1771 810 in-

377 856 397 879 »
420 848 690 882 crementum
709 837 830 881 dedit
848 873 858 893 ,
884 856 903 878 »
923 847 986 892 et,
1011 839 1199 897 «Neque
1215 837 1291 897 qui
1305 836 1474 896 plantat
1489 846 1554 882 est
1576 837 1769 898 aliquid,

376 927 397 949 »
419 924 562 969 neque
604 909 680 968 qui
716 909 846 966 rigat,
887 908 962 952 sed
995 909 1071 968 qui
1108 907 1428 952 incrementum
1459 907 1535 952 dat
1566 910 1722 952 Deusss.
1747 926 1768 949 η

374 982 472 1024 Jam
500 996 603 1039 ergo
625 978 765 1024 dixisti
784 999 792 1023 z
822 999 842 1021 «
864 980 1020 1024 Levavi
1044 978 1196 1023 oculos
1230 994 1348 1023 meos
1370 979 1415 1022 in
1437 988 1608 1023 montes
1622 1015 1632 1035 ‚
1652 978 1773 1024 unde

376 1068 397 1091 »
419 1051 562 1095 veniet
586 1050 794 1094 auxilium
817 1049 925 1094 mihi
944 1069 952 1095 :
971 1068 990 1091 »
1009 1048 1083 1094 sed
1099 1049 1200 1109 quia
1217 1051 1404 1109 «Neque
1426 1049 1501 1109 qui
1517 1048 1687 1109 plantat
1709 1058 1774 1095 est

377 1136 397 1162 »
424 1119 589 1181 aliquid
604 1157 615 1176 7
640 1137 783 1181 neque
803 1121 880 1181 qui
899 1111 1032 1179 rigat3
1051 1138 1070 1161 »
1088 1119 1174 1175 dic,
1197 1120 1448 1164 «Auxilium
1481 1135 1629 1164 meum
1647 1137 1670 1165 a
1689 1123 1774 1165 Do-

374 1192 511 1247 mino,
537 1193 611 1252 qui
638 1192 740 1236 fecit
757 1192 919 1237 coelum
941 1202 985 1237 et
1006 1202 1166 1236 terram
1191 1211 1235 1236 :»
1259 1202 1317 1248 et,
1340 1212 1359 1234 «
1376 1193 1554 1238 Justitia
1573 1202 1647 1238 tua
1661 1194 1774 1239 sicut

377 1280 400 1304 »
426 1273 593 1307 montes
616 1263 719 1318 Dei,
753 1283 772 1304 »
791 1262 837 1307 id
857 1272 936 1318 est,
956 1272 1126 1308 montes
1147 1262 1386 1322 implentur
1401 1264 1567 1324 justitia
1589 1273 1680 1309 tua.

434 1336 490 1377 X.
522 1353 541 1374 «
568 1333 738 1378 Judicia
759 1344 832 1378 tua
850 1335 962 1378 sicut
995 1334 1134 1378 multa
1161 1333 1355 1391 abyssus.
1385 1353 1405 1375 r»
1426 1335 1646 1393 Abyssum
1667 1335 1775 1381 dicit

377 1403 726 1463 profunditatem
755 1414 1033 1465 peccatorum
1061 1440 1071 1460 ‚
1089 1420 1178 1465 quo
1218 1405 1406 1465 quisque
1436 1406 1635 1465 pervenit
1666 1422 1774 1451 con-

379 1474 618 1519 temnendo
638 1478 778 1520 Deum
804 1495 813 1520 :
839 1477 949 1520 sicut
969 1475 1162 1536 quodam
1185 1475 1283 1520 loco
1305 1475 1439 1531 dicit,
1469 1496 1490 1518 «
1518 1476 1649 1521 Dedit
1677 1476 1774 1523 illos

383 1561 404 1586 »
430 1548 546 1590 Deus
568 1546 613 1589 in
636 1546 1009 1606 concupiscentias
1032 1547 1173 1591 cordis
1191 1562 1341 1591 eorum
1357 1582 1368 1602 ‚
1394 1545 1536 1592 facere
1561 1563 1662 1609 quae
1682 1564 1774 1594 non

381 1633 403 1657 >›
430 1616 741 1661 conveniunt4.
761 1634 781 1658 >›
805 1616 1012 1661 Intendat
1028 1617 1225 1662 Charitas
1247 1619 1415 1661 Vestra.
1436 1621 1597 1677 Magna
1612 1634 1678 1676 res
1690 1629 1769 1675 est,

379 1703 537 1746 magna
571 1704 637 1731 res
680 1688 835 1745 agitur.
874 1686 992 1740 Quid
1015 1697 1078 1732 est
1097 1689 1215 1733 hoc?
1246 1708 1266 1731 (t
1299 1689 1428 1734 Dedit
1458 1690 1555 1735 illos
1586 1694 1700 1736 Deus
1726 1692 1773 1736 in

384 1775 405 1799 »
431 1759 804 1817 concupiscentias
837 1757 978 1802 cordis
1005 1774 1180 1813 eorum,
1208 1758 1351 1803 facere
1379 1777 1479 1821 quae
1500 1776 1589 1806 nou
1612 1777 1773 1807 conve-

383 1846 404 1870 »
426 1829 724 1887 niunt.»Ergo
741 1829 774 1873 si
796 1832 908 1872 Deus
930 1828 1026 1873 illos
1045 1828 1165 1873 dedit
1178 1830 1221 1874 in
1237 1832 1609 1892 concupiscentias
1630 1832 1772 1879 cordis

379 1915 533 1943 eorum
551 1935 561 1954 ,
595 1898 736 1944 facere
763 1916 862 1960 qua:
891 1915 980 1943 non
1007 1901 1293 1956 conveniunt,
1321 1902 1421 1946 ideo
1449 1902 1621 1948 faciunt
1652 1913 1774 1950 tanta

380 1969 453 2013 illa
483 1969 628 2013 mala?
650 1971 781 2023 Quasi
815 1970 969 2030 aliquis
1001 1981 1217 2030 proponat
1238 1973 1524 2031 quaestionem
1550 1993 1559 2018 z
1593 1974 1637 2019 Si
1658 1978 1772 2020 Deus

380 2041 465 2085 hoc
483 2041 587 2084 facit
599 2076 610 2095 ,
635 2050 685 2084 ut
700 2040 862 2085 faciant
879 2056 976 2100 quae
994 2056 1083 2085 non
1106 2042 1374 2087 conveniunt
1389 2078 1400 2098 ‚
1428 2043 1537 2103 quid
1558 2045 1639 2104 ipsi
1655 2045 1772 2090 fece-

385 2113 515 2155 runt?
532 2110 765 2155 Occultum
795 2120 858 2155 est
895 2111 1015 2171 quod
1044 2111 1201 2156 audisti
1228 2133 1236 2157 :
1261 2132 1280 2155 «
1307 2113 1438 2158 Dedit
1464 2114 1560 2159 illos
1587 2119 1702 2161 Deus
1724 2117 1771 2161 in

383 2198 404 2222 »
430 2181 802 2241 concupiscentias
824 2181 965 2225 cordis
988 2197 1153 2226 eorum.
1183 2201 1203 2223 >›
1229 2186 1346 2242 Ergo
1369 2182 1451 2228 fuit
1463 2186 1772 2245 concupiscen-

380 2252 463 2307 tia,
484 2268 614 2312 quam
633 2253 806 2296 vincere
829 2251 1171 2307 noluerunt‚cui
1194 2254 1467 2298 traderentur
1483 2256 1650 2315 judicio
1673 2257 1765 2302 Dei.

384 2322 468 2367 Sed
488 2332 538 2367 ut
571 2322 692 2382 digni
725 2323 993 2367 haberentur
1015 2323 1090 2384 qui
1123 2324 1419 2381 traderentur,
1454 2326 1554 2371 vide
1577 2327 1685 2388 quid
1714 2328 1770 2373 de

380 2392 464 2437 illis
479 2395 673 2453 superius
695 2393 801 2437 dixit
823 2413 831 2438 :
856 2413 875 2436 «
893 2395 979 2447 Qui
992 2410 1091 2439 cum
1109 2396 1409 2453 cognovissent
1430 2400 1568 2442 Deum
1584 2434 1595 2455 ,
1615 2415 1705 2443 non
1718 2408 1769 2445 ut

384 2481 406 2507 »
432 2467 572 2509 Deum
600 2464 978 2523 glorificaverunt,
1015 2475 1091 2511 aut
1124 2467 1280 2526 gratias
1305 2478 1489 2527 egerunt
1520 2489 1529 2515 :
1555 2469 1632 2516 sed
1663 2486 1766 2517 eva·

431 2555 439 2572 ¹
457 2550 548 2581 Joan.
568 2560 593 2590 1,
606 2559 638 2592 9.
656 2566 698 2572 —-
717 2557 730 2572 ²
753 2561 765 2584 ι
790 2552 924 2592 Coi-‚1v‚
944 2561 972 2582 1.
989 2567 1030 2573 —-
1047 2548 1121 2584 ³1d.
1143 2549 1177 2592 6,
1197 2562 1228 2592 7.
1247 2568 1286 2574 -
1300 2550 1316 2582 4
1336 2553 1428 2585 Rom.
1444 2564 1470 2592 1,
1487 2551 1542 2595 24.
