1841 3223
406 265 648 295 ENARRATIO
680 269 726 296 m
758 247 963 296 PSALMUM
983 256 1119 295 xxxv.
1404 253 1460 292 39

75 337 138 373 est
168 330 246 390 qui
282 346 372 376 non
405 331 568 375 claudit
597 334 784 377 ostium?
814 334 901 386 Qui
932 331 1034 376 talia
1063 332 1172 391 petit
1203 346 1228 374 a
1256 332 1347 374 Deo
1379 345 1460 389 pro

72 414 256 459 magno,
281 410 323 445 et
343 401 406 445 ibi
432 401 657 446 constituit
687 418 835 447 omnes
864 418 1011 462 preces
1045 418 1142 447 suas
1159 437 1170 457 ‚
1198 410 1250 445 ut
1277 400 1460 461 accipiat

73 484 149 526 ea,
185 487 284 532 quae
310 480 412 516 sunt
440 472 569 531 hujus
601 472 747 517 saeculi
781 472 912 517 hona.
950 477 1076 517 Patet
1107 472 1267 517 ostium
1299 480 1428 515 tuum
1443 481 1462 526 ,“

71 542 202 586 turba
219 541 339 586 videt
355 558 456 586 cum
477 558 586 587 oras.
607 543 725 596 Quid
746 552 808 587 est
824 542 1027 587 claudere
1045 543 1202 587 ostium
1226 543 1383 587 tuum?
1402 543 1459 587 Ut

69 612 154 656 hoc
174 621 295 671 petas
312 629 336 657 a
351 616 456 668 Deo,
478 612 599 673 quod
614 613 729 658 solus
746 617 858 657 Deus
880 613 1003 659 novit
1023 613 1246 673 quomodo
1268 613 1349 657 tibi
1363 611 1453 658 det.

70 681 187 735 Quid
201 692 265 727 est
280 683 364 728 hoc
380 693 559 743 propter
573 684 694 744 quod
706 682 871 728 claudis
889 685 1065 739 ostium,
1084 692 1127 727 et
1138 683 1275 742 petis?
1293 703 1313 725 ‹<
1329 682 1460 736 Quod

72 770 93 794 »
128 752 280 797 oculus
301 769 392 798 non
410 753 534 808 vidit,
563 769 642 798 nec
669 754 781 798 auris
803 753 985 809 audivit,
1005 769 1087 798 nec
1110 753 1156 797 in
1170 768 1243 797 cor
1266 753 1458 797 hominis

71 840 92 866 »
128 822 360 868 ascendit1.
379 842 399 865 »
417 827 474 868 Et
486 824 598 869 forte
615 840 705 869 non
716 823 910 881 ascendit
927 824 973 868 in
989 823 1132 883 ipsum
1147 822 1293 868 cubile
1310 831 1455 879 tuum,

67 892 114 938 id
136 903 216 949 est,
230 894 276 938 in
292 910 366 940 cor
387 904 530 939 tuum.
562 895 645 940 Sed
667 899 779 940 Deus
797 897 918 940 novit
939 894 1048 955 quid
1069 894 1149 938 tibi
1172 893 1353 938 daturus
1375 904 1455 938 est.

70 964 256 1021 Quando
270 975 415 1010 autem
434 966 540 1010 erit?
554 965 741 1019 Quando
758 966 1020 1011 revelabitur
1037 966 1264 1021 Dominus,
1281 965 1460 1026 quando

69 1035 295 1094 apparebit
310 1034 460 1096 judex.
486 1036 605 1089 Quid
626 1037 743 1081 enim
764 1036 1033 1082 manifestius
1066 1052 1198 1097 quam
1220 1036 1341 1096 quod
1362 1036 1460 1081 dic-

52 1096 192 1150 turus
213 1114 277 1151 est
298 1107 354 1151 ad
381 1105 603 1151 dexteram
624 1107 803 1166 positis?
828 1126 849 1149 «
874 1108 1030 1152 Venite
1046 1143 1057 1162 ,
1082 1108 1301 1152 benedicti
1323 1107 1461 1151 Patris

70 1193 92 1218 »
128 1177 239 1232 mei,
260 1177 468 1236 percipite
489 1192 672 1236 regnum
690 1176 812 1238 quod
833 1178 956 1222 vobis
984 1187 1186 1237 paratum
1208 1187 1272 1223 cst
1293 1178 1347 1222 ab
1369 1178 1458 1222 ori-

71 1264 92 1289 »
127 1248 226 1305 gine
239 1247 437 1292 mundi2.
457 1265 477 1288 »
500 1247 690 1292 Audient
704 1249 797 1292 haec
818 1248 881 1292 illi
897 1249 974 1309 qui
996 1247 1051 1292 ad
1072 1248 1287 1292 sinistram
1310 1258 1456 1303 erunt,

67 1326 110 1362 et
125 1327 300 1376 gement
317 1317 588 1363 infructuosa
604 1319 887 1378 poenitentia3
903 1340 914 1377 3
931 1319 1032 1379 quia
1049 1335 1149 1363 cum
1167 1319 1226 1363 ita
1242 1319 1456 1375 viverent,

67 1403 162 1433 eam
184 1387 406 1433 fructuose
429 1387 668 1433 noluerunt
690 1404 830 1447 agere.
858 1390 1091 1442 Quomodo
1121 1392 1325 1449 gement?
1346 1391 1459 1443 Quia

65 1475 156 1504 non
177 1470 242 1504 est
272 1459 355 1504 illis
387 1459 509 1504 locus
544 1461 837 1505 correctionis.
877 1460 1071 1505 Audient
1095 1470 1242 1504 autem
1266 1470 1309 1505 et
1338 1461 1417 1520 ipsi
1445 1481 1456 1506 :

70 1549 91 1573 «
126 1533 191 1574 Ite
211 1530 416 1589 inignem
433 1540 663 1585 aeternum,
680 1531 756 1591 qui
774 1539 946 1590 paratus
959 1539 1022 1574 est
1039 1530 1216 1576 diabolo
1238 1540 1281 1575 et
1297 1532 1459 1589 angelis

69 1601 184 1645 »eis
198 1601 230 1645 4.
258 1620 279 1643 »
312 1604 399 1646 Iste
428 1611 492 1647 est
519 1601 692 1646 auditus
723 1601 877 1645 malus.
909 1604 1018 1646 Nam
1046 1602 1152 1662 justi
1174 1601 1229 1646 ad
1258 1601 1458 1647 auditum

66 1671 235 1716 bonum
257 1671 513 1730 gaudebunt
535 1692 544 1716 2
569 1672 628 1716 sic
644 1672 759 1715 enim
778 1672 988 1730 scriptum
1011 1681 1074 1715 cst
1093 1688 1101 1713 :
1133 1690 1153 1714 «
1180 1675 1231 1716 In
1248 1673 1458 1718 memoria

69 1760 90 1783 »
124 1751 284 1786 aeterna
306 1743 387 1786 erit
401 1744 567 1802 justus,
603 1742 657 1785 ab
686 1741 840 1785 auditu
866 1741 982 1785 malo
1012 1757 1102 1786 non
1136 1742 1349 1787 timebit5.
1378 1762 1398 1785 >›
1419 1746 1458 1788 A

66 1828 155 1873 quo
170 1812 324 1857 auditu
345 1812 485 1857 malo?
507 1815 647 1865 Quem
670 1811 861 1856 audituri
883 1811 1061 1856 suntilli
1079 1828 1087 1853 :
1115 1831 1135 1855 α
1162 1816 1226 1857 Ite
1248 1813 1294 1857 in
1310 1813 1457 1872 ignem

69 1901 90 1925 υ
125 1893 354 1928 aeternum.
381 1901 402 1925 »
426 1886 541 1928 Deus
563 1898 664 1941 ergo
687 1883 763 1943 qui
787 1892 928 1942 potest
948 1899 1078 1942 supra
1108 1899 1241 1943 quam
1269 1884 1456 1944 petimus

67 1962 142 1998 aut
154 1953 435 2012 intelligimus
453 1952 635 2008 facerff,
652 1951 877 1997 occultum
896 1953 1106 2012 gemitum
1124 1962 1322 1998 nostrum
1341 1970 1456 2015 quae-

65 2025 122 2070 rit
136 2060 148 2080 ,
172 2035 222 2069 ut
240 2025 286 2068 in
308 2033 545 2084 conspectu
565 2025 656 2084 ejus
678 2024 926 2084 placeamus
942 2060 952 2079 ‚
978 2035 1022 2068 et
1047 2040 1136 2069 non
1156 2041 1235 2069 nos
1253 2025 1379 2086 quasi
1401 2025 1456 2069 de

60 2096 227 2156 justitia
248 2105 395 2140 nostra
412 2104 512 2139 ante
529 2095 729 2140 homines
743 2096 973 2155 jactemus.
992 2095 1077 2149 Qui
1093 2096 1207 2141 enim
1221 2095 1275 2140 de
1290 2096 1455 2156 justitia

65 2176 141 2211 sua'
162 2165 332 2226 placere
351 2165 449 2210 vult
469 2166 740 2221 hominibus,
766 2181 855 2210 non
873 2181 924 2210 eo
946 2167 1033 2210 fine
1052 2202 1062 2221 ,
1088 2175 1138 2210 ut
1159 2167 1357 2211 homines
1380 2167 1456 2226 qui

67 2252 166 2282 eum
188 2237 340 2282 vident
359 2240 500 2282 Deum
519 2236 727 2292 laudent,
753 2237 828 2281 sed
849 2252 898 2280 ea
917 2237 1160 2281 intentione
1179 2246 1226 2281 ut
1246 2237 1336 2296 ipse
1356 2237 1457 2281 lau-

67 2307 211 2362 detur,
237 2318 327 2352 non
348 2306 514 2351 claudit
543 2307 701 2351 ostium
733 2316 884 2351 contra
915 2308 1144 2363 strepitum
1172 2327 1180 2351 :
1206 2307 1308 2367 quia
1335 2316 1457 2366 patet

67 2379 226 2424 ostium
246 2379 291 2422 in
306 2378 381 2423 illo
402 2379 601 2438 strepitu,
621 2388 666 2422 et
682 2394 771 2423 non
788 2378 910 2423 audit
929 2382 1043 2423 Deus
1065 2377 1288 2438 quomodo
1305 2379 1455 2424 audire

68 2449 177 2495 vult.
203 2449 361 2495 Cubile
382 2465 485 2509 ergo
507 2466 582 2495 cor
604 2460 800 2495 nostrum
839 2451 1082 2495 laboremus
1105 2450 1318 2495 mundare
1333 2486 1344 2507 ,
1377 2451 1455 2495 ubi

117 2547 298 2577 ¹1sa'ttxrv
315 2570 324 2584 ,
348 2544 381 2587 4,
402 2550 435 2577 et.
455 2557 468 2576 1
488 2548 560 2577 Cor.
581 2557 625 2586 ιι,
645 2548 677 2578 9.
698 2562 740 2567 -
759 2552 772 2567 ²
791 2545 903 2577 Matth.
930 2556 1007 2587 xxv,
1029 2544 1081 2587 34.
1103 2563 1144 2568 —-
1161 2543 1174 2568 3
1192 2547 1268 2588 Sap.
1291 2558 1325 2586 v,
1350 2547 1379 2578 3.
1411 2562 1452 2568 —

70 2598 86 2629 l·
110 2600 221 2632 Matth.
248 2611 324 2639 xxv,
343 2600 398 2641 41.
421 2618 460 2622 —
482 2599 496 2623 5
510 2601 589 2632 Psal.
609 2612 672 2639 cu,
697 2611 727 2641 7.
746 2618 787 2622 -—-
802 2599 816 2620 ‘⁵
837 2600 951 2641 Eplics.
972 2612 1019 2641 in,
1039 2609 1092 2632 20.
