1841 3223
371 229 612 254 iamir-nmio
648 229 691 253 12<
726 227 929 253 Psamtmt
964 225 1103 251 xxxix.
1352 215 1431 250 195

46 293 232 352 peccatis
254 293 533 346 abstinentes,
554 293 587 335 si
610 290 844 335 ceciderint
867 291 1149 345 confitentes,
1174 288 1256 347 ipsi
1274 287 1328 332 ad
1350 304 1435 332 nu-

47 378 216 406 merum
238 363 472 422 pertinent.
501 360 587 406 Sed
609 360 824 419 numquid
856 360 933 404 soli
957 361 1088 403 sunt?
1112 361 1222 403 Sunt
1244 366 1287 401 et
1307 374 1437 417 super
1456 357 1461 361 ¹

48 447 296 478 numerum.
321 435 491 477 Nam'et
508 431 542 474 si
563 430 694 475 modo
715 431 841 489 pauci
854 439 977 484 sunt,
993 429 1119 489 pauci
1141 429 1186 472 in
1208 443 1436 488 compara-

49 500 472 551 tione-multitudinis
490 501 702 560 majorum
717 499 1061 559 frequentiarum
1080 518 1088 542 z
1105 499 1277 559 quantis
1299 499 1439 543 turbis

49 572 289 634 implentur
301 571 521 628 Ecclesiae,
542 572 756 633 stipantur
770 571 968 630 parietes,
985 570 1193 630 pressuris
1207 586 1250 614 se
1263 580 1437 630 urgent,

51 659 187 705 prope
216 659 260 694 se
291 642 510 687 suffocant
537 636 836 686 multitudine.
872 644 1039 685 Rursus
1074 641 1129 684 ab
1157 642 1215 685 eis
1243 642 1344 701 ipsis
1361 677 1372 695 ,
1407 642 1443 687 si

51 730 212 765 munus
233 723 297 758 est
314 749 324 770 ,
350 713 539 758 curritur
561 713 616 757 ad
633 712 1025 773 amphitheatrum:
1046 710 1115 755 isti
1136 726 1265 770 super
1285 727 1443 756 nume-

52 801 151 838 rum
174 794 290 830 sunt.
318 784 404 830 Sed
419 783 518 828 ideo
539 784 620 828 ista
641 782 847 836 dicimus,
867 791 918 826 ut
937 782 982 826 in
1000 797 1183 826 numero
1205 782 1291 826 sint
1309 802 1317 827 :
1343 784 1447 843 quia

53 873 144 903 non
160 858 342 913 adsunt,
373 871 465 902 non
487 854 674 900 audiunt
691 871 714 899 a
731 854 882 912 nobis,
907 852 983 898 sed
1005 869 1105 898 cum
1127 853 1339 910 exieritiS,
1366 871 1446 899 au-

53 928 176 974 diant
205 945 228 973 a
256 928 393 973 vobis.
423 947 444 970 «
464 927 763 981 Annuntiavi,
794 926 964 987 inquit,
998 935 1042 970 et
1070 925 1245 971 locutus
1279 941 1392 971 sum.
1422 945 1443 968 »

54 1000 250 1046 Christus
268 998 371 1044 dicit
391 1019 401 1044 ε
422 999 696 1043 annuntiavit
717 998 807 1059 ipse
830 1014 881 1042 ex
897 997 1038 1058 capite
1059 1007 1230 1053 nostro,
1254 998 1344 1058 ipse
1367 1015 1447 1043 an-

53 1071 273 1116 nuntiavit
294 1086 347 1114 ex
366 1069 572 1114 membris
591 1069 676 1113 suis
689 1105 699 1124 ,
724 1070 815 1128 ipse
837 1069 953 1113 misit
974 1069 1323 1126 annuntiatores,
1358 1069 1449 1129 ipse

55 1142 172 1187 misit
197 1140 454 1202 Apostolos:
480 1159 500 1182 «
517 1143 571 1185 In
594 1131 768 1184 omnem
794 1149 954 1183 terram
972 1139 1101 1184 exivit
1123 1155 1253 1196 sonus
1277 1156 1446 1196 eorum,

59 1231 81 1255 »
116 1221 160 1257 et
190 1213 237 1256 in
262 1212 368 1256 fines
400 1211 516 1256 orbis
544 1219 669 1255 terrae
693 1210 825 1255 verba
849 1212 1041 1254 eorum1.
1069 1229 1088 1251 η
1115 1211 1276 1263 Quanti
1300 1210 1449 1255 fideles

57 1283 433 1345 agglomerantur,
476 1292 654 1344 quantae
687 1282 829 1327 turbae
861 1292 1156 1338 concurrunt,
1193 1282 1322 1327 multi
1349 1298 1451 1328 vere

58 1356 287 1414 conversi,
317 1354 446 1400 multi
474 1353 583 1399 falso
617 1354 843 1413 conversi,
880 1363 923 1398 et
947 1354 1172 1414 pauciores
1210 1363 1313 1398 sunt
1350 1354 1452 1399 vere

59 1427 284 1483 conversi,
305 1425 452 1486 plures
480 1425 592 1470 falso
619 1425 842 1483 conversi,
873 1425 976 1484 quia
999 1444 1018 1467 «
1043 1422 1324 1482 Multiplicati
1346 1432 1450 1468 sunt

65 1517 88 1541 υ
122 1513 252 1558 super
272 1512 522 1542 numerum.
551 1514 572 1538 »

117 1571 198 1626 XI.
219 1588 240 1611 «
256 1568 527 1614 Annuntiavi
543 1577 587 1612 et
603 1566 776 1612 locutus
788 1580 900 1620 sum,
915 1563 1194 1625 multiplicati
1207 1575 1310 1611 sunt
1322 1582 1452 1627 super

63 1658 85 1682 ³>
121 1655 370 1684 numerum.
399 1639 664 1684 Sacrificium
693 1646 736 1681 et
762 1636 1027 1681 oblationem
1049 1635 1275 1681 noluisti2.
1304 1656 1324 1679 n
1349 1641 1454 1683 Haec

60 1709 271 1755 miracula
292 1710 371 1753 Dei
386 1718 510 1763 sunt,
528 1710 598 1751 hae
615 1707 899 1766 cogitationes
916 1706 993 1750 Dei
1010 1716 1128 1761 sunt,
1144 1707 1306 1767 quibus
1323 1724 1454 1754 nemo

61 1789 126 1825 est
155 1778 304 1825 similis
327 1795 336 1819 :
362 1787 412 1823 ut
443 1787 659 1838 spectator
680 1776 753 1821 ille
777 1775 1022 1821 abducatur
1051 1793 1075 1820 a
1104 1776 1353 1822 curiositate
1369 1813 1380 1834 ‚
1411 1788 1456 1823 et

55 1859 235 1912 ‚quaerat
264 1848 345 1893 ista
372 1848 602 1893 nobiscnm
630 1847 833 1902 meliora,
867 1847 1185 1903 fructuosiora,
1211 1847 1265 1892 de
1293 1849 1455 1909 quibus

63 1920 248 1966 inventis
270 1918 504 1979 gaudebit,
526 1928 571 1963 et
590 1919 650 1963 sic
672 1917 882 1977 gaudebit
899 1953 910 1973 ,
936 1927 1092 1963 utnon
1115 1918 1266 1962 timeat
1285 1934 1340 1963 ne
1356 1920 1456 1964 vin-

65 2001 189 2037 catur
205 2006 337 2052 quem
361 1998 476 2034 amat
499 2005 507 2030 :
533 1999 648 2033 amat
668 1989 786 2032 enim
815 1988 1037 2047 aurigam,
1070 2004 1159 2049 quo
1180 1989 1296 2034 victo
1316 1989 1456 2035 insul-

65 2063 251 2108 tationes
270 2059 395 2105 ferat.
422 2059 609 2113 Quando
630 2059 767 2105 vincit
787 2059 935 2118 auriga
951 2094 963 2114 ,
988 2059 1079 2119 ipse
1100 2060 1296 2104 vestitur.
1315 2064 1457 2107 Num-

65 2133 176 2194 quid
199 2147 366 2193 pauper
398 2131 476 2191 qui
507 2130 573 2175 illi
608 2130 795 2174 clamat?
832 2131 983 2175 Victor
1015 2130 1107 2190 ipse
1138 2131 1344 2187 vestitur,
1376 2148 1457 2193 pro

13 2229 22 2238 ‚
67 2204 184 2250 victo
213 2203 277 2248 illi
308 2200 556 2247 insultatur.
586 2203 731 2255 Quare
749 2216 830 2261 pro
852 2200 929 2245 illo
950 2200 1133 2260 percipis
1160 2202 1460 2261 reprehensio-

67 2290 186 2331 nem,
203 2289 304 2319 cum
319 2268 406 2333 qno
423 2288 513 2317 non
527 2270 683 2317 dividis
693 2273 884 2317 vestem?
898 2274 989 2316 Hac
1007 2270 1126 2315 aliud
1142 2271 1188 2315 in
1205 2273 1460 2331 spectaculis

68 2344 240 2390 nostris.
278 2362 300 2386 «
327 2344 489 2387 Omnes
526 2340 706 2402 quidem
743 2350 928 2386 currunt
943 2376 954 2394 ,
983 2359 1003 2382 »
1040 2339 1202 2385 Paulus
1239 2342 1460 2401 apostolus

68 2413 193 2467 dixit,
216 2414 263 2458 in
278 2412 355 2458 illo
376 2412 537 2468 stadio,
561 2414 607 2456 in
628 2410 704 2456 illo
726 2410 999 2471 spectaculo,
1024 2429 1044 2452 «
1071 2412 1191 2454 Unus
1212 2419 1358 2457 tamen
1383 2430 1458 2460 ac-

73 2502 94 2526 »
131 2483 238 2544 cipit
254 2483 478 2542 bravium3
497 2501 506 2527 :
535 2500 555 2524 »
579 2481 724 2526 caeteri
745 2481 847 2525 victi
865 2480 1111 2525 discedunt.
1133 2483 1191 2525 Et
1212 2497 1461 2541 persevera-

120 2575 130 2591 ¹
150 2568 231 2600 Psal.
251 2579 341 2610 xvul,
359 2567 394 2600 5.
414 2585 455 2590 —
475 2574 488 2591 2
507 2568 554 2600 Id.
575 2578 680 2607 xxxix,
701 2577 734 2607 7.
756 2584 789 2588 ——
822 2564 833 2588 3
857 2577 868 2597 1
892 2568 965 2598 eor.
985 2577 1031 2606 1x,
1051 2563 1105 2607 24.

1186 2620 1249 2659 13.
