1841 3223
433 222 674 253 ENARRATIO
705 227 751 253 IN
784 226 985 254 PsALMUM
1018 226 1108 253 L111.
1373 213 1451 252 501

76 290 308 349 optaverit,
329 299 379 334 ut
400 289 515 334 dicat
530 295 614 334 Deo
628 325 638 345 ‚
668 309 685 330 «
712 293 737 334 J
743 289 866 334 udica
887 293 983 335 me?
1012 312 1029 331 »
1056 293 1209 335 Nonne
1231 305 1309 349 pro
1328 290 1471 353 male-K

75 361 191 406 dicto
213 361 297 406 dici
318 360 426 406 solet
441 361 692 406 hominibus
711 381 719 406 :
745 364 769 405 J
775 361 919 406 udicet
935 371 978 406 te
1000 363 1138 405 Deus?
1157 364 1220 405 Ita
1243 360 1370 421 plane
1392 372 1457 406 est

74 430 370 487 maledictum,
388 432 422 476 si
438 430 609 491 judicat
630 441 673 476 te
693 432 737 475 in
759 432 919 476 virtute
942 449 1041 490 sua3
1062 432 1136 476 sed
1153 433 1186 476 si
1209 448 1296 476 non
1316 441 1358 476 te
1379 432 1457 476 sal-

71 502 236 546 vaverit
257 502 302 546 in
327 502 502 546 nomino
532 517 610 546 suo
636 523 646 546 :
670 518 770 546 cum
792 517 895 547 vero
922 503 967 546 in
986 503 1160 547 nomine
1183 503 1456 562 praecedente

72 572 298 617 salvaverit
318 581 383 627 te,
409 571 641 616 salubriter
667 572 708 616 in
733 572 892 616 virtute
910 583 1202 633 consequente
1219 573 1451 633 judicabit.

74 646 257 689 Securus
281 652 371 687 esto
397 662 405 688 :
433 643 648 704 judicium
685 642 797 687 illud
834 659 924 687 non
956 643 1033 687 tibi
1056 644 1136 687 erit
1157 643 1326 702 punitio
1343 679 1353 698 ‚
1379 642 1456 688 sed

71 713 286 758 discretio.
302 716 410 759 Nam
433 723 476 757 et
498 714 543 756 in
561 714 750 774 quodam
775 713 945 758 Psalmo
970 713 1027 757 ita
1046 713 1205 756 dicitur
1225 733 1234 757 ε
1259 733 1275 753 «
1301 716 1324 756 J
1330 712 1457 758 udica

73 803 93 826 »
128 800 198 828 me
231 791 340 828 Deus
356 820 366 840 ‚
407 794 451 829 et
486 783 682 828 discerne
710 800 882 828 causam
923 799 1062 828 meam
1103 783 1157 827 de
1197 793 1324 842 gente
1366 799 1456 828 non

75 876 92 896 »
128 858 315 900 sancta¹.
345 876 362 896 »
387 855 502 908 Quid
525 865 608 910 est,
640 874 658 896 «
684 855 838 899 Judica
861 857 964 899 me?
992 876 1009 895 »
1037 855 1233 898 Discerne
1254 869 1323 898 mc
1340 871 1362 898 a
1382 855 1456 898 Zi-

68 926 204 985 phoeis
227 927 338 970 inter
360 942 469 986 quos
491 925 605 970 lateo
622 962 631 980 ‚
656 926 816 985 pertuli
834 941 985 970 corum
1009 926 1158 969 ssorcm
1177 962 1187 980 ,
1203 927 1292 985 jam
1311 925 1455 970 veniat

69 1006 112 1041 ct
143 998 222 1041 ssos
243 1013 378 1041 meus.
406 1000 462 1041 Et
489 997 661 1041 illorum
693 997 870 1057 quidem
901 997 980 1040 flos
1008 996 1091 1040 fuit
1113 996 1385 1055 temporalis,
1412 1004 1455 1040 et

68 1076 287 1111 arescente
306 1067 430 1111 foeno
453 1066 635 1111 decidit:
655 1067 733 1111 flos
750 1076 894 1110 autem
913 1082 1034 1110 meus
1056 1067 1150 1126 quis
1175 1066 1284 1110 crit‘?
1300 1086 1316 1105 «
1332 1066 1455 1110 Plan-

73 1159 90 1180 »
126 1138 203 1182 tati
226 1138 272 1181 iu
293 1138 425 1182 domo
448 1138 639 1192 Domini,
672 1138 715 1180 in
740 1138 857 1181 atriis
880 1137 1036 1181 domus
1070 1138 1140 1180 Dei
1166 1137 1300 1181 nostri
1322 1138 1453 1181 ssore-

72 1230 100 1252 »·
126 1210 284 1254 bunt2.
311 1230 328 1250 »
356 1212 569 1252 Remanet
590 1224 692 1267 ergo
731 1217 773 1252 et
796 1209 920 1252 nobis
944 1209 1023 1253 flos
1040 1244 1050 1263 ‚
1077 1207 1151 1252 sed
1173 1207 1249 1268 qui
1272 1225 1359 1252 non
1382 1224 1456 1252 ca-

67 1280 166 1334 dat,
192 1280 304 1324 sicut
326 1279 481 1324 folium
504 1279 687 1338 plantati
705 1279 820 1323 illius
842 1279 949 1338 ligni
967 1281 1091 1339 juxta
1114 1295 1261 1339 aquas,
1288 1279 1342 1323 de
1364 1296 1454 1340 quo

66 1351 233 1396 dictum
257 1360 321 1395 est
344 1371 352 1396 :
378 1354 463 1395 «Et
488 1350 639 1395 folium
671 1352 763 1411 ejus
787 1367 876 1395 non
898 1350 1114 1395 decidetss.
1134 1356 1258 1404 Deus,
1284 1366 1386 1409 ergo
1410 1351 1455 1395 in

71 1441 89 1463 »
105 1421 282 1465 nomine
300 1430 376 1465 tuo
394 1420 561 1466 salvum
580 1436 649 1464 me
672 1421 756 1475 fac,
773 1429 815 1463 et
833 1421 876 1463 in
899 1420 1059 1464 virtute
1077 1430 1149 1464 tua
1167 1421 1314 1480 ¹judica
1335 1436 1418 1465 me.
1431 1441 1449 1463 »

126 1493 178 1535 V.
209 1494 383 1545 «Deus,
419 1489 575 1535 exaudi
605 1491 846 1534 orationem
872 1505 1011 1533 meam
1032 1525 1042 1544 ‚
1075 1491 1252 1535 auribus
1279 1492 1454 1551 percipe

71 1582 89 1604 »
124 1562 255 1605 verba
279 1561 363 1606 oris
380 1562 465 1605 mci
485 1563 516 1604 4.
549 1582 565 1602 »
593 1561 853 1605 perveniant
875 1560 929 1604 ad
953 1576 1075 1605 aures
1098 1571 1195 1606 tuas
1220 1562 1351 1605 verba
1370 1563 1454 1607 oris

65 1633 150 1677 mei
167 1668 178 1688 ,
204 1633 306 1693 quia
329 1649 418 1678 non
440 1633 592 1677 florem
617 1632 892 1692 Ziphaeorum
917 1648 938 1675 a
969 1641 1011 1676 te
1033 1632 1244 1677 desidero.
1276 1653 1292 1673 «
1320 1634 1452 1678 Auri-

70 1725 87 1745 »
124 1704 206 1748 bus
227 1705 402 1764 percipe
418 1704 553 1748 verba
572 1704 658 1748 oris
680 1703 799 1748 meis.
819 1724 834 1742 »
851 1706 914 1747 Tu
930 1704 1117 1763 percipe.
1138 1707 1246 1748 Nam
1271 1705 1455 1764 Ziphaeis

65 1774 144 1818 etsi
160 1783 283 1818 sonet
301 1775 438 1818 oratio
458 1790 552 1818 mea
570 1810 580 1829 ‚
605 1790 693 1818 non
717 1774 928 1829 audiunt,
951 1775 1051 1835 quia
1074 1791 1162 1818 11011
1184 1775 1450 1834 intelligunt.

67 1844 396 1904 Tcmporalibus
431 1844 594 1905 quippe
626 1844 839 1902 gaudent,
874 1844 989 1889 bona
1018 1854 1179 1890 aeterna
1211 1846 1453 1891 desiderare

64 1931 154 1960 non
185 1923 363 1959 norunt.
399 1914 465 1958 Ad
500 1923 540 1958 tc
575 1915 800 1974 perveniat
826 1915 964 1959 oratio
1002 1931 1119 1970 mea⁷
1157 1932 1208 1960 ex
1241 1916 1455 1962 desiderio

65 1995 330 2030 aeternorum
344 1994 520 2029 tuorum
537 1985 847 2029 beneficiorum
865 2001 1039 2030 excussa
1055 1996 1097 2030 et
1113 1986 1301 2046 jaculata
1316 1987 1370 2032 ad
1384 2004 1455 2032 au-

65 2073 131 2102 res
147 2066 242 2102 tuas
260 2056 412 2101 emitto
429 2071 540 2109 eam,
567 2055 725 2116 adjuva
749 2072 842 2100 eam
865 2066 915 2101 ut
937 2058 1159 2117 perveniat
1173 2093 1183 2113 ,
1205 2074 1259 2102 ne
1281 2059 1455 2104 deficiat

64 2128 111 2172 in
142 2129 296 2172 itinere
316 2126 461 2172 medio
477 2163 487 2182 ,
519 2136 562 2171 et
585 2128 708 2188 quasi
728 2127 917 2187 collapsa
939 2137 1127 2173 corruat.
1158 2129 1242 2173 Sed
1264 2130 1342 2173 etsi
1364 2146 1454 2174 11011

66 2199 171 2242 mihi
199 2198 408 2242 eveniunt
430 2197 562 2242 modo
584 2197 697 2242 bona
718 2214 818 2258 quae
841 2198 1036 2258 postulo,
1062 2214 1237 2242 securus
1267 2215 1361 2243 sum
1384 2209 1453 2244 ta-

66 2284 168 2313 men
196 2269 298 2329 quia
324 2277 472 2328 postea
497 2268 689 2312 venient.
714 2271 822 2313 Nam
848 2278 891 2312 et
919 2269 964 2312 in
986 2268 1152 2313 delictis
1175 2268 1335 2314 dicitur
1351 2271 1452 2330 qui-

68 2340 167 2384 dam
190 2354 358 2398 rogasse
375 2345 532 2394 Deum,
564 2348 608 2383 et
629 2355 716 2384 non
736 2340 963 2384 exauditus
986 2340 1102 2384 bono
1124 2356 1217 2384 suo.
1238 2341 1450 2387 Desideria

67 2410 183 2454 enim
205 2409 424 2454 saecularia
441 2410 726 2454 incitaverant
746 2409 868 2453 illum
894 2409 1179 2454 adorandum
1199 2447 1210 2466 ,
1236 2420 1279 2456 et
1303 2412 1348 2455 in
1370 2413 1451 2456 tri-

69 2479 366 2524 bulationibus
388 2479 699 2540 temporalibus
717 2481 881 2540 positus
898 2490 1122 2539 optaverat
1144 2490 1193 2525 ut
1219 2483 1451 2527 transirent

117 2572 123 2587 ¹
148 2565 223 2596 Psal*
247 2576 322 2606 uir,
346 2577 375 2597 1.
395 2583 434 2588 —
457 2565 539 2597 2111.
556 2576 620 2606 xci,
644 2565 694 2607 14.
716 2583 755 2587 -
779 2564 850 2596 3111.
873 2577 894 2606 1,
916 2566 946 2597 3.
970 2565 1193 2606 -4111,1.111,
1218 2566 1245 2607 ‘4
