1841 3223
411 254 654 282 ENAnRAmo
687 255 729 280 m
764 251 968 280 PSALMUM
1000 252 1135 277 xxxv.
1406 240 1456 276 51

78 320 141 365 vis
158 319 203 363 in
226 327 270 363 te
290 333 552 378 praesumere
568 325 656 361 tota
681 316 751 360 die
767 316 1010 375 operarium
1032 323 1157 357 tuum
1171 347 1182 367 ,
1203 310 1330 356 crede
1351 321 1394 356 et
1419 322 1464 356 tu

78 392 169 434 Deo
191 397 281 433 tota
299 388 388 433 vita
411 397 487 431 tua
503 422 514 442 ,
538 386 641 446 quia
662 386 750 429 vita
780 395 855 429 tua
877 393 1151 429 momentum
1168 383 1374 442 temporis
1400 391 1464 426 est

78 457 135 503 ad
151 461 304 503 Deum.
329 460 387 502 Et
406 457 488 501 eris
503 491 514 512 ,
534 455 668 516 quid?
687 474 707 496 «
732 454 826 498 Filii
852 465 997 498 autem
1019 454 1251 499 hominum
1272 453 1354 496 sub
1376 462 1467 511 teg-

82 546 103 570 »
138 528 255 572 mine
277 527 444 572 alarum
464 535 641 570 tuarum
663 525 917 585 sperabunt.
942 542 962 564 »

138 600 259 642 XIV.
283 616 300 638 «
321 597 664 642 Inebriabuntur
678 595 732 639 ab
746 595 947 638 ubertate
965 592 1121 637 domus
1133 595 1258 640 tuae1.
1277 609 1298 634 n
1315 592 1467 637 Nescio

80 667 188 730 quid
203 668 330 713 nobis
347 683 555 727 magnum
567 667 796 727 promittit.
814 665 922 709 Vult
935 663 1046 708 illud
1061 664 1220 718 dicere,
1241 672 1284 707 et
1297 678 1386 706 non
1400 661 1469 706 di-

81 739 140 783 cit
157 753 273 783 :non
287 746 444 798 potest,
466 753 521 782 an
538 752 616 782 nos
631 752 719 781 non
737 737 956 796 capimus?
973 733 1125 779 Audeo
1142 732 1300 788 dicere,
1319 732 1471 777 fratres

81 809 189 864 mei,
211 809 342 853 etiam
366 807 422 852 de
444 809 601 853 sanetis
623 807 783 866 linguis
809 816 851 851 et
873 806 1102 861 cordibus,
1120 820 1197 865 per
1219 820 1326 865 quas
1347 804 1472 848 nobis

82 879 240 924 veritas
256 878 457 923 nuntiata
479 888 544 923 est
560 914 570 934 ,
598 894 678 922 nec
699 877 783 922 dici
806 886 947 937 potest
975 876 1096 937 quod
1118 875 1441 920 annuntiabant
1455 909 1467 929 ‚

83 964 164 994 nec
180 949 374 1008 cogitari.
396 952 481 994 Res
504 949 619 992 enim
641 963 798 1008 magna
816 957 881 991 est
903 957 946 991 et
967 945 1198 990 ineffabilis
1221 966 1229 990 ε
1256 955 1299 989 et
1319 944 1399 1005 ipsi
1422 959 1473 988 ex

83 1019 264 1081 partein
289 1019 518 1077 aenigmate
538 1018 770 1073 viderunt,
789 1018 900 1062 sieut
921 1017 1024 1061 dicit
1052 1015 1286 1076 Apostolus
1313 1035 1322 1060 :
1353 1035 1372 1056 «
1393 1014 1473 1058 vi-

87 1109 109 1133 »
143 1091 296 1135 demus
310 1106 427 1134 nunc
449 1105 499 1133 ex
520 1099 645 1150 parte
660 1090 705 1133 in
727 1089 972 1147 aenigmate,
999 1097 1104 1132 tunc
1126 1097 1273 1131 autem
1295 1085 1402 1130 facie
1420 1084 1476 1130 ad

88 1179 110 1204 »
145 1160 298 1206 faciem
313 1165 346 1204 2.
371 1177 391 1201 »
413 1163 525 1204 Ecce
557 1159 602 1203 in
631 1160 858 1217 aenigmate
886 1158 1083 1202 videntes
1115 1159 1174 1202 sic
1198 1157 1471 1202 eructabant.

86 1231 244 1285 Quales
262 1231 421 1275 erimus
449 1245 550 1274 eum
569 1229 807 1274 viderimus
829 1227 938 1272 facie
966 1227 1021 1272 ad
1043 1228 1196 1272 faeiem
1211 1263 1221 1283 ,
1247 1227 1367 1288 quod
1395 1227 1476 1286 ipsi

86 1301 384 1363 parturiebant
406 1299 537 1345 corde
552 1335 563 1355 ,
600 1308 643 1343 et
663 1298 813 1358 lingua
837 1314 986 1358 parere
1012 1313 1101 1342 non
1128 1308 1332 1358 poterant
1354 1295 1477 1358 quod

86 1381 293 1433 caperent
307 1371 504 1416 homines
516 1372 534 1415 Ρ
548 1373 657 1424 Quae
676 1370 790 1413 enirn
808 1370 1033 1414 necessitas
1052 1368 1192 1414 fuerat
1214 1379 1264 1413 ut
1285 1368 1474 1413 diceret:

92 1461 114 1487 «
148 1442 490 1489 Inebriabuntur
512 1441 567 1485 ab
589 1441 790 1485 ubertate
807 1440 963 1484 domus
985 1442 1099 1484 tuae?
1119 1458 1138 1482 »
1155 1440 1365 1493 Quaesivit
1379 1454 1478 1483 ver-

89 1514 197 1558 bum
220 1512 338 1557 unde
360 1512 612 1572 loqueretur
632 1510 687 1555 de
713 1510 844 1554 rebus
866 1510 1066 1554 humanis
1082 1545 1093 1564 ,
1129 1508 1251 1569 quod
1279 1508 1443 1553 diceret
1465 1528 1473 1554 :

90 1593 134 1628 et
151 1583 252 1644 quia
270 1581 382 1628 vidit
402 1582 599 1626 homines
622 1581 938 1639 ingurgitantes
962 1595 1006 1624 se
1035 1581 1080 1624 in
1102 1580 1310 1624 ebrietate
1327 1615 1337 1635 ,
1364 1580 1478 1623 acci-

90 1669 192 1714 pere
210 1662 357 1697 autem
376 1653 529 1698 vinum
551 1649 852 1705 immoderate,
873 1660 916 1694 et
933 1659 1123 1694 mentem
1139 1650 1320 1709 perdere
1337 1671 1348 1707 3
1373 1648 1481 1693 vidit

92 1725 200 1787 quid
214 1724 392 1778 diceret,
409 1723 511 1783 quia
522 1737 622 1767 cum
638 1731 813 1782 accepta
828 1720 960 1765 fuerit
976 1721 1048 1765 illa
1065 1721 1297 1765 ineffabilis
1310 1721 1476 1775 laetitia,

92 1795 204 1855 perit
224 1793 416 1854 quodam
437 1792 569 1837 modo
587 1793 779 1836 humana
811 1806 933 1835 mens
950 1827 960 1846 ,
987 1800 1029 1835 et
1051 1792 1100 1834 fit
1123 1790 1292 1845 divina,
1318 1800 1361 1835 ct
1384 1791 1480 1834 ine-

93 1864 262 1909 briatur
288 1863 343 1908 ab
370 1863 572 1906 ubertate
596 1861 753 1906 domus
779 1861 872 1905 Dei.
902 1860 1026 1905 Unde
1059 1870 1102 1905 et
1128 1861 1174 1904 in
1197 1859 1281 1905 alio
1311 1859 1482 1905 Psalmo

95 1935 253 1979 dicitu-r
278 1953 287 1978 ι
318 1952 338 1975 (ι
361 1932 483 1978 Calix
515 1942 616 1977 tuus
644 1931 863 1975 inebrians
891 1946 1022 1991 quam
1051 1930 1283 1991 praeclarus
1316 1931 1435 1974 est³l
1460 1948 1480 1971 »

96 2007 190 2049 Hoc
209 2005 299 2065 jam
325 2003 456 2048 calice
478 2002 678 2046 inebriati
696 2010 819 2044 erant
840 2003 1053 2057 Martyres
1069 2035 1079 2055 ,
1110 1999 1289 2060 quando
1311 1999 1367 2044 ad
1385 2015 1484 2060 pas-

97 2076 261 2121 sionem
282 2083 433 2118 euntes
447 2109 458 2130 ,
483 2089 582 2118 suos
595 2088 685 2116 non
703 2071 1011 2130 agnoscebant.
1033 2070 1152 2125 Quid
1173 2080 1264 2115 tam
1286 2071 1453 2116 ebrium
1470 2106 1482 2126 ,

98 2161 231 2208 quam
252 2161 343 2207 non
367 2159 598 2203 agnoscere
612 2158 789 2188 uxorem
813 2143 991 2187 flentem
1008 2177 1019 2197 ,
1040 2157 1131 2186 non
1151 2140 1276 2197 filios,
1302 2157 1391 2186 non
1407 2157 1486 2201 pa-

100 2218 268 2263 rentes?
288 2218 387 2262 Non
409 2214 726 2274 agnoscebant,
751 2230 841 2258 non
865 2229 937 2257 eos
960 2222 1060 2258 ante
1083 2211 1232 2257 oculos
1255 2228 1345 2256 esse
1367 2212 1486 2256 arbi-

101 2288 346 2333 trabantur.
369 2285 512 2332 Nolite
531 2286 709 2343 mirari,
745 2285 854 2329 ebrii
883 2294 1020 2329 erant.
1058 2283 1183 2328 Unde
1205 2283 1313 2326 ebrii
1342 2284 1490 2327 erant?

100 2357 257 2404 Videte
279 2377 290 2402 ε
316 2366 577 2416 acceperunt
598 2356 775 2400 calicem
797 2355 914 2400 unde
934 2353 1270 2397 inebriarentur.
1297 2352 1423 2397 Unde
1444 2361 1489 2397 et

102 2427 176 2473 illa
203 2427 357 2486 gratias
384 2429 475 2471 Deo
504 2426 615 2484 agit,
649 2424 823 2470 dicens:
857 2444 875 2466 «
897 2423 1012 2477 Quid
1035 2422 1273 2466 retribuam
1301 2423 1489 2468 Domino

107 2516 128 2541 »
164 2513 240 2556 pro
264 2496 468 2542 omnibus
485 2511 585 2557 quae
604 2495 805 2539 retribuit
825 2494 962 2538 mihi?
981 2491 1171 2538 Calicem
1196 2491 1392 2537 salutaris
1414 2509 1488 2539 ac-

156 2589 167 2606 ·
183 2580 262 2614 Psal.
276 2591 376 2623 xxxv,
393 2591 427 2623 9.
444 2596 485 2604 -
505 2587 518 2603 ²
539 2590 552 2612 1
569 2582 642 2613 Cor.
660 2589 728 2620 xm,
747 2586 796 2609 12.
815 2593 855 2600 -
877 2575 890 2601 ³
904 2576 984 2609 Psal.
1003 2576 1119 2618 xxn,5.

1237 2629 1276 2667 h.
