1841 3223
397 236 640 265 ENARRAzrro
671 239 715 264 m
748 237 951 265 PsALMUM
982 237 1082 264 va.
1372 223 1456 261 327

69 316 272 347 ranarum
304 301 360 346 ad
394 302 585 346 tonitrua
608 302 818 346 nubium?
838 302 945 346 Inde
968 301 1084 346 enim
1110 320 1130 343 α
1151 298 1281 344 Dedit
1302 314 1472 362 vocem>

70 390 90 414 »
125 387 248 417 suam
265 370 583 426 Altissimus‚et
594 381 711 416 mota
726 382 789 416 est
812 382 923 417 terra
945 392 954 417 ι
979 391 998 413 »
1020 371 1163 417 tonuit
1182 369 1236 415 (16
1257 370 1452 416 nubibus

65 443 166 487 suis.
192 445 302 497 Quae
322 450 423 486 sunt
452 441 592 486 nubes
627 443 744 503 ejus?
772 442 969 502 Apostoli
1005 444 1118 503 ejus,
1151 440 1455 502 praedicatores

65 514 156 573 ejus
169 547 182 569 ,
203 511 258 556 (16
271 512 430 573 quibus
443 511 674 557 intonabat
691 514 916 573 praeceptis
927 548 937 568 ,
951 513 1206 557 coruscabat
1218 511 1451 558 miraculis.

64 583 152 644 Ipsi
171 583 311 627 nubes
330 583 407 643 qui
429 592 472 626 et
491 591 662 627 montes
683 603 693 628 :
718 592 887 628 montes
904 592 1082 643 propter
1099 582 1377 628 altitudinem
1409 592 1453 628 et

64 654 314 699 firmitatem
328 689 339 710 ‚
360 653 500 698 nubes
518 664 698 714 propter
720 654 914 714 pluviam
936 663 979 699 et
1000 654 1263 698 ubertatem.
1295 654 1455 713 Irriga-

66 734 224 771 verunt
251 726 368 770 enim
400 734 560 770 terram
591 726 730 770 nubes
754 726 871 780 istae,
902 725 957 771 de
986 726 1146 786 quibus
1168 724 1337 770 dictum
1361 735 1450 771 est:

67 815 85 839 «
121 796 250 841 Dedit
266 811 418 842 vocem
443 812 567 841 suam
591 795 856 852 Altissimus,
886 805 929 840 et
950 804 1069 842 mota
1091 805 1155 840 est
1187 804 1316 842 terra.
1344 814 1364 838 >›
1393 800 1456 841 De

61 866 126 911 his
162 867 279 911 enim
315 867 510 912 nubibus
542 867 735 912 minatur
762 866 935 912 cuidam
971 867 1111 911 vineae
1137 866 1298 923 sterili,
1333 866 1453 912 unde

64 936 257 982 translati
279 947 382 982 sunt
413 947 582 982 montes
610 938 656 982 in
688 954 763 983 cor
789 938 933 982 maris.
964 958 984 980 «
1007 936 1251 994 Mandabo,
1282 937 1451 998 inquit,

63 1025 83 1049 »
117 1007 309 1053 nubibus
330 1008 435 1053 meis
450 1023 506 1052 ne
522 1007 678 1069 pluant
698 1024 828 1069 super
841 1024 935 1052 eam
949 1007 1135 1053 imbrem
1153 1012 1184 1052 ².
1208 1026 1227 1050 »
1247 1010 1341 1053 Hoc
1364 1008 1450 1053 im-

58 1078 227 1139 pletum
243 1088 308 1124 est
323 1079 370 1124 in
397 1095 450 1125 eo
483 1079 606 1141 quod
627 1080 1065 1125 commemoravimus
1080 1115 1091 1136 ,
1117 1078 1296 1140 quando
1318 1089 1454 1125 trans-

57 1149 135 1194 lati
155 1159 258 1195 sunt
274 1159 444 1195 montes
466 1151 513 1195 in
528 1166 603 1195 cor
624 1151 753 1195 maris
779 1171 788 1196 ;
810 1150 988 1211 quando
1011 1150 1178 1195 dictum
1200 1160 1264 1195 est
1295 1170 1304 1196 :
1335 1170 1356 1193 ιι
1380 1151 1451 1198 Ad

60 1239 81 1262 »
116 1236 192 1266 vos
213 1221 327 1265 missi
349 1237 520 1266 eramus
535 1255 547 1277 ,
572 1222 649 1266 sed
671 1222 773 1283 quia
788 1221 1007 1282 respuistis
1021 1221 1202 1265 verbum
1214 1221 1314 1278 Dei,
1336 1221 1450 1267 imus

59 1310 80 1334 »
115 1293 341 1338 adGentes
364 1297 381 1320 ²
403 1313 413 1339 z
442 1293 713 1354 »impletum
733 1303 797 1338 cst
811 1328 822 1349 ,
843 1313 862 1335 «
880 1292 1102 1338 Mandabo
1113 1293 1306 1337 nubibus
1324 1293 1446 1350 meis,

59 1381 80 1405 »
114 1379 170 1409 ne
190 1364 346 1424 pluant
366 1380 495 1425 super
517 1380 612 1409 eam
633 1365 834 1409 imbrem.
865 1383 885 1406 »
912 1365 1109 1425 Denique
1125 1364 1216 1424 ipsa
1247 1380 1351 1424 gens
1367 1367 1449 1409 Ju-

55 1432 150 1479 daea
174 1434 304 1479 modo
326 1434 386 1480 sic
412 1435 643 1491 remansit,
668 1444 880 1496 tanquam
901 1433 1039 1479 vellus
1062 1435 1223 1479 siccum
1250 1434 1296 1478 in
1330 1450 1445 1485 area.

53 1505 163 1550 Nam
187 1513 232 1549 et
261 1504 346 1550 hoc
378 1505 511 1551 nostis
543 1505 778 1564 contigisse
800 1505 846 1548 in
867 1504 1060 1565 quodam
1082 1504 1309 1549 miraculo.
1335 1508 1447 1551 Area

52 1575 163 1620 sicca
191 1584 306 1632 erat,
326 1575 466 1620 vellus
487 1576 630 1621 solum
664 1575 870 1620 madebat
897 1594 905 1620 z
930 1574 1006 1619 sed
1038 1575 1184 1635 pluvia
1213 1575 1258 1620 in
1285 1574 1445 1622 vellere

51 1660 142 1690 non
162 1647 399 1706 apparebat
417 1648 448 1690 3.
468 1647 536 1692 Sic
554 1656 597 1691 et
618 1655 938 1691 sacramentum
951 1645 1061 1689 Novi
1079 1646 1341 1690 Testamenti
1353 1662 1443 1692 non

51 1717 288 1777 apparebat
308 1717 354 1760 in
378 1726 507 1776 gente
529 1716 799 1761 Judaeorum.
825 1715 956 1769 Quod
978 1715 1065 1759 illic
1087 1715 1246 1773 vellus,
1273 1717 1343 1762 hic
1365 1734 1442 1763 ve-

50 1786 142 1831 lum
166 1806 175 1832 :
201 1786 393 1833 velatum
409 1787 522 1831 enim
549 1796 641 1831 erat
662 1796 983 1831 sacramentum
1005 1787 1049 1830 in
1070 1786 1243 1831 vellere.
1271 1790 1322 1832 In
1343 1804 1442 1834 area

50 1873 168 1913 vero,
213 1858 259 1902 in
299 1857 503 1902 omnibus
531 1858 746 1902 Gentibus
777 1866 897 1918 patet
920 1857 1210 1916 Evangelium
1243 1858 1438 1906 Christi:

50 1927 198 1988 pluvia
218 1928 448 1973 manifesta
469 1937 554 1984 est,
583 1927 703 1973 nuda
730 1937 793 1972 est
821 1929 956 1986 gratia
989 1928 1148 1973 Christi
1173 1948 1181 1972 ε
1205 1944 1296 1973 non
1324 1929 1441 1974 enim

49 1999 210 2059 tegitur
230 1999 491 2044 velamento.
522 2002 579 2045 Ut
606 2009 752 2044 autem
779 1999 913 2044 exiret
934 1997 1036 2043 inde
1066 1999 1239 2059 pluvia,
1267 2015 1440 2060 expres-

48 2085 145 2115 sum
160 2079 224 2115 est
234 2069 387 2115 vellus.
409 2073 491 2114 Per
508 2083 750 2131 pressuram
763 2070 879 2114 enim
903 2086 926 2114 a
948 2085 992 2114 se
1003 2070 1279 2115 excluserunt
1295 2072 1439 2116 Chris-

48 2148 166 2195 tum,
191 2149 235 2184 et
256 2139 467 2184 Dominus
482 2141 571 2200 jam
599 2139 654 2184 de
675 2140 870 2185 nubibus
902 2140 989 2185 suis
1025 2139 1238 2200 compluit
1267 2157 1433 2197 aream,

46 2209 185 2256 vellus
214 2210 378 2255 siccum
407 2210 626 2255 remansit.
662 2210 770 2255 Inde
802 2225 906 2270 ergo
933 2230 952 2253 «
978 2210 1106 2256 Dedit
1126 2227 1279 2256 vocem
1309 2228 1433 2257 suam

50 2300 71 2323 »
105 2280 348 2326 Altissimus
364 2317 375 2337 ‚
405 2300 422 2323 »
445 2280 500 2325 dc
521 2281 611 2326 istis
626 2281 842 2338 nubibus,
873 2297 951 2342 per
967 2297 1102 2343 quam
1123 2299 1275 2328 vocem
1300 2299 1433 2344 regna

46 2351 375 2408 inclinarentur,
395 2361 439 2396 et
455 2353 700 2397 adorarent.

104 2424 184 2466 XI,
223 2441 243 2464 «
268 2422 477 2466 Dominus
505 2421 717 2467 virtutum
744 2423 971 2469 nobiscum
987 2459 997 2479 ,
1033 2433 1254 2485 susceptor
1281 2434 1428 2471 noster

49 2509 71 2533 »
105 2494 220 2537 Deus
247 2492 383 2538 Jacob
396 2494 428 2537 ⁴¹.
456 2495 598 2539 »Non
633 2494 898 2554 quicumque
932 2494 1084 2550 homo,
1121 2511 1210 2540 non
1240 2505 1430 2556 potestas

95 2584 102 2600 ¹
124 2579 194 2611 lsai.
223 2589 257 2619 v,
276 2580 308 2611 6.
323 2594 366 2602 —·
384 2585 398 2601 ²
413 2580 486 2612 Act.
506 2589 582 2620 ¹111,
606 2577 659 2619 46.
679 2596 719 2603 --
735 2578 748 2603 3
770 2580 874 2612 Judic.
895 2591 940 2620 vr,
957 2579 1011 2622 37,
1031 2580 1083 2613 38.
1106 2598 1147 2603 —
1166 2581 1180 2612 4
1196 2581 1278 2614 Psal.
1299 2593 1375 2623 xiv,
1394 2582 1426 2614 8.
