1841 3223
213 244 460 276 ENARRATIO
493 250 508 275 1
541 249 587 276 ΙΝ
617 246 821 276 PsALMUM
853 248 1020 285 XLv111,
1054 246 1180 274 SERM.
1215 248 1247 273 1.
1360 235 1444 273 383

56 312 123 356 sui
146 313 165 356 P
194 312 356 357 Audite
378 312 485 372 quid
510 312 592 356 illis
613 321 843 372 praestant,
869 310 1080 356 attendite
1101 308 1323 372 quomodo
1346 310 1462 356 irri-.

54 380 244 426 deantur
268 401 277 428 ε
306 402 327 425 «
343 381 480 427 Simul
501 382 755 441 imprudens
777 392 820 426 et
841 382 1045 441 insipiens
1067 382 1299 441 peribunt3
1318 389 1361 425 et
1376 395 1444 425 rc-

59 468 80 492 »
114 450 316 512 linquent
348 450 517 496 divitias
537 467 647 496 suas.
678 470 697 494 »
724 454 867 504 Quare
896 450 1003 496 dixit
1038 470 1058 493 «
1072 451 1261 496 Alienis?
1287 469 1307 493 »
1333 451 1444 504 Quia

55 520 166 565 nihil
186 521 245 566 eis
262 520 465 582 prodesse
482 530 677 581 possunt.
705 524 763 565 Et
785 531 931 565 tamen
951 522 996 565 in
1025 537 1113 582 quo
1138 522 1220 566 sibi
1236 521 1444 567 videntur

55 592 260 651 prodesse
303 611 312 636 :
349 595 443 637 «Et
471 591 669 651 sepulcra
696 606 849 636 eorum
869 591 1025 637 domus
1048 607 1199 636 eorum
1233 592 1278 635 in
1315 601 1444 636 aeter-

57 679 78 703 »
113 677 219 705 num
231 663 261 706 1.
280 679 300 703 n
328 664 353 706 J
356 677 424 706 am
440 662 542 722 quia
556 662 635 706 ista
647 670 809 706 structa
825 670 926 705 sunt
940 661 1153 720 sepulcra,
1170 662 1327 706 domus
1341 671 1444 707 sunt

54 729 265 791 sepulcra.
281 734 391 777 Nam
407 731 667 792 plerumque
687 731 809 775 audis
826 730 1005 777 divitem
1020 730 1240 776 dicentem
1262 751 1271 777 :
1291 734 1442 777 Habeo

54 809 360 846 marmoratam
381 800 562 847 domum
579 837 590 856 ‚
616 817 749 862 quam
773 801 1002 846 relicturus
1025 817 1119 846 sum
1136 837 1147 858 ‚
1178 811 1221 847 et
1253 818 1343 847 non
1365 818 1442 848 co-

55 872 144 931 gito
164 873 271 916 mihi
292 881 500 917 aeternam
521 872 700 917 domum
715 908 726 928 ,
757 872 835 917 ubi
862 888 1031 933 semper
1050 889 1138 918 ero.
1155 872 1343 927 Quando
1364 889 1442 918 co-

55 942 165 1001 gitat
184 941 266 987 sibi
288 943 542 987 memoriam
562 951 869 987 marmoratam
889 953 964 988 aut
985 942 1251 1003 exsculptam
1267 942 1410 988 facere
1423 978 1436 999 ‚

53 1012 176 1072 quasi
203 1013 258 1057 de
280 1012 411 1058 domo
441 1023 602 1058 aeterna
624 1014 786 1071 cogitat
812 1033 821 1058 :
853 1015 977 1074 quasi
998 1015 1058 1058 ibi
1079 1023 1254 1060 maneat
1273 1013 1347 1058 ille
1369 1014 1440 1058 di-

54 1099 141 1129 ves.
165 1085 208 1130 Si
222 1084 283 1128 ibi
300 1093 518 1140 maneret,
543 1101 633 1130 non
648 1084 818 1129 arderet
835 1085 1142 1145 apudinferos.
1165 1085 1250 1130 Ubi
1266 1095 1442 1130 maneat

55 1154 228 1213 spiritus
257 1153 369 1198 male
393 1155 583 1214 agentis,
614 1170 704 1199 non
725 1154 804 1199 ubi
832 1164 1021 1215 ponatur
1047 1171 1204 1215 corpus
1232 1154 1437 1211 mortale,

54 1223 337 1281 cogitandum
359 1233 422 1268 est
447 1245 457 1270 :
483 1223 558 1268 sed
584 1227 782 1269 «Domus
812 1241 963 1270 eorum
996 1225 1191 1285 sepulcra
1222 1240 1373 1269 eorum
1395 1225 1442 1269 in

60 1313 78 1335 »
115 1303 342 1338 aeternum.
377 1295 673 1340 Tabernacula
703 1311 855 1340 eorum
878 1297 923 1340 in
954 1297 1277 1356 generationem
1301 1306 1345 1340 et
1368 1311 1444 1355 gee

57 1382 79 1406 »
113 1365 398 1410 nerationem.
447 1366 743 1411 Tabernacula
763 1403 774 1423 ‚
813 1386 833 1408 »
876 1367 922 1411 in
954 1368 1115 1428 quibus
1146 1366 1444 1427 temporaliter

54 1444 308 1479 manserunt
335 1455 343 1480 :
369 1455 386 1476 α
406 1439 592 1491 Domus,
611 1456 631 1476 u
658 1437 703 1481 in
723 1437 884 1497 quibus
906 1438 1030 1498 quasi
1052 1439 1095 1481 in
1118 1447 1331 1482 aeternum
1350 1452 1444 1482 ma-

54 1504 242 1561 nebunt,
264 1505 310 1549 id
327 1515 405 1561 est,
423 1505 637 1566 sepulcra.
658 1507 956 1552 Tabernacula
974 1523 1077 1567 ergo
1091 1508 1177 1552 suis
1197 1507 1441 1563 dimittunt,

54 1575 132 1619 ubi
159 1576 397 1621 manebant
420 1593 522 1622 cum
548 1579 774 1634 viverent,
801 1588 1028 1623 transeunt
1060 1579 1183 1639 quasi
1206 1578 1262 1622 ad
1292 1578 1445 1622 domos

54 1654 235 1690 aeternas
258 1645 313 1690 ad
333 1646 545 1707 sepulcra.
571 1647 689 1701 Quid
709 1647 792 1692 illis
814 1658 996 1708 prosunt
1016 1667 1034 1689 α
1053 1647 1349 1692 Tabernacula
1368 1663 1444 1692 eo-

59 1735 78 1757 »
114 1731 211 1760 rum
233 1716 279 1760 in
295 1717 621 1775 generationem
643 1728 686 1762 et
700 1717 1052 1776 generationem?
1068 1736 1087 1758 »
1108 1720 1206 1761 Jam
1224 1718 1446 1776 generatio

54 1793 98 1828 et
119 1787 364 1844 generatio,
389 1796 518 1846 puta,
544 1786 622 1830 filii
645 1797 769 1842 sunt,
794 1797 974 1847 nepotes
1000 1796 1129 1831 erunt
1150 1795 1195 1830 et
1223 1802 1445 1846 pronepo-

54 1862 118 1898 tes
137 1873 146 1899 :
172 1854 282 1914 quid
295 1853 478 1911 faciunt,
496 1856 604 1915 quid
616 1866 799 1915 prosunt
812 1857 1092 1902 tabernacula
1107 1858 1285 1901 eorum?
1303 1855 1446 1909 Quid?

54 1923 170 1968 Audi
211 1943 220 1968 :
260 1943 281 1967 «
300 1925 576 1970 Invocabunt
596 1925 773 1970 nomina
794 1941 945 1971 eorum
967 1927 1012 1970 in
1040 1926 1162 1971 terris
1188 1926 1397 1986 ipsorum,
1422 1944 1442 1968 »

55 1993 172 2047 Quid
195 2003 258 2038 est
275 1993 386 2038 hoc}J
411 1993 584 2039 Tollent
605 2010 762 2054 panem
788 2004 832 2040 et
859 2011 1030 2040 merum
1059 1995 1115 2039 ad
1144 1995 1368 2055 sepulcra,
1404 2006 1449 2040 et

55 2062 325 2108 invocabunt
345 2064 408 2108 ibi
428 2065 604 2109 nomina
617 2074 906 2109 mortuorum.
934 2069 1064 2110 Putas
1082 2075 1296 2126 quantum
1319 2066 1447 2110 invo-

56 2143 202 2178 catum
225 2143 290 2178 est
310 2150 471 2180 nomen
493 2134 607 2179 illius
630 2135 771 2180 divitis
790 2145 954 2195 postea,
971 2135 1150 2196 quando
1172 2136 1450 2180 inebriabant

57 2218 101 2247 se
122 2203 320 2248 homines
341 2204 388 2248 in
405 2204 613 2248 memoria
634 2205 783 2265 ipsius,
808 2221 888 2250 nec
910 2205 1203 2250 descendebat
1223 2221 1308 2249 una
1326 2214 1449 2263 gutta

57 2289 187 2335 super
209 2273 407 2333 linguam
429 2275 560 2334 ipsius
584 2274 865 2320 ardentem2?
887 2276 1033 2321 Ventri
1055 2291 1134 2320 suo
1155 2277 1348 2320 serviunt
1367 2276 1450 2321 ho-

0 2399 1 2403 *
58 2344 195 2388 mines
217 2360 308 2389 non
329 2345 551 2405 spiritibus
577 2361 769 2390 suorum.
790 2345 860 2390 Ad
877 2346 1050 2406 spiritus
1067 2354 1342 2390 mortuorum
1358 2361 1450 2390 non

0 2467 1 2470 Ἰ
58 2415 283 2475 pervenit,
311 2415 391 2459 nisi
425 2408 545 2476 quod
566 2432 713 2461 secum
742 2417 829 2462 vivi
850 2416 1054 2462 fecerunt
1086 2436 1095 2461 ε
1126 2417 1160 2461 si
1189 2426 1336 2461 autem
1362 2417 1449 2462 vivi

1 2688 3 2696 <

1 2705 4 2722 t

59 2500 207 2530 secum
229 2501 321 2530 non
341 2485 567 2543 fecerunt,
588 2485 644 2531 ad
662 2497 858 2533 mortuos
877 2487 985 2533 nihil
1006 2487 1222 2547 pervenit.
1240 2486 1326 2534 Sed
1341 2485 1450 2548 quid

109 2587 117 2604 ¹
138 2581 218 2614 Psal.
237 2590 348 2623 xrvm,
366 2590 416 2614 12.
439 2598 481 2605 —
507 2588 520 2605 ²
540 2583 618 2615 Luc.
643 2592 708 2624 xw,
732 2581 786 2624 24.
