1841 3223
370 267 611 295 ENAnnATio
645 270 689 295 m
721 271 923 295 PSALMEM
964 270 1037 294 Lu.
1310 257 1392 295 483

12 334 115 379 inde
136 344 251 378 sunt.
276 333 473 378 Christus
490 333 560 376 hic
582 333 783 391 parturit,
809 333 1004 377 Christus
1020 332 1090 376 hic
1103 330 1222 376 dolet
1237 352 1248 389 3
1264 341 1395 392 caput
1455 345 1458 347 ’

12 414 77 449 est
97 419 289 458 sursum,
315 402 509 447 membra
530 402 912 462 deorsum.Neque
923 402 1036 445 enim
1048 417 1136 446 non
1154 402 1396 461 parturiens

11 484 56 520 et
77 474 229 519 dolens
250 474 437 518 diceret:
462 491 482 515 «
501 472 644 527 Saule,
668 471 810 526 Saule,
828 471 936 531 quid
951 487 1019 515 me
1031 471 1299 532 persequeris
1314 474 1392 515 19„

13 548 112 599 Quo
141 553 426 605 persequente
458 543 746 603 parturiebat,
778 557 879 586 eum
907 558 1163 587 conversum
1185 543 1398 602 parturire

14 615 130 661 fecit.
156 618 356 675 Namque
377 623 420 658 et
449 614 540 673 ipse
559 622 709 673 postea
730 611 999 657 illuminatus
1021 622 1083 657 est
1096 648 1106 667 ,
1132 622 1176 657 et
1197 612 1279 657 illis
1299 628 1398 673 quae

11 685 358 747 persequebatur
374 683 579 728 membris
600 684 805 738 insertus,
831 682 981 726 eadem
1021 684 1231 728 charitate
1252 698 1397 743 praeg-

15 772 124 802 nans
146 755 320 800 dicebat
351 774 360 799 :
390 774 410 797 «
431 753 575 798 Filioli
607 754 719 809 mei,
746 769 855 814 quos
895 753 1052 798 iterum
1075 755 1292 814 parturio,
1318 754 1400 799 (lo-

20 847 40 870 »
73 842 154 872 nec
174 827 370 872 Christus
391 824 605 870 formetur
624 826 668 869 in
684 824 809 869 vobis
822 828 853 867 ².
877 843 897 866 ³>
924 828 1008 869 Pro
1038 824 1243 869 membris
1269 825 1403 884 igitur

15 897 191 953 Christi,
215 913 295 957 pro
316 911 497 956 corpore
514 897 604 956 ejus
624 894 745 956 quod
758 904 822 939 est
842 894 1033 939 Ecclesia
1049 897 1082 951 3,
1107 911 1186 955 pro
1203 912 1293 941 uno
1306 897 1400 956 ipso

16 969 210 1024 homine,
228 967 274 1012 id
296 977 382 1023 est,
407 983 487 1028 pro
512 967 604 1027 ipsa
627 967 792 1010 unitate
815 968 939 1026 cujus
964 976 1095 1026 caput
1116 983 1284 1012 sursum
1308 977 1398 1023 est,

19 1039 213 1086 Psalmus
235 1040 314 1084 iste
331 1048 545 1084 cantatur.
572 1038 716 1083 Gemit
743 1047 905 1092 autem,
931 1047 973 1082 et
992 1040 1197 1098 parturit,
1225 1049 1268 1083 et
1285 1039 1404 1084 dolet

17 1110 96 1155 iste
116 1111 265 1155 homo.
283 1113 441 1164 Quare,
465 1107 536 1153 vel
557 1109 669 1153 inter
684 1124 814 1168 qUOS,
835 1108 916 1152 nisi
938 1109 1039 1168 quia
1058 1110 1222 1168 accepit
1237 1118 1279 1152 et
1296 1124 1400 1167 cog·-

17 1181 140 1226 novit
166 1197 189 1225 a
217 1180 358 1240 capite
393 1195 494 1234 suo,
526 1178 697 1223 dicente
720 1198 728 1222 :
758 1198 777 1220 «
808 1178 1066 1222 Abundabit
1092 1179 1319 1239 iniquitas,
1359 1189 1404 1224 et

21 1269 42 1294 n
76 1250 324 1310 refrigescet
341 1250 524 1294 charitas
549 1249 789 1293 multorum
806 1250 821 1273 4
841 1251 894 1292 P»
919 1249 961 1293 Si
992 1259 1134 1293 autem
1161 1250 1405 1294 abundabit

17 1321 237 1382 iniquitas,
262 1331 306 1365 et
327 1320 576 1378 refrigescet
591 1320 775 1364 charitas
798 1319 1063 1375 multorum,
1085 1320 1181 1380 quis
1204 1336 1405 1364 remane-
1452 1341 1455 1342 ⁷

19 1392 85 1437 hit
103 1392 179 1452 qui
209 1390 447 1451 parturiat?
477 1390 716 1450 Sequitur:
746 1391 868 1444 «Qui
897 1393 1233 1450 perseveraverit
1267 1407 1406 1452 usque

24 1482 44 1506 n
78 1464 124 1508 in
135 1464 283 1518 finem,
307 1462 380 1507 hic
400 1460 544 1506 salvus
565 1462 685 1505 erit⁵.
713 1481 730 1503 »
753 1462 879 1506 Unde
893 1471 1002 1506 esset
1029 1478 1237 1521 magnum
1260 1480 1406 1524 perse-
1456 1465 1466 1471 ’

18 1550 185 1589 verare,
206 1533 288 1578 nisi
305 1533 419 1577 inter
440 1532 655 1576 molestias
672 1541 715 1576 et
733 1533 991 1577 tentationes
1005 1542 1047 1576 et
1070 1534 1340 1579 turbationes
1363 1544 1407 1579 et

20 1604 222 1650 scandala
245 1613 354 1648 esset
375 1603 772 1664 perseverandum?
794 1606 931 1648 Nemo
954 1604 1068 1648 enim
1091 1605 1271 1665 jubetur
1294 1605 1409 1650 bona

21 1675 221 1721 tolerare.
249 1673 333 1720 Sed
351 1689 430 1733 pro
449 1674 531 1718 isto
549 1674 651 1734 quia
669 1673 842 1728 dicitur,
869 1684 911 1717 et
934 1674 1033 1735 quia
1056 1691 1136 1735 pro
1155 1676 1236 1721 isto
1259 1687 1408 1721 canta-

23 1754 111 1801 tur,
135 1743 360 1790 videamus
377 1743 483 1805 quid
505 1745 574 1788 sit.
599 1749 682 1789 Pro
705 1744 785 1789 isto
804 1745 1086 1805 increpantur
1097 1748 1166 1792 hic
1188 1749 1403 1804 homines,

23 1817 137 1861 inter
157 1831 266 1877 quos
285 1816 487 1875 gemitur,
503 1816 617 1860 inter
639 1832 748 1876 quos
765 1815 954 1872 doletur,
983 1827 1027 1861 et
1056 1818 1294 1864 consolatio
1325 1820 1406 1864 do—

24 1886 152 1932 lentis
179 1895 222 1930 et
247 1886 526 1946 parturientis
553 1887 598 1929 in
626 1886 784 1930 Psalmi
804 1887 891 1930 fine
914 1887 1186 1947 depromitur
1203 1900 1244 1935 et
1267 1892 1410 1951 expri-

25 1958 174 2002 mitur.
194 1956 280 2010 Qui
302 1966 405 2001 sunt
425 1971 527 2014 ergo
538 1957 651 2000 inter
671 1972 780 2016 quos
795 1958 1058 2016 parturimus
1075 1968 1117 2002 et
1131 1961 1360 2017 gemimus,
1380 1963 1413 2006 si

25 2028 69 2072 in
93 2042 273 2087 corpore
294 2026 455 2072 Christi
476 2042 646 2081 sumuS,
682 2027 716 2070 si
733 2027 815 2071 sub
837 2026 913 2071 illo
933 2029 1074 2088 capite
1088 2030 1295 2087 vivimus,
1315 2033 1348 2076 si
1366 2033 1413 2076 in

25 2098 232 2143 membris
244 2099 335 2158 ejus
353 2097 618 2157 deputamur
638 2116 646 2141 ε
668 2097 744 2158 qui
761 2107 882 2153 sunt,
909 2099 1026 2143 audi.

87 2171 144 2212 II.
183 2187 204 2210 «
227 2168 343 2212 Dixit
368 2168 621 2228 imprudens
647 2168 693 2212 in
716 2167 847 2212 corde
867 2184 968 2227 suo,
993 2172 1090 2214 Non
1112 2179 1176 2214 est
1194 2173 1309 2215 Deus
1327 2174 1360 2214 ὃ.
1389 2190 1409 2213 n

32 2239 135 2283 Tale
157 2253 293 2297 genus
320 2247 384 2282 est
414 2238 665 2293 hominum,
690 2239 804 2283 inter
825 2255 934 2299 quos
957 2239 1076 2283 dolet
1096 2249 1139 2284 et
1160 2242 1292 2298 gemit
1313 2258 1412 2286 cor-

31 2325 113 2369 pus
131 2309 305 2353 Christi.
341 2308 384 2353 Si
408 2307 493 2352 tale
516 2309 599 2353 hoc
620 2309 848 2353 hominum
872 2324 1006 2367 genus
1033 2319 1120 2366 est,
1146 2328 1235 2355 non
1255 2312 1416 2358 multos

0 2418 2 2423 .
30 2379 312 2440 parturimus,
328 2379 724 2439 quantumvidetur
735 2396 960 2425 occurrere
974 2382 1306 2438 cogitationibus
1315 2400 1413 2428 nos-

0 2471 4 2493 i
34 2451 126 2506 tris,
149 2449 356 2510 perpauci
372 2459 501 2494 sunt:
526 2459 569 2494 et
579 2449 756 2495 difficile
780 2460 843 2495 est
856 2460 905 2495 ut
918 2451 1188 2498 incurramus
1206 2455 1251 2498 in
1273 2455 1418 2500 homi-

0 2575 5 2581 ,
83 2551 93 2568 ¹
112 2547 185 2578 Act.
203 2556 249 2586 iv,
267 2543 300 2588 4.
327 2561 369 2568 -
389 2551 402 2568 ²
416 2544 485 2578 Gal.
503 2556 549 2588 iv,
569 2556 622 2588 ¹9·
636 2563 678 2571 —-
699 2543 712 2569 3
730 2546 847 2579 Coloss.
869 2558 892 2589 ι,
910 2544 965 2589 24.
986 2564 1028 2570 -
1041 2545 1186 2582 4Matth.
1205 2561 1297 2592 xnv,
1314 2559 1417 2583 12.—

37 2599 152 2635 ⁵1bid.
176 2601 226 2634 13.
243 2618 285 2624 —
299 2598 315 2623 ⁶
332 2601 413 2635 Psal.
434 2612 486 2644 ιιι,
509 2612 539 2634 ι.

1193 2661 1257 2701 31.
