1841 3223
470 262 711 292 ENARRATIO
743 266 788 293 IN
820 264 1022 295 PSALMUM
1054 268 1123 295 LV.
1382 254 1466 295 549

83 327 314 374 mendaces
334 327 537 380 habebis,
565 327 752 388 ideoque
775 338 870 374 tuos
886 365 898 385 ,
922 331 1024 391 quia
1045 331 1274 375 mendaces
1301 351 1309 376 :
1335 340 1411 376 aut
1432 332 1473 377 si·

84 407 212 443 erunt
226 414 398 443 veraces
418 413 636 442 sermones
654 433 663 442 .
687 407 730 443 et
754 415 843 444 non
875 416 946 445 eos
978 401 1149 461 putabis
1180 411 1223 445 te
1259 402 1420 446 habere
1442 418 1467 447 a

83 472 174 514 Deo
189 504 200 525 ,
225 468 300 514 sed
321 485 345 513 a
366 477 409 512 te
429 468 551 528 loqui
569 488 580 526 3
604 483 775 514 veraces
793 479 921 514 erunt
937 506 948 526 ,
969 471 1043 515 sed
1074 481 1124 515 tu
1145 471 1329 516 mendax
1355 473 1463 517 eris:

81 540 115 583 si
143 548 288 584 autem
314 538 567 598 cognoveris
600 539 710 583 nihil
741 548 783 584 te
805 556 956 584 verum
990 542 1035 585 in
1063 542 1271 600 sapientia
1292 543 1396 598 Dei,
1420 544 1468 587 in

80 608 168 653 fide
185 609 375 653 veritatis
390 643 400 663 ‚
426 624 551 668 posse
567 608 710 653 dicere
725 645 736 664 ‚
756 610 838 653 nisi
858 610 978 670 quod
1000 611 1055 654 ab
1067 610 1142 655 illo
1160 612 1386 670 accepisti,
1411 611 1467 656 de

80 695 168 740 quo
189 679 348 724 dicitur
379 699 387 724 :
417 698 434 720 «
461 678 579 732 Quid
595 680 710 723 enirn
724 680 857 724 habes
874 680 994 740 quod
1015 696 1104 725 non
1118 682 1372 741 accepisti1?
1387 685 1467 726 »In

79 753 169 794 Deo
186 749 336 794 laudas
357 765 574 794 sermones
596 758 710 804 tuos,
735 759 786 793 ut
806 751 853 794 in
873 754 963 795 Deo
985 749 1173 795 lauderis
1194 752 1466 796 sermonibus

79 820 172 864 Dei.
197 820 371 864 Etenim
392 821 427 864 si
448 818 568 880 quod
589 820 634 863 in
656 830 699 864 te
721 820 799 864 Dei
828 830 918 876 est,
943 822 1183 865 honoratur
1200 837 1223 865 a
1244 830 1314 877 te,
1346 830 1389 865 et
1416 829 1467 865 tu

79 890 218 935 factus
242 907 266 935 a
292 894 403 946 Deo,
427 890 708 934 honoraberis
740 891 785 934 in
822 894 912 935 Deo
940 909 948 935 ε
983 891 1016 934 si
1048 900 1194 935 autem
1221 891 1341 951 quod
1361 892 1406 934 in
1424 900 1469 935 te

79 962 156 1005 Dei
177 971 256 1018 est,
280 962 561 1006 honoraveris
587 971 795 1022 tanquam
818 971 943 1006 tuum
958 998 969 1017 ,
1000 977 1089 1006 non
1121 963 1198 1007 Dei
1217 962 1465 1022 :quomodo

18 1061 21 1063 -
73 1032 262 1092 populus
292 1032 363 1077 ille
393 1032 524 1090 longe
560 1031 700 1076 factus
738 1041 802 1076 est
836 1048 860 1076 a
892 1032 1072 1086 sanctis,
1113 1032 1171 1076 sic
1198 1041 1248 1076 tu
1274 1032 1402 1090 longe
1437 1048 1463 1077 a

75 1112 240 1147 sancto.
277 1106 412 1160 Ergo,
443 1121 462 1145 «
486 1105 538 1145 In
566 1103 655 1146 Deo
685 1101 876 1146 laudabo
908 1117 1126 1146 sermones
1168 1117 1284 1146 meos
1311 1121 1320 1147 ε
1352 1103 1385 1146 si
1414 1103 1461 1146 in

82 1195 99 1215 »
136 1177 250 1230 Deo,
270 1189 404 1235 quare
417 1175 570 1218 meos?
592 1176 648 1218 Et
670 1174 715 1216 in
736 1176 851 1228 Deo,
874 1183 917 1217 et
939 1188 1072 1218 meos.
1102 1176 1153 1216 In
1177 1176 1264 1217 Deo
1282 1209 1292 1229 ,
1318 1193 1335 1215 »
1361 1174 1464 1234 quia

75 1244 132 1288 ab
147 1245 240 1303 ipso
266 1264 274 1289 ε
305 1264 325 1286 «
346 1259 485 1299 meos,
508 1264 523 1284 »
548 1244 650 1304 quia
673 1243 833 1303 accepi.
861 1247 957 1303 Ipse
977 1243 1116 1287 voluit
1137 1259 1253 1287 meos
1276 1259 1364 1288 esse
1386 1244 1464 1304 qui

76 1313 223 1368 dedit,
262 1313 449 1358 amando
475 1329 577 1357 eum
611 1315 735 1374 cujus
755 1322 857 1357 sunt
884 1333 892 1357 :
918 1313 1020 1373 quia
1043 1329 1093 1356 ex
1115 1312 1190 1357 illo
1212 1314 1318 1356 mihi
1335 1322 1461 1369 sunt,

73 1384 160 1427 mei
180 1384 284 1428 facti
300 1392 417 1428 sunt.
441 1383 567 1428 Unde
585 1384 727 1427 enim:
753 1386 944 1426 «Panem
955 1383 1465 1443 nostrumquotidianum

79 1473 97 1495 »
132 1453 188 1498 da
210 1454 334 1498 nobis
355 1454 486 1498 hodie
500 1455 546 1495 2?
568 1473 585 1495 »
613 1452 867 1507 Quomodo,
888 1453 1363 1512 nostrum-Pquomodo,
1379 1453 1465 1497 da?

74 1524 142 1568 Ab
164 1523 239 1569 illo
264 1524 455 1584 petendo
478 1539 569 1568 non
596 1523 678 1567 eris
712 1539 896 1577 vacuus,
935 1531 1062 1566 tuum
1091 1521 1340 1567 confitendo
1374 1539 1464 1567 non

74 1594 155 1638 eris
186 1594 396 1654 ingratus.
432 1593 476 1638 Si
504 1593 620 1637 enim
648 1608 737 1637 non
771 1592 888 1637 dicas
919 1601 1069 1648 tuum,
1106 1608 1195 1637 non
1219 1593 1418 1653 accepisti
1451 1612 1460 1638 :

72 1680 220 1709 rursus
237 1665 271 1709 si
289 1664 405 1710 dicas
427 1674 555 1709 tuum
572 1664 632 1709 ita
651 1700 662 1719 ,
686 1664 808 1724 quasi
831 1680 854 1708 a
877 1673 919 1707 te
939 1664 992 1708 sit
1016 1663 1137 1724 quod
1169 1662 1275 1708 dicis
1306 1673 1429 1708 tuum
1447 1698 1460 1718 ,

73 1735 234 1779 amittis
261 1734 382 1795 quod
411 1750 659 1794 acceperas,
693 1734 796 1794 quia
818 1734 1014 1794 ingratus
1038 1750 1082 1779 es
1102 1733 1164 1778 illi
1185 1750 1209 1779 a
1231 1751 1319 1795 quo
1341 1749 1464 1779 acce-

72 1821 195 1866 peras
220 1826 229 1851 :
256 1825 273 1846 «
297 1809 348 1850 In
370 1808 460 1850 Deo
482 1821 584 1864 ergo
613 1804 804 1850 laudabo
826 1821 1045 1850 sermones
1062 1841 1073 1860 ‚
1104 1825 1122 1846 »
1149 1807 1250 1866 quia
1281 1806 1341 1850 ibi
1373 1807 1463 1865 ipse

72 1885 136 1921 est
157 1876 254 1921 sons
276 1891 526 1921 sermonum
547 1891 751 1920 verorum
778 1895 786 1920 z
816 1894 835 1917 «
857 1891 976 1920 meos
992 1911 1002 1930 ,
1034 1894 1054 1916 »
1087 1876 1189 1936 quia
1221 1876 1365 1920 sitiens
1391 1892 1464 1921 ac·-

72 1947 178 1992 cessi
199 1956 243 1991 et
265 1946 374 1990 bibi.
397 1965 418 1988 «
443 1949 496 1989 In
522 1948 613 1989 Deo
642 1945 834 1990 laudabo
866 1962 1085 1990 sermones
1113 1962 1258 2001 meos,
1291 1947 1338 1990 in
1372 1950 1463 1992 Deo

77 2039 95 2059 »
131 2017 324 2077 speravi,
340 2032 430 2060 non
452 2016 617 2060 timebo
640 2015 747 2076 quid
769 2016 901 2060 faciat
923 2017 1030 2060 mihi
1052 2032 1166 2061 caro.
1191 2035 1211 2057 »
1236 2019 1392 2062 Nonne
1412 2026 1463 2062 tu

72 2103 163 2132 eras
185 2087 262 2148 qui
282 2086 414 2146 paulo
437 2086 746 2130 antedicebas:
769 2087 1004 2131 «Miserere
1016 2088 1115 2141 mei,
1138 2087 1461 2148 Domine,quo-

74 2177 100 2218 η
130 2158 248 2201 niam
269 2156 543 2202 conculcavit
563 2171 632 2200 me
655 2157 809 2211 homo,
835 2165 926 2201 tota
959 2156 1028 2200 die
1047 2156 1213 2200 bellans
1237 2157 1463 2203 tribulavit

74 2247 95 2269 »
129 2229 231 2272 me?
257 2247 275 2269 »
302 2226 536 2280 Quomodo
567 2242 671 2285 ergo
712 2226 783 2271 hic
813 2246 822 2272 ;
861 2245 882 2268 «
915 2229 1013 2271 Non
1051 2226 1216 2270 timebo
1247 2227 1356 2287 quid
1392 2226 1460 2272 sa-

73 2317 93 2340 »
127 2298 212 2343 ciat
243 2298 352 2341 mihi
383 2299 509 2342 caro?
533 2315 553 2338 »
586 2297 703 2350 Quid
724 2297 805 2341 tibi
833 2295 990 2341 faciet?
1014 2299 1078 2340 Tu
1100 2297 1190 2356 ipse
1209 2296 1341 2356 paulo
1360 2306 1459 2342 ante

71 2368 214 2413 dixisti
235 2387 244 2412 ε
268 2367 578 2413 «Conculcavit
591 2367 914 2421 me‚tribulavit
925 2382 993 2410 me
1011 2386 1020 2411 ε
1039 2367 1188 2412 »Nihil
1209 2366 1339 2412 faciet
1358 2383 1459 2412 cum

70 2440 151 2485 ista
171 2437 335 2485 faciet?
356 2438 558 2497 Respexit
571 2437 627 2481 ad
642 2437 794 2482 vinum
811 2436 931 2498 quod
956 2446 1105 2482 manat
1126 2437 1180 2482 de
1208 2437 1424 2482 calcatura
1441 2474 1452 2493 ,

72 2519 116 2554 et
148 2507 371 2569 respondit
404 2527 414 2552 ε
447 2506 580 2552 Plane
608 2506 882 2553 conculcavit
903 2542 914 2563 ,
949 2506 1078 2567 plane
1109 2506 1358 2565 tribulavit,
1386 2507 1462 2552 sed

123 2601 131 2617 ¹
159 2606 170 2625 ι
186 2595 262 2627 Cor.
285 2603 331 2635 iv,
355 2601 386 2634 7.
409 2607 450 2614 -·
472 2599 484 2615 ²
502 2591 619 2625 Mauh.
639 2602 684 2631 vr,
708 2603 758 2624 11.
