1841 3223
454 229 694 260 ENARRATIO
725 232 771 259 ΙΝ
801 230 1004 260 PsALMuM
1034 233 1106 260 xL.
1383 219 1467 259 215

97 318 118 342 α
141 302 284 343 Erunt
296 297 384 343 duo
412 298 457 341 in
479 312 606 342 carne
623 299 756 341 una1.
782 316 800 338 »
824 296 867 342 Si
888 311 989 355 ergo
1007 296 1276 355 agnoscimus
1298 294 1408 340 duos
1424 296 1471 342 in
1543 307 1547 311 “

92 385 221 414 carne
243 385 356 426 una,
389 382 670 427 agnoscamus
692 367 802 411 duos
833 367 880 410 in
906 383 1012 412 voce
1043 383 1145 412 una.
1176 367 1321 412 Primo
1350 367 1472 428 quod

90 439 253 498 legenti
291 438 601 498 respondentes
635 437 903 481 cantavimus
917 471 929 491 ,
960 452 1212 498 quanquam
1245 436 1299 482 de
1327 439 1472 484 medio

92 509 263 553 Psalmo
274 508 343 564 sit,
354 509 457 553 hinc
469 517 614 553 tamen
631 507 837 551 sermonis
856 506 1067 551 ducamus
1090 506 1331 552 exordium.
1352 526 1370 549 «
1389 509 1472 552 Ini-

96 599 114 621 »
147 579 250 623 mici
269 578 356 623 mei
372 579 573 622 dixerunt
594 576 705 621 mala
717 577 849 622 mihi:
875 577 1061 631 Quando
1084 578 1308 634 morietur,
1333 588 1377 623 et
1393 594 1472 639 pe·-

95 670 113 692 »
149 649 252 694 ribit
281 664 443 694 nomen
472 651 565 709 ejus
586 652 618 692 ².
652 667 670 690 »
700 651 886 692 Persona
915 657 978 692 est
1014 649 1109 692 haec
1136 649 1309 693 Domini
1336 651 1474 695 nostri

89 721 114 763 J
118 734 193 763 esu
210 719 367 764 Christi
391 739 400 765 :
421 718 497 763 sed
516 718 661 764 videte
676 752 688 774 ‚
708 719 741 762 si
761 733 850 762 non
872 718 932 762 ibi
947 716 1253 777 intelliguntur
1270 728 1312 764 et
1330 735 1472 765 mem-

90 789 182 834 bra.
209 790 384 834 Dictum
408 798 471 833 est
493 797 536 833 et
557 789 641 833 hoc
663 803 764 832 cum
793 788 882 847 ipse
913 788 1297 834 Dominus¹noster
1328 789 1399 834 hic
1427 791 1473 835 in

88 860 265 904 terrain
287 870 415 904 carne
433 859 694 904 ambularet.
715 861 827 904 Cum
859 860 976 903 enim
996 858 1195 905 viderent
1222 859 1475 906 multitudi-

88 945 189 975 nem
211 931 333 990 sequi
361 930 663 976 auctoritatem
690 930 806 989 ejus,
835 938 878 974 et
905 929 1176 974 divinitatem
1208 940 1251 975 et
1277 932 1474 992 majesta-

87 1011 176 1046 tem
197 999 417 1045 miraculis
437 1009 764 1060 praesentatam3
784 1015 885 1045 cum
907 1000 990 1045 hoc
1006 1001 1206 1045 viderent
1221 1004 1245 1045 J
1249 1001 1364 1045 udaei
1380 1037 1391 1058 ‚
1417 1000 1473 1047 de

87 1071 246 1132 quibus
257 1071 349 1130 ipse
367 1070 575 1115 Dominus
588 1070 915 1115 similitudinem
935 1072 1094 1130 posuit,
1119 1072 1222 1132 quia
1244 1071 1467 1118 dixerunt:

92 1161 110 1183 «
146 1142 226 1186 Hic
248 1151 312 1185 est
333 1142 470 1185 haeres
487 1176 497 1195 ‚
522 1141 666 1185 venite
697 1141 945 1186 occidamus
977 1157 1104 1197 eum,
1140 1151 1183 1186 et
1211 1152 1357 1188 nostra
1392 1143 1474 1189 erit

91 1230 110 1253 »
144 1210 401 1255 haereditas³
420 1229 429 1256 ι
452 1211 686 1255 »dixerunt
696 1211 813 1270 apud
834 1212 1099 1271 semetipsos,
1124 1211 1168 1255 id
1181 1213 1386 1268 est,inter
1407 1229 1468 1270 se,

85 1280 205 1326 'unde
225 1280 441 1340 pontificis
453 1279 568 1324 illius
579 1281 760 1340 Caiphae
773 1297 856 1326 vox
873 1290 936 1325 est
955 1300 964 1326 ι
985 1300 1002 1322 «
1024 1281 1190 1326 Videtis
1204 1282 1325 1343 quod
1342 1283 1473 1328 turba

90 1370 108 1392 »
144 1350 282 1395 multa
303 1366 404 1395 eum
426 1351 639 1411 sequitur,
675 1360 717 1394 et
744 1351 951 1395 saeculum
981 1361 1078 1411 post
1107 1351 1233 1396 illum
1260 1353 1367 1397 abiit
1401 1372 1411 1398 ε
1438 1355 1471 1398 'si

91 1441 108 1463 »
143 1421 430 1466 dimiserimus
458 1437 559 1466 cum
591 1422 761 1477 vivere,
796 1422 974 1466 venient
1004 1424 1212 1478 Romani,
1241 1433 1285 1467 et
1315 1423 1472 1469 tollent

89 1511 108 1533 »
142 1493 268 1537 nobis
297 1502 340 1537 et
369 1491 516 1538 locum
544 1502 588 1537 et
611 1503 800 1552 gentem.
825 1492 1013 1552 Expedit
1038 1502 1088 1537 ut
1118 1509 1232 1540 unus
1259 1495 1470 1540 moriatur

89 1583 107 1606 »
141 1565 290 1620 homo,
329 1579 461 1624 quam
495 1573 584 1609 tota
620 1580 723 1623 gens
757 1574 918 1624 pereat.
952 1582 972 1606 »
1010 1564 1286 1624 Evangelista
1321 1576 1469 1612 autem

83 1635 215 1680 verba
234 1634 461 1679 nescientis
478 1634 584 1694 quid
602 1636 780 1688 diceret,
807 1635 1004 1694 exposuit
1016 1635 1157 1691 nobis,
1178 1645 1222 1680 et
1235 1637 1293 1680 ait
1310 1656 1318 1682 :
1340 1640 1470 1683 «Hoc

86 1724 106 1748 »
143 1704 287 1749 autem
310 1720 399 1749 non
421 1720 444 1748 a
462 1719 504 1748 se
522 1704 649 1759 dixit,
674 1704 750 1749 sed
762 1720 863 1749 cum
886 1714 992 1749 esset
1018 1706 1213 1765 pontifex
1230 1709 1469 1767 propheta—

88 1794 106 1817 »
140 1776 224 1830 vit,
250 1774 352 1835 quia
370 1774 600 1834 oportebat
621 1777 643 1819 J
649 1790 767 1818 esum
786 1775 895 1819 mori
916 1790 994 1835 pro
1008 1776 1172 1835 populo
1186 1785 1229 1820 et
1249 1786 1377 1836 gente
1391 1779 1424 1823 4.
1444 1787 1465 1820 »'

85 1846 249 1889 Tamen
267 1844 330 1888 illi
344 1860 444 1889 cum
456 1844 655 1889 viderent
669 1844 882 1904 populum
897 1845 1125 1904 postillum
1143 1847 1221 1902 ire,
1233 1847 1437 1894 dixerunt
1452 1869 1462 1895 :

87 1934 106 1957 »
141 1914 326 1969 Quando
346 1914 569 1969 morietur,
585 1923 628 1958 et
640 1915 800 1974 peribit
817 1931 977 1960 nomen
994 1919 1086 1976 ejus
1101 1919 1132 1960 ⁵.
1151 1935 1171 1958 )›
1189 1916 1239 1961 Id
1259 1927 1343 1974 est,
1365 1935 1467 1964 cum

82 1985 366 2030 occiderimus
378 2000 479 2029 eum
495 2020 505 2040 ,
524 1985 615 2046 jam
637 2001 799 2030 nomen
820 1987 911 2046 ejus
941 2002 1030 2031 non
1052 1987 1133 2031 erit
1156 1987 1201 2031 in
1219 1997 1332 2032 terra
1347 2025 1358 2045 ,
1385 2005 1466 2035 nec

81 2054 259 2100 seducet
275 2055 440 2115 aliquos
454 2064 651 2100 mortuus
663 2076 674 2112 3
690 2055 764 2100 sed
782 2056 873 2115 ipsa
884 2057 919 2116 ej
928 2072 975 2100 us
992 2056 1293 2102 interfectione
1306 2058 1466 2104 intelli-

83 2134 186 2184 gent
196 2124 410 2180 homines,
421 2125 523 2185 quia
535 2125 757 2169 hominem
775 2127 1083 2186 sequebantur,
1094 2128 1195 2187 quia
1209 2144 1299 2173 non
1313 2139 1405 2174 erat
1421 2130 1468 2175 in

82 2210 133 2239 eo
144 2210 239 2254 spes
254 2194 429 2251 salutis3
453 2203 496 2238 et
517 2194 716 2239 deserent
733 2211 893 2240 nomen
914 2197 1029 2255 ejus,
1050 2205 1093 2240 et
1109 2213 1199 2241 non
1221 2199 1316 2242 erit.
1341 2202 1464 2244 Mor-

81 2273 182 2309 tuus
208 2274 292 2319 est,
329 2274 372 2309 et
403 2280 493 2309 non
519 2265 647 2324 periit
673 2281 832 2310 nomen
861 2267 952 2326 ejus
969 2302 979 2321 ‚
1018 2266 1093 2311 sed
1115 2267 1377 2313 seminatum
1399 2279 1465 2314 est

82 2350 239 2379 nomen
264 2336 354 2395 ejus
375 2355 385 2379 ε.
408 2345 607 2380 mortuus
626 2346 710 2391 est,
736 2336 811 2381 sed
829 2352 1011 2395 granum
1028 2338 1134 2393 fuit,
1164 2355 1253 2399 quo
1274 2341 1461 2385 mortifi-

82 2415 178 2450 cato
199 2421 316 2464 seges
337 2407 547 2451 continuo
571 2417 798 2464 exurgeret
819 2409 850 2450 ⁶.
877 2407 1127 2454 Glorificato
1151 2425 1254 2469 ergo
1279 2408 1465 2457 Domino

129 2507 138 2522 ¹
166 2501 244 2531 Gen.
262 2510 298 2541 n,
319 2499 373 2542 24,
393 2505 426 2532 et
443 2500 558 2543 Ephes.
578 2512 620 2540 v,
639 2500 691 2533 31.
713 2518 755 2524 —
771 2508 784 2524 ²
804 2502 885 2534 Psal.
909 2513 961 2543 xz,
980 2502 1014 2534 6.
1030 2520 1072 2527 -
1093 2502 1106 2527 3
1123 2504 1236 2538 Matth.
1258 2517 1324 2549 xxi,
1345 2506 1396 2541 38.
1417 2522 1460 2530 --

84 2553 98 2582 4
113 2556 204 2587 Joan.
228 2567 272 2596 xi,
288 2554 407 2598 47-51.
429 2572 470 2580 —-
487 2554 501 2578 ⁵
517 2556 595 2588 Psal.
611 2567 664 2598 xL,
682 2557 715 2589 6.
737 2574 777 2580 -
796 2555 811 2580 ⁶
831 2560 923 2590 Joan.
946 2567 1003 2599 xn,
1021 2558 1074 2591 25.
