<?xml version="1.0" encoding="UTF-8"?>
<!DOCTYPE html PUBLIC "-//W3C//DTD XHTML 1.0 Transitional//EN"
    "http://www.w3.org/TR/xhtml1/DTD/xhtml1-transitional.dtd">
<html xmlns="http://www.w3.org/1999/xhtml" xml:lang="en" lang="en">
 <head>
  <title>
</title>
<meta http-equiv="Content-Type" content="text/html;charset=utf-8" />
  <meta name='ocr-system' content='tesseract 3.04.00' />
  <meta name='ocr-capabilities' content='ocr_page ocr_carea ocr_par ocr_line ocrx_word'/>
</head>
<body>
  <div class='ocr_page' id='page_1' title='image "./operaomniaaccura08auguuoft_0439.png"; bbox 0 0 1841 3223; ppageno 0'>
   <div class='ocr_carea' id='block_1_1' title="bbox 34 244 1473 2558">
    <p class='ocr_par' dir='ltr' id='par_1_1' title="bbox 83 244 1469 515">
     <span class='ocr_line' id='line_1_1' title="bbox 407 244 1467 289; baseline -0.004 -2"><span class='ocrx_word' id='word_1_1' title='bbox 407 258 648 289; x_wconf 72' lang='lat' dir='ltr'>ENARRATIO</span> <span class='ocrx_word' id='word_1_2' title='bbox 680 261 726 288; x_wconf 67' lang='lat' dir='ltr'>nv</span> <span class='ocrx_word' id='word_1_3' title='bbox 758 257 960 287; x_wconf 77' lang='lat' dir='ltr'>PsALMUM</span> <span class='ocrx_word' id='word_1_4' title='bbox 993 259 1113 286; x_wconf 81' lang='lat' dir='ltr'><strong>xux.</strong></span> <span class='ocrx_word' id='word_1_5' title='bbox 1384 244 1467 284; x_wconf 72' lang='lat'>425</span> 
     </span>
     <span class='ocr_line' id='line_1_2' title="bbox 83 309 1469 361; baseline -0.005 0"><span class='ocrx_word' id='word_1_6' title='bbox 83 315 187 361; x_wconf 89' lang='lat' dir='ltr'>mali</span> <span class='ocrx_word' id='word_1_7' title='bbox 217 314 366 360; x_wconf 86' lang='lat' dir='ltr'>habes.</span> <span class='ocrx_word' id='word_1_8' title='bbox 396 333 413 354; x_wconf 89' lang='lat'>«</span> <span class='ocrx_word' id='word_1_9' title='bbox 436 313 619 358; x_wconf 87' lang='lat' dir='ltr'>Immola</span> <span class='ocrx_word' id='word_1_10' title='bbox 645 318 735 359; x_wconf 90' lang='lat' dir='ltr'>Deo</span> <span class='ocrx_word' id='word_1_11' title='bbox 766 313 1023 361; x_wconf 87' lang='lat' dir='ltr'>sacrificium</span> <span class='ocrx_word' id='word_1_12' title='bbox 1052 311 1193 356; x_wconf 88' lang='lat' dir='ltr'>laudis</span> <span class='ocrx_word' id='word_1_13' title='bbox 1223 329 1232 356; x_wconf 89' lang='lat'>:</span> <span class='ocrx_word' id='word_1_14' title='bbox 1266 319 1309 355; x_wconf 89' lang='lat' dir='ltr'>et</span> <span class='ocrx_word' id='word_1_15' title='bbox 1336 309 1469 355; x_wconf 82' lang='lat' dir='ltr'><strong>redde</strong></span> 
     </span>
     <span class='ocr_line' id='line_1_3' title="bbox 87 381 1464 445; baseline -0.003 -15"><span class='ocrx_word' id='word_1_16' title='bbox 87 407 106 431; x_wconf 91' lang='lat'>»</span> <span class='ocrx_word' id='word_1_17' title='bbox 127 385 346 432; x_wconf 86' lang='lat' dir='ltr'>Altissimo</span> <span class='ocrx_word' id='word_1_18' title='bbox 363 400 510 445; x_wconf 83' lang='lat' dir='ltr'>preces</span> <span class='ocrx_word' id='word_1_19' title='bbox 532 394 644 429; x_wconf 90' lang='lat' dir='ltr'>tuas.</span> <span class='ocrx_word' id='word_1_20' title='bbox 667 403 687 426; x_wconf 86' lang='lat'>»</span> <span class='ocrx_word' id='word_1_21' title='bbox 710 387 803 428; x_wconf 93' lang='lat' dir='ltr'>Hoc</span> <span class='ocrx_word' id='word_1_22' title='bbox 822 383 954 428; x_wconf 89' lang='lat' dir='ltr'>odore</span> <span class='ocrx_word' id='word_1_23' title='bbox 977 382 1187 428; x_wconf 88' lang='lat' dir='ltr'>Dominus</span> <span class='ocrx_word' id='word_1_24' title='bbox 1209 381 1464 427; x_wconf 76' lang='lat' dir='ltr'>delectatur.</span> 
     </span>
     <span class='ocr_line' id='line_1_4' title="bbox 87 455 861 515; baseline -0.006 -15"><span class='ocrx_word' id='word_1_25' title='bbox 87 474 108 500; x_wconf 91' lang='lat'>«</span> <span class='ocrx_word' id='word_1_26' title='bbox 127 455 278 501; x_wconf 87' lang='lat' dir='ltr'>Redde</span> <span class='ocrx_word' id='word_1_27' title='bbox 300 455 518 500; x_wconf 84' lang='lat' dir='ltr'>Altissimo</span> <span class='ocrx_word' id='word_1_28' title='bbox 535 470 682 515; x_wconf 83' lang='lat' dir='ltr'>preces</span> <span class='ocrx_word' id='word_1_29' title='bbox 706 464 815 499; x_wconf 89' lang='lat' dir='ltr'>tuas.</span> <span class='ocrx_word' id='word_1_30' title='bbox 842 472 861 495; x_wconf 87' lang='lat'>»</span> 
     </span>
    </p>

    <p class='ocr_par' dir='ltr' id='par_1_2' title="bbox 34 523 1473 2558">
     <span class='ocr_line' id='line_1_5' title="bbox 139 523 1470 572; baseline -0.004 0"><span class='ocrx_word' id='word_1_31' title='bbox 139 529 270 572; x_wconf 85' lang='lat' dir='ltr'>XXII</span> <span class='ocrx_word' id='word_1_32' title='bbox 278 561 286 570; x_wconf 90' lang='lat'>.</span> <span class='ocrx_word' id='word_1_33' title='bbox 312 545 333 568; x_wconf 90' lang='lat'>«</span> <span class='ocrx_word' id='word_1_34' title='bbox 357 529 414 570; x_wconf 89' lang='lat' dir='ltr'>Et</span> <span class='ocrx_word' id='word_1_35' title='bbox 435 526 588 570; x_wconf 88' lang='lat' dir='ltr'>invoca</span> <span class='ocrx_word' id='word_1_36' title='bbox 612 525 741 569; x_wconf 89' lang='lat' dir='ltr'>mein</span> <span class='ocrx_word' id='word_1_37' title='bbox 760 524 830 568; x_wconf 87' lang='lat' dir='ltr'>die</span> <span class='ocrx_word' id='word_1_38' title='bbox 855 524 1148 569; x_wconf 81' lang='lat' dir='ltr'>tribulationis</span> <span class='ocrx_word' id='word_1_39' title='bbox 1170 532 1283 567; x_wconf 82' lang='lat' dir='ltr'>tuac:</span> <span class='ocrx_word' id='word_1_40' title='bbox 1309 532 1351 567; x_wconf 89' lang='lat' dir='ltr'>et</span> <span class='ocrx_word' id='word_1_41' title='bbox 1378 523 1470 567; x_wconf 84' lang='lat' dir='ltr'>cxi-</span> 
     </span>
     <span class='ocr_line' id='line_1_6' title="bbox 85 593 1470 655; baseline -0.002 -15"><span class='ocrx_word' id='word_1_42' title='bbox 85 616 107 640; x_wconf 88' lang='lat'>»</span> <span class='ocrx_word' id='word_1_43' title='bbox 140 611 257 641; x_wconf 89' lang='lat' dir='ltr'>mam</span> <span class='ocrx_word' id='word_1_44' title='bbox 268 605 326 650; x_wconf 85' lang='lat' dir='ltr'>te,</span> <span class='ocrx_word' id='word_1_45' title='bbox 342 605 385 640; x_wconf 92' lang='lat' dir='ltr'>et</span> <span class='ocrx_word' id='word_1_46' title='bbox 398 596 655 655; x_wconf 88' lang='lat' dir='ltr'>glorificabis</span> <span class='ocrx_word' id='word_1_47' title='bbox 669 597 772 639; x_wconf 89' lang='lat' dir='ltr'>me¹.</span> <span class='ocrx_word' id='word_1_48' title='bbox 789 597 919 639; x_wconf 86' lang='lat' dir='ltr'>»Non</span> <span class='ocrx_word' id='word_1_49' title='bbox 933 595 1048 638; x_wconf 79' lang='lat' dir='ltr'>enim</span> <span class='ocrx_word' id='word_1_50' title='bbox 1066 609 1326 653; x_wconf 73' lang='lat' dir='ltr'>praesumere</span> <span class='ocrx_word' id='word_1_51' title='bbox 1339 593 1470 638; x_wconf 90' lang='lat' dir='ltr'>debes</span> 
     </span>
     <span class='ocr_line' id='line_1_7' title="bbox 83 663 1472 721; baseline -0.004 -10"><span class='ocrx_word' id='word_1_52' title='bbox 83 666 138 711; x_wconf 86' lang='lat' dir='ltr'>dc</span> <span class='ocrx_word' id='word_1_53' title='bbox 153 667 318 711; x_wconf 82' lang='lat' dir='ltr'>viribus</span> <span class='ocrx_word' id='word_1_54' title='bbox 342 666 422 709; x_wconf 89' lang='lat' dir='ltr'>tuis</span> <span class='ocrx_word' id='word_1_55' title='bbox 435 701 445 721; x_wconf 82' lang='lat'><strong>‚</strong></span> <span class='ocrx_word' id='word_1_56' title='bbox 471 666 615 710; x_wconf 85' lang='lat' dir='ltr'>onmia</span> <span class='ocrx_word' id='word_1_57' title='bbox 633 665 789 710; x_wconf 83' lang='lat' dir='ltr'>auxilia</span> <span class='ocrx_word' id='word_1_58' title='bbox 807 674 881 709; x_wconf 89' lang='lat' dir='ltr'>tua</span> <span class='ocrx_word' id='word_1_59' title='bbox 904 663 1128 708; x_wconf 82' lang='lat' dir='ltr'>mendacia</span> <span class='ocrx_word' id='word_1_60' title='bbox 1147 672 1262 708; x_wconf 87' lang='lat' dir='ltr'>sunt.</span> <span class='ocrx_word' id='word_1_61' title='bbox 1284 682 1301 705; x_wconf 90' lang='lat'>«</span> <span class='ocrx_word' id='word_1_62' title='bbox 1317 667 1388 708; x_wconf 84' lang='lat' dir='ltr'>Mc</span> <span class='ocrx_word' id='word_1_63' title='bbox 1407 664 1472 707; x_wconf 87' lang='lat' dir='ltr'>in-</span> 
     </span>
     <span class='ocr_line' id='line_1_8' title="bbox 85 733 1466 793; baseline -0.002 -15"><span class='ocrx_word' id='word_1_64' title='bbox 85 755 106 778; x_wconf 81' lang='lat'>»</span> <span class='ocrx_word' id='word_1_65' title='bbox 140 752 246 780; x_wconf 89' lang='lat' dir='ltr'>voca</span> <span class='ocrx_word' id='word_1_66' title='bbox 269 736 314 779; x_wconf 92' lang='lat' dir='ltr'>in</span> <span class='ocrx_word' id='word_1_67' title='bbox 331 735 401 780; x_wconf 89' lang='lat' dir='ltr'>die</span> <span class='ocrx_word' id='word_1_68' title='bbox 424 736 736 781; x_wconf 81' lang='lat' dir='ltr'>tribulationis:</span> <span class='ocrx_word' id='word_1_69' title='bbox 755 750 902 779; x_wconf 88' lang='lat' dir='ltr'>eruam</span> <span class='ocrx_word' id='word_1_70' title='bbox 923 744 978 789; x_wconf 80' lang='lat' dir='ltr'>te,</span> <span class='ocrx_word' id='word_1_71' title='bbox 1002 743 1045 778; x_wconf 83' lang='lat' dir='ltr'>ct</span> <span class='ocrx_word' id='word_1_72' title='bbox 1068 733 1327 793; x_wconf 80' lang='lat' dir='ltr'>glorificabis</span> <span class='ocrx_word' id='word_1_73' title='bbox 1340 749 1424 776; x_wconf 88' lang='lat' dir='ltr'>me.</span> <span class='ocrx_word' id='word_1_74' title='bbox 1445 752 1466 775; x_wconf 86' lang='lat'>»</span> 
     </span>
     <span class='ocr_line' id='line_1_9' title="bbox 83 801 1471 866; baseline -0.002 -16"><span class='ocrx_word' id='word_1_75' title='bbox 83 805 153 851; x_wconf 77' lang='lat' dir='ltr'>Ad</span> <span class='ocrx_word' id='word_1_76' title='bbox 166 807 248 851; x_wconf 88' lang='lat' dir='ltr'>hoc</span> <span class='ocrx_word' id='word_1_77' title='bbox 263 806 376 850; x_wconf 88' lang='lat' dir='ltr'>enim</span> <span class='ocrx_word' id='word_1_78' title='bbox 396 806 570 866; x_wconf 87' lang='lat' dir='ltr'>permisi</span> <span class='ocrx_word' id='word_1_79' title='bbox 584 805 695 850; x_wconf 84' lang='lat' dir='ltr'>diem</span> <span class='ocrx_word' id='word_1_80' title='bbox 715 804 1005 850; x_wconf 80' lang='lat' dir='ltr'>tribulationis</span> <span class='ocrx_word' id='word_1_81' title='bbox 1023 804 1100 848; x_wconf 85' lang='lat' dir='ltr'>tibi</span> <span class='ocrx_word' id='word_1_82' title='bbox 1114 803 1226 847; x_wconf 83' lang='lat' dir='ltr'>ficri:</span> <span class='ocrx_word' id='word_1_83' title='bbox 1245 804 1347 863; x_wconf 83' lang='lat' dir='ltr'>quia</span> <span class='ocrx_word' id='word_1_84' title='bbox 1360 801 1471 847; x_wconf 87' lang='lat' dir='ltr'>sorte</span> 
     </span>
     <span class='ocr_line' id='line_1_10' title="bbox 83 873 1472 933; baseline -0.004 -11"><span class='ocrx_word' id='word_1_85' title='bbox 83 877 118 922; x_wconf 89' lang='lat' dir='ltr'>si</span> <span class='ocrx_word' id='word_1_86' title='bbox 139 893 227 922; x_wconf 86' lang='lat' dir='ltr'>non</span> <span class='ocrx_word' id='word_1_87' title='bbox 250 876 540 928; x_wconf 74' lang='lat' dir='ltr'>tribulareris,</span> <span class='ocrx_word' id='word_1_88' title='bbox 558 893 647 921; x_wconf 90' lang='lat' dir='ltr'>non</span> <span class='ocrx_word' id='word_1_89' title='bbox 674 877 894 922; x_wconf 83' lang='lat' dir='ltr'>invocares</span> <span class='ocrx_word' id='word_1_90' title='bbox 910 891 980 920; x_wconf 91' lang='lat' dir='ltr'>me</span> <span class='ocrx_word' id='word_1_91' title='bbox 999 897 1009 933; x_wconf 80' lang='lat'>3</span> <span class='ocrx_word' id='word_1_92' title='bbox 1034 891 1133 919; x_wconf 89' lang='lat' dir='ltr'>cum</span> <span class='ocrx_word' id='word_1_93' title='bbox 1153 873 1372 918; x_wconf 88' lang='lat' dir='ltr'>tribularis</span> <span class='ocrx_word' id='word_1_94' title='bbox 1394 890 1472 918; x_wconf 87' lang='lat' dir='ltr'>au-</span> 
     </span>
     <span class='ocr_line' id='line_1_11' title="bbox 83 944 1473 1006; baseline -0.004 -14"><span class='ocrx_word' id='word_1_95' title='bbox 83 955 193 1002; x_wconf 85' lang='lat' dir='ltr'>tem,</span> <span class='ocrx_word' id='word_1_96' title='bbox 219 947 392 991; x_wconf 83' lang='lat' dir='ltr'>invocas</span> <span class='ocrx_word' id='word_1_97' title='bbox 413 963 505 1006; x_wconf 77' lang='lat' dir='ltr'>me3</span> <span class='ocrx_word' id='word_1_98' title='bbox 534 963 633 992; x_wconf 88' lang='lat' dir='ltr'>cum</span> <span class='ocrx_word' id='word_1_99' title='bbox 651 947 824 991; x_wconf 76' lang='lat' dir='ltr'>invocas</span> <span class='ocrx_word' id='word_1_100' title='bbox 848 962 938 1001; x_wconf 84' lang='lat' dir='ltr'>me,</span> <span class='ocrx_word' id='word_1_101' title='bbox 960 946 1142 989; x_wconf 85' lang='lat' dir='ltr'>eximam</span> <span class='ocrx_word' id='word_1_102' title='bbox 1166 954 1232 1001; x_wconf 75' lang='lat' dir='ltr'>te3</span> <span class='ocrx_word' id='word_1_103' title='bbox 1252 960 1352 988; x_wconf 90' lang='lat' dir='ltr'>cum</span> <span class='ocrx_word' id='word_1_104' title='bbox 1381 944 1473 988; x_wconf 78' lang='lat' dir='ltr'>exi-</span> 
     </span>
     <span class='ocr_line' id='line_1_12' title="bbox 83 1016 1473 1079; baseline -0.001 -17"><span class='ocrx_word' id='word_1_105' title='bbox 83 1032 198 1062; x_wconf 88' lang='lat' dir='ltr'>mam</span> <span class='ocrx_word' id='word_1_106' title='bbox 220 1027 262 1063; x_wconf 90' lang='lat' dir='ltr'>te</span> <span class='ocrx_word' id='word_1_107' title='bbox 285 1018 545 1077; x_wconf 87' lang='lat' dir='ltr'>glorificabis</span> <span class='ocrx_word' id='word_1_108' title='bbox 568 1034 653 1073; x_wconf 83' lang='lat' dir='ltr'>me,</span> <span class='ocrx_word' id='word_1_109' title='bbox 670 1027 719 1062; x_wconf 88' lang='lat' dir='ltr'>ut</span> <span class='ocrx_word' id='word_1_110' title='bbox 734 1020 822 1079; x_wconf 84' lang='lat' dir='ltr'>jam</span> <span class='ocrx_word' id='word_1_111' title='bbox 845 1034 933 1062; x_wconf 91' lang='lat' dir='ltr'>non</span> <span class='ocrx_word' id='word_1_112' title='bbox 956 1016 1150 1061; x_wconf 76' lang='lat' dir='ltr'>discedas</span> <span class='ocrx_word' id='word_1_113' title='bbox 1173 1033 1195 1060; x_wconf 90' lang='lat' dir='ltr'>a</span> <span class='ocrx_word' id='word_1_114' title='bbox 1213 1032 1297 1060; x_wconf 88' lang='lat' dir='ltr'>me.</span> <span class='ocrx_word' id='word_1_115' title='bbox 1315 1016 1473 1061; x_wconf 87' lang='lat' dir='ltr'>Obtor-</span> 
     </span>
     <span class='ocr_line' id='line_1_13' title="bbox 81 1088 1468 1149; baseline 0.001 -17"><span class='ocrx_word' id='word_1_116' title='bbox 81 1098 237 1148; x_wconf 89' lang='lat' dir='ltr'>puerat</span> <span class='ocrx_word' id='word_1_117' title='bbox 259 1089 438 1149; x_wconf 86' lang='lat' dir='ltr'>quidam</span> <span class='ocrx_word' id='word_1_118' title='bbox 461 1099 504 1134; x_wconf 89' lang='lat' dir='ltr'>et</span> <span class='ocrx_word' id='word_1_119' title='bbox 525 1088 733 1149; x_wconf 82' lang='lat' dir='ltr'>friguerat</span> <span class='ocrx_word' id='word_1_120' title='bbox 756 1106 778 1134; x_wconf 91' lang='lat' dir='ltr'>a</span> <span class='ocrx_word' id='word_1_121' title='bbox 812 1089 980 1133; x_wconf 82' lang='lat' dir='ltr'>fervore</span> <span class='ocrx_word' id='word_1_122' title='bbox 1011 1088 1214 1132; x_wconf 86' lang='lat' dir='ltr'>orationis</span> <span class='ocrx_word' id='word_1_123' title='bbox 1231 1122 1241 1142; x_wconf 84' lang='lat'>,</span> <span class='ocrx_word' id='word_1_124' title='bbox 1269 1096 1311 1131; x_wconf 85' lang='lat' dir='ltr'>et</span> <span class='ocrx_word' id='word_1_125' title='bbox 1333 1088 1440 1132; x_wconf 75' lang='lat' dir='ltr'>dixit</span> <span class='ocrx_word' id='word_1_126' title='bbox 1459 1107 1468 1133; x_wconf 78' lang='lat' dir='ltr'>z</span> 
     </span>
     <span class='ocr_line' id='line_1_14' title="bbox 86 1158 1472 1214; baseline 0.001 -13"><span class='ocrx_word' id='word_1_127' title='bbox 86 1177 107 1201; x_wconf 93' lang='lat'>«</span> <span class='ocrx_word' id='word_1_128' title='bbox 144 1159 484 1205; x_wconf 89' lang='lat' dir='ltr'>Tribulationem</span> <span class='ocrx_word' id='word_1_129' title='bbox 508 1170 550 1204; x_wconf 89' lang='lat' dir='ltr'>ct</span> <span class='ocrx_word' id='word_1_130' title='bbox 567 1160 763 1204; x_wconf 88' lang='lat' dir='ltr'>dolorem</span> <span class='ocrx_word' id='word_1_131' title='bbox 779 1160 925 1204; x_wconf 87' lang='lat' dir='ltr'>inveni</span> <span class='ocrx_word' id='word_1_132' title='bbox 943 1195 953 1214; x_wconf 89' lang='lat'>‚</span> <span class='ocrx_word' id='word_1_133' title='bbox 980 1168 1022 1203; x_wconf 92' lang='lat' dir='ltr'>et</span> <span class='ocrx_word' id='word_1_134' title='bbox 1040 1174 1200 1203; x_wconf 81' lang='lat' dir='ltr'>nomen</span> <span class='ocrx_word' id='word_1_135' title='bbox 1219 1158 1389 1202; x_wconf 85' lang='lat' dir='ltr'>Domini</span> <span class='ocrx_word' id='word_1_136' title='bbox 1411 1159 1472 1202; x_wconf 89' lang='lat' dir='ltr'>in-</span> 
     </span>
     <span class='ocr_line' id='line_1_15' title="bbox 85 1227 1468 1288; baseline 0.001 -18"><span class='ocrx_word' id='word_1_137' title='bbox 85 1247 106 1270; x_wconf 83' lang='lat'>»</span> <span class='ocrx_word' id='word_1_138' title='bbox 140 1230 330 1274; x_wconf 72' lang='lat' dir='ltr'>vocavi2.</span> <span class='ocrx_word' id='word_1_139' title='bbox 352 1231 560 1275; x_wconf 88' lang='lat' dir='ltr'>»Invenit</span> <span class='ocrx_word' id='word_1_140' title='bbox 584 1229 910 1274; x_wconf 83' lang='lat' dir='ltr'>tribulationem</span> <span class='ocrx_word' id='word_1_141' title='bbox 930 1239 1137 1288; x_wconf 84' lang='lat' dir='ltr'>tanquam</span> <span class='ocrx_word' id='word_1_142' title='bbox 1160 1227 1325 1288; x_wconf 84' lang='lat' dir='ltr'>aliquid</span> <span class='ocrx_word' id='word_1_143' title='bbox 1349 1228 1468 1283; x_wconf 84' lang='lat' dir='ltr'>utile,</span> 
     </span>
     <span class='ocr_line' id='line_1_16' title="bbox 81 1299 1473 1360; baseline -0.001 -17"><span class='ocrx_word' id='word_1_144' title='bbox 81 1308 309 1359; x_wconf 88' lang='lat' dir='ltr'>putruerat</span> <span class='ocrx_word' id='word_1_145' title='bbox 322 1300 421 1348; x_wconf 88' lang='lat' dir='ltr'>tabe</span> <span class='ocrx_word' id='word_1_146' title='bbox 434 1309 714 1360; x_wconf 88' lang='lat' dir='ltr'>peccatorum</span> <span class='ocrx_word' id='word_1_147' title='bbox 733 1315 926 1354; x_wconf 85' lang='lat' dir='ltr'>suorum,</span> <span class='ocrx_word' id='word_1_148' title='bbox 944 1300 1033 1359; x_wconf 86' lang='lat' dir='ltr'>jam</span> <span class='ocrx_word' id='word_1_149' title='bbox 1053 1299 1142 1342; x_wconf 88' lang='lat' dir='ltr'>sine</span> <span class='ocrx_word' id='word_1_150' title='bbox 1164 1314 1291 1342; x_wconf 88' lang='lat' dir='ltr'>sensu</span> <span class='ocrx_word' id='word_1_151' title='bbox 1306 1313 1473 1342; x_wconf 84' lang='lat' dir='ltr'>reman-</span> 
     </span>
     <span class='ocr_line' id='line_1_17' title="bbox 83 1369 1472 1430; baseline -0.001 -16"><span class='ocrx_word' id='word_1_152' title='bbox 83 1379 222 1426; x_wconf 82' lang='lat' dir='ltr'>serat,</span> <span class='ocrx_word' id='word_1_153' title='bbox 247 1371 413 1415; x_wconf 87' lang='lat' dir='ltr'>invenit</span> <span class='ocrx_word' id='word_1_154' title='bbox 446 1369 773 1414; x_wconf 85' lang='lat' dir='ltr'>tribulationem</span> <span class='ocrx_word' id='word_1_155' title='bbox 810 1380 1021 1430; x_wconf 81' lang='lat' dir='ltr'>tanquam</span> <span class='ocrx_word' id='word_1_156' title='bbox 1053 1369 1269 1412; x_wconf 86' lang='lat' dir='ltr'>ustionem</span> <span class='ocrx_word' id='word_1_157' title='bbox 1302 1378 1344 1412; x_wconf 86' lang='lat' dir='ltr'>et</span> <span class='ocrx_word' id='word_1_158' title='bbox 1378 1384 1472 1413; x_wconf 86' lang='lat' dir='ltr'>sec-</span> 
     </span>
     <span class='ocr_line' id='line_1_18' title="bbox 82 1439 1472 1501; baseline -0.001 -16"><span class='ocrx_word' id='word_1_159' title='bbox 82 1442 261 1485; x_wconf 87' lang='lat' dir='ltr'>tionem.</span> <span class='ocrx_word' id='word_1_160' title='bbox 296 1441 516 1495; x_wconf 81' lang='lat' dir='ltr'>«Inveni,</span> <span class='ocrx_word' id='word_1_161' title='bbox 549 1442 716 1501; x_wconf 82' lang='lat' dir='ltr'>inquit,</span> <span class='ocrx_word' id='word_1_162' title='bbox 752 1441 1079 1485; x_wconf 87' lang='lat' dir='ltr'>tribulationem</span> <span class='ocrx_word' id='word_1_163' title='bbox 1111 1448 1155 1483; x_wconf 90' lang='lat' dir='ltr'>et</span> <span class='ocrx_word' id='word_1_164' title='bbox 1183 1439 1402 1494; x_wconf 80' lang='lat' dir='ltr'>dolorem,</span> <span class='ocrx_word' id='word_1_165' title='bbox 1428 1449 1472 1484; x_wconf 86' lang='lat' dir='ltr'>et</span> 
     </span>
     <span class='ocr_line' id='line_1_19' title="bbox 85 1509 1473 1571; baseline 0.001 -17"><span class='ocrx_word' id='word_1_166' title='bbox 85 1530 105 1554; x_wconf 86' lang='lat'>»</span> <span class='ocrx_word' id='word_1_167' title='bbox 141 1527 301 1556; x_wconf 90' lang='lat' dir='ltr'>nomen</span> <span class='ocrx_word' id='word_1_168' title='bbox 336 1512 508 1556; x_wconf 89' lang='lat' dir='ltr'>Domini</span> <span class='ocrx_word' id='word_1_169' title='bbox 534 1512 746 1556; x_wconf 87' lang='lat' dir='ltr'>invocavi.</span> <span class='ocrx_word' id='word_1_170' title='bbox 777 1531 796 1553; x_wconf 70' lang='lat' dir='ltr'>n</span> <span class='ocrx_word' id='word_1_171' title='bbox 837 1515 894 1555; x_wconf 90' lang='lat' dir='ltr'>Et</span> <span class='ocrx_word' id='word_1_172' title='bbox 926 1510 1128 1571; x_wconf 78' lang='lat' dir='ltr'>quidem,</span> <span class='ocrx_word' id='word_1_173' title='bbox 1164 1509 1342 1565; x_wconf 84' lang='lat' dir='ltr'>fratres,</span> <span class='ocrx_word' id='word_1_174' title='bbox 1372 1520 1473 1556; x_wconf 88' lang='lat' dir='ltr'>sunt</span> 
     </span>
     <span class='ocr_line' id='line_1_20' title="bbox 83 1579 1472 1640; baseline 0 -15"><span class='ocrx_word' id='word_1_175' title='bbox 83 1581 386 1626; x_wconf 88' lang='lat' dir='ltr'>tribulationes</span> <span class='ocrx_word' id='word_1_176' title='bbox 421 1582 624 1635; x_wconf 74' lang='lat' dir='ltr'>omnibus</span> <span class='ocrx_word' id='word_1_177' title='bbox 647 1591 780 1626; x_wconf 85' lang='lat' dir='ltr'>notae.</span> <span class='ocrx_word' id='word_1_178' title='bbox 804 1585 917 1626; x_wconf 87' lang='lat' dir='ltr'>Ecce</span> <span class='ocrx_word' id='word_1_179' title='bbox 940 1582 1031 1625; x_wconf 81' lang='lat' dir='ltr'>istae</span> <span class='ocrx_word' id='word_1_180' title='bbox 1053 1597 1152 1640; x_wconf 64' lang='lat' dir='ltr'>quse</span> <span class='ocrx_word' id='word_1_181' title='bbox 1174 1579 1402 1625; x_wconf 89' lang='lat' dir='ltr'>abundant</span> <span class='ocrx_word' id='word_1_182' title='bbox 1426 1582 1472 1625; x_wconf 91' lang='lat' dir='ltr'>in</span> 
     </span>
     <span class='ocr_line' id='line_1_21' title="bbox 85 1651 1472 1711; baseline -0.001 -15"><span class='ocrx_word' id='word_1_183' title='bbox 85 1668 241 1711; x_wconf 86' lang='lat' dir='ltr'>genere</span> <span class='ocrx_word' id='word_1_184' title='bbox 262 1653 481 1711; x_wconf 83' lang='lat' dir='ltr'>humano3</span> <span class='ocrx_word' id='word_1_185' title='bbox 503 1653 609 1697; x_wconf 89' lang='lat' dir='ltr'>alius</span> <span class='ocrx_word' id='word_1_186' title='bbox 632 1653 792 1697; x_wconf 84' lang='lat' dir='ltr'>damno</span> <span class='ocrx_word' id='word_1_187' title='bbox 810 1654 992 1697; x_wconf 65' lang='lat' dir='ltr'>aflectus</span> <span class='ocrx_word' id='word_1_188' title='bbox 1009 1651 1200 1711; x_wconf 74' lang='lat' dir='ltr'>plangit3</span> <span class='ocrx_word' id='word_1_189' title='bbox 1222 1651 1330 1695; x_wconf 89' lang='lat' dir='ltr'>alius</span> <span class='ocrx_word' id='word_1_190' title='bbox 1352 1652 1472 1696; x_wconf 91' lang='lat' dir='ltr'>orbi-</span> 
     </span>
     <span class='ocr_line' id='line_1_22' title="bbox 83 1721 1472 1782; baseline 0 -16"><span class='ocrx_word' id='word_1_191' title='bbox 83 1731 172 1767; x_wconf 86' lang='lat' dir='ltr'>tate</span> <span class='ocrx_word' id='word_1_192' title='bbox 183 1738 409 1782; x_wconf 88' lang='lat' dir='ltr'>percussus</span> <span class='ocrx_word' id='word_1_193' title='bbox 426 1723 548 1782; x_wconf 85' lang='lat' dir='ltr'>luget</span> <span class='ocrx_word' id='word_1_194' title='bbox 563 1745 573 1780; x_wconf 80' lang='lat'>3</span> <span class='ocrx_word' id='word_1_195' title='bbox 590 1722 696 1767; x_wconf 89' lang='lat' dir='ltr'>alius</span> <span class='ocrx_word' id='word_1_196' title='bbox 715 1723 850 1782; x_wconf 88' lang='lat' dir='ltr'>patria</span> <span class='ocrx_word' id='word_1_197' title='bbox 870 1722 1067 1766; x_wconf 74' lang='lat' dir='ltr'>exulatus</span> <span class='ocrx_word' id='word_1_198' title='bbox 1086 1733 1253 1776; x_wconf 80' lang='lat' dir='ltr'>moeret,</span> <span class='ocrx_word' id='word_1_199' title='bbox 1272 1731 1314 1765; x_wconf 90' lang='lat' dir='ltr'>et</span> <span class='ocrx_word' id='word_1_200' title='bbox 1333 1721 1472 1766; x_wconf 89' lang='lat' dir='ltr'>redire</span> 
     </span>
     <span class='ocr_line' id='line_1_23' title="bbox 34 1792 1470 1853; baseline -0.001 -16"><span class='ocrx_word' id='word_1_201' title='bbox 34 1827 36 1829; x_wconf 88' lang='lat'>-</span> <span class='ocrx_word' id='word_1_202' title='bbox 82 1793 224 1853; x_wconf 86' lang='lat' dir='ltr'>cupit,</span> <span class='ocrx_word' id='word_1_203' title='bbox 240 1793 558 1837; x_wconf 88' lang='lat' dir='ltr'>intolerabilem</span> <span class='ocrx_word' id='word_1_204' title='bbox 579 1794 970 1853; x_wconf 82' lang='lat' dir='ltr'>peregrinationem</span> <span class='ocrx_word' id='word_1_205' title='bbox 989 1792 1233 1851; x_wconf 70' lang='lat' dir='ltr'>deputans·⁷</span> <span class='ocrx_word' id='word_1_206' title='bbox 1258 1792 1381 1835; x_wconf 89' lang='lat' dir='ltr'>alteri</span> <span class='ocrx_word' id='word_1_207' title='bbox 1404 1794 1470 1836; x_wconf 85' lang='lat' dir='ltr'>vi-</span> 
     </span>
     <span class='ocr_line' id='line_1_24' title="bbox 82 1862 1472 1922; baseline -0.001 -15"><span class='ocrx_word' id='word_1_208' title='bbox 82 1878 162 1907; x_wconf 89' lang='lat' dir='ltr'>nea</span> <span class='ocrx_word' id='word_1_209' title='bbox 185 1863 440 1922; x_wconf 88' lang='lat' dir='ltr'>grandinata</span> <span class='ocrx_word' id='word_1_210' title='bbox 462 1872 547 1918; x_wconf 80' lang='lat' dir='ltr'>est,</span> <span class='ocrx_word' id='word_1_211' title='bbox 573 1863 760 1907; x_wconf 88' lang='lat' dir='ltr'>attendit</span> <span class='ocrx_word' id='word_1_212' title='bbox 787 1863 842 1907; x_wconf 88' lang='lat' dir='ltr'>ad</span> <span class='ocrx_word' id='word_1_213' title='bbox 861 1862 1031 1906; x_wconf 85' lang='lat' dir='ltr'>labores</span> <span class='ocrx_word' id='word_1_214' title='bbox 1053 1877 1174 1917; x_wconf 75' lang='lat' dir='ltr'>suos,</span> <span class='ocrx_word' id='word_1_215' title='bbox 1200 1871 1244 1906; x_wconf 91' lang='lat' dir='ltr'>et</span> <span class='ocrx_word' id='word_1_216' title='bbox 1264 1878 1472 1906; x_wconf 90' lang='lat' dir='ltr'>consum-</span> 
     </span>
     <span class='ocr_line' id='line_1_25' title="bbox 82 1932 1471 1994; baseline 0.001 -16"><span class='ocrx_word' id='word_1_217' title='bbox 82 1943 202 1994; x_wconf 90' lang='lat' dir='ltr'>ptam</span> <span class='ocrx_word' id='word_1_218' title='bbox 223 1949 397 1978; x_wconf 88' lang='lat' dir='ltr'>omnem</span> <span class='ocrx_word' id='word_1_219' title='bbox 416 1949 592 1993; x_wconf 87' lang='lat' dir='ltr'>operam</span> <span class='ocrx_word' id='word_1_220' title='bbox 613 1935 841 1978; x_wconf 87' lang='lat' dir='ltr'>incassum.</span> <span class='ocrx_word' id='word_1_221' title='bbox 865 1932 1048 1987; x_wconf 78' lang='lat' dir='ltr'>Quando</span> <span class='ocrx_word' id='word_1_222' title='bbox 1070 1933 1202 1977; x_wconf 84' lang='lat' dir='ltr'>bomo</span> <span class='ocrx_word' id='word_1_223' title='bbox 1222 1943 1364 1993; x_wconf 87' lang='lat' dir='ltr'>potest</span> <span class='ocrx_word' id='word_1_224' title='bbox 1382 1950 1471 1979; x_wconf 91' lang='lat' dir='ltr'>non</span> 
     </span>
     <span class='ocr_line' id='line_1_26' title="bbox 83 2004 1472 2065; baseline 0 -16"><span class='ocrx_word' id='word_1_225' title='bbox 83 2005 360 2050; x_wconf 78' lang='lat' dir='ltr'>contristari?</span> <span class='ocrx_word' id='word_1_226' title='bbox 383 2004 613 2049; x_wconf 88' lang='lat' dir='ltr'>Inimicum</span> <span class='ocrx_word' id='word_1_227' title='bbox 637 2006 800 2064; x_wconf 81' lang='lat' dir='ltr'>patitur</span> <span class='ocrx_word' id='word_1_228' title='bbox 834 2020 885 2048; x_wconf 83' lang='lat' dir='ltr'>ex</span> <span class='ocrx_word' id='word_1_229' title='bbox 919 2005 1072 2048; x_wconf 89' lang='lat' dir='ltr'>amico.</span> <span class='ocrx_word' id='word_1_230' title='bbox 1098 2007 1206 2057; x_wconf 84' lang='lat' dir='ltr'>Quae</span> <span class='ocrx_word' id='word_1_231' title='bbox 1229 2006 1367 2065; x_wconf 85' lang='lat' dir='ltr'>major</span> <span class='ocrx_word' id='word_1_232' title='bbox 1390 2006 1472 2049; x_wconf 88' lang='lat' dir='ltr'>mi-</span> 
     </span>
     <span class='ocr_line' id='line_1_27' title="bbox 83 2075 1468 2133; baseline 0.001 -14"><span class='ocrx_word' id='word_1_233' title='bbox 83 2076 188 2120; x_wconf 84' lang='lat' dir='ltr'>seria</span> <span class='ocrx_word' id='word_1_234' title='bbox 212 2076 256 2119; x_wconf 91' lang='lat' dir='ltr'>in</span> <span class='ocrx_word' id='word_1_235' title='bbox 281 2090 436 2133; x_wconf 83' lang='lat' dir='ltr'>genere</span> <span class='ocrx_word' id='word_1_236' title='bbox 458 2076 677 2120; x_wconf 84' lang='lat' dir='ltr'>humano?</span> <span class='ocrx_word' id='word_1_237' title='bbox 694 2075 915 2133; x_wconf 86' lang='lat' dir='ltr'>Plangunt</span> <span class='ocrx_word' id='word_1_238' title='bbox 932 2076 1025 2119; x_wconf 83' lang='lat' dir='ltr'>haec</span> <span class='ocrx_word' id='word_1_239' title='bbox 1048 2090 1214 2130; x_wconf 74' lang='lat' dir='ltr'>omnes,</span> <span class='ocrx_word' id='word_1_240' title='bbox 1236 2086 1278 2119; x_wconf 84' lang='lat' dir='ltr'>et</span> <span class='ocrx_word' id='word_1_241' title='bbox 1300 2075 1468 2132; x_wconf 83' lang='lat' dir='ltr'>dolent,</span> 
     </span>
     <span class='ocr_line' id='line_1_28' title="bbox 84 2144 1471 2191; baseline 0 -1"><span class='ocrx_word' id='word_1_242' title='bbox 84 2155 128 2190; x_wconf 91' lang='lat' dir='ltr'>et</span> <span class='ocrx_word' id='word_1_243' title='bbox 160 2144 459 2190; x_wconf 87' lang='lat' dir='ltr'>tribulationes</span> <span class='ocrx_word' id='word_1_244' title='bbox 487 2154 589 2190; x_wconf 88' lang='lat' dir='ltr'>sunt</span> <span class='ocrx_word' id='word_1_245' title='bbox 620 2146 712 2189; x_wconf 82' lang='lat' dir='ltr'>istae</span> <span class='ocrx_word' id='word_1_246' title='bbox 752 2165 760 2190; x_wconf 76' lang='grc' dir='ltr'>ε</span> <span class='ocrx_word' id='word_1_247' title='bbox 793 2154 837 2189; x_wconf 86' lang='lat' dir='ltr'>et</span> <span class='ocrx_word' id='word_1_248' title='bbox 863 2145 907 2188; x_wconf 92' lang='lat' dir='ltr'>in</span> <span class='ocrx_word' id='word_1_249' title='bbox 937 2146 1001 2189; x_wconf 88' lang='lat' dir='ltr'>his</span> <span class='ocrx_word' id='word_1_250' title='bbox 1031 2145 1236 2189; x_wconf 89' lang='lat' dir='ltr'>omnibus</span> <span class='ocrx_word' id='word_1_251' title='bbox 1267 2147 1471 2191; x_wconf 84' lang='lat' dir='ltr'>invocant</span> 
     </span>
     <span class='ocr_line' id='line_1_29' title="bbox 85 2216 1471 2276; baseline -0.001 -14"><span class='ocrx_word' id='word_1_252' title='bbox 85 2217 319 2262; x_wconf 88' lang='lat' dir='ltr'>Dominum</span> <span class='ocrx_word' id='word_1_253' title='bbox 335 2252 345 2271; x_wconf 86' lang='lat'><strong>‚</strong></span> <span class='ocrx_word' id='word_1_254' title='bbox 371 2226 415 2261; x_wconf 86' lang='lat' dir='ltr'>et</span> <span class='ocrx_word' id='word_1_255' title='bbox 436 2225 551 2261; x_wconf 86' lang='lat' dir='ltr'>recte</span> <span class='ocrx_word' id='word_1_256' title='bbox 581 2216 762 2260; x_wconf 71' lang='lat' dir='ltr'>iaciunt.</span> <span class='ocrx_word' id='word_1_257' title='bbox 805 2220 1014 2274; x_wconf 86' lang='lat' dir='ltr'>Invocent</span> <span class='ocrx_word' id='word_1_258' title='bbox 1037 2220 1173 2260; x_wconf 89' lang='lat' dir='ltr'>Deum</span> <span class='ocrx_word' id='word_1_259' title='bbox 1194 2252 1204 2272; x_wconf 84' lang='lat'><em>‚</em></span> <span class='ocrx_word' id='word_1_260' title='bbox 1231 2226 1383 2276; x_wconf 86' lang='lat' dir='ltr'>potens</span> <span class='ocrx_word' id='word_1_261' title='bbox 1407 2227 1471 2261; x_wconf 89' lang='lat' dir='ltr'>est</span> 
     </span>
     <span class='ocr_line' id='line_1_30' title="bbox 85 2286 1471 2343; baseline 0 -10"><span class='ocrx_word' id='word_1_262' title='bbox 85 2288 156 2333; x_wconf 84' lang='lat' dir='ltr'>vel</span> <span class='ocrx_word' id='word_1_263' title='bbox 177 2289 333 2333; x_wconf 88' lang='lat' dir='ltr'>docere</span> <span class='ocrx_word' id='word_1_264' title='bbox 359 2286 635 2332; x_wconf 87' lang='lat' dir='ltr'>tolerandum</span> <span class='ocrx_word' id='word_1_265' title='bbox 653 2323 664 2343; x_wconf 86' lang='lat'><strong>‚</strong></span> <span class='ocrx_word' id='word_1_266' title='bbox 693 2288 764 2332; x_wconf 86' lang='lat' dir='ltr'>vel</span> <span class='ocrx_word' id='word_1_267' title='bbox 795 2303 945 2332; x_wconf 86' lang='lat' dir='ltr'>sanare</span> <span class='ocrx_word' id='word_1_268' title='bbox 967 2287 1215 2332; x_wconf 87' lang='lat' dir='ltr'>toleratum.</span> <span class='ocrx_word' id='word_1_269' title='bbox 1242 2289 1371 2333; x_wconf 91' lang='lat' dir='ltr'>Novit</span> <span class='ocrx_word' id='word_1_270' title='bbox 1396 2288 1471 2333; x_wconf 91' lang='lat' dir='ltr'>ille</span> 
     </span>
     <span class='ocr_line' id='line_1_31' title="bbox 86 2356 1469 2419; baseline 0.001 -17"><span class='ocrx_word' id='word_1_271' title='bbox 86 2374 176 2403; x_wconf 88' lang='lat' dir='ltr'>non</span> <span class='ocrx_word' id='word_1_272' title='bbox 194 2359 332 2403; x_wconf 88' lang='lat' dir='ltr'>sinere</span> <span class='ocrx_word' id='word_1_273' title='bbox 353 2360 509 2402; x_wconf 86' lang='lat' dir='ltr'>tentari</span> <span class='ocrx_word' id='word_1_274' title='bbox 530 2375 607 2402; x_wconf 92' lang='lat' dir='ltr'>nos</span> <span class='ocrx_word' id='word_1_275' title='bbox 635 2374 764 2418; x_wconf 86' lang='lat' dir='ltr'>supra</span> <span class='ocrx_word' id='word_1_276' title='bbox 794 2374 925 2419; x_wconf 83' lang='lat' dir='ltr'>quam</span> <span class='ocrx_word' id='word_1_277' title='bbox 950 2374 1175 2417; x_wconf 86' lang='lat' dir='ltr'>possumus</span> <span class='ocrx_word' id='word_1_278' title='bbox 1204 2356 1362 2402; x_wconf 79' lang='lat' dir='ltr'>ferre3.</span> <span class='ocrx_word' id='word_1_279' title='bbox 1393 2363 1469 2403; x_wconf 86' lang='lat' dir='ltr'>In-</span> 
     </span>
     <span class='ocr_line' id='line_1_32' title="bbox 87 2427 1469 2473; baseline 0.001 -1"><span class='ocrx_word' id='word_1_280' title='bbox 87 2443 290 2472; x_wconf 88' lang='lat' dir='ltr'>vocemus</span> <span class='ocrx_word' id='word_1_281' title='bbox 308 2431 448 2472; x_wconf 86' lang='lat' dir='ltr'>Deum</span> <span class='ocrx_word' id='word_1_282' title='bbox 465 2428 594 2471; x_wconf 86' lang='lat' dir='ltr'>etiam</span> <span class='ocrx_word' id='word_1_283' title='bbox 616 2429 661 2471; x_wconf 91' lang='lat' dir='ltr'>in</span> <span class='ocrx_word' id='word_1_284' title='bbox 682 2428 770 2472; x_wconf 88' lang='lat' dir='ltr'>istis</span> <span class='ocrx_word' id='word_1_285' title='bbox 793 2427 1148 2472; x_wconf 89' lang='lat' dir='ltr'>tribulationibus</span> <span class='ocrx_word' id='word_1_286' title='bbox 1168 2447 1177 2472; x_wconf 77' lang='lat' dir='ltr'>t</span> <span class='ocrx_word' id='word_1_287' title='bbox 1207 2428 1282 2472; x_wconf 80' lang='lat' dir='ltr'>sed</span> <span class='ocrx_word' id='word_1_288' title='bbox 1299 2429 1367 2472; x_wconf 81' lang='lat' dir='ltr'>hae</span> <span class='ocrx_word' id='word_1_289' title='bbox 1391 2430 1469 2473; x_wconf 89' lang='lat' dir='ltr'>tri-</span> 
     </span>
     <span class='ocr_line' id='line_1_33' title="bbox 88 2496 1469 2558; baseline 0.001 -18"><span class='ocrx_word' id='word_1_290' title='bbox 88 2496 330 2541; x_wconf 88' lang='lat' dir='ltr'>bulationes</span> <span class='ocrx_word' id='word_1_291' title='bbox 358 2497 588 2542; x_wconf 87' lang='lat' dir='ltr'>inveniunt</span> <span class='ocrx_word' id='word_1_292' title='bbox 611 2514 711 2553; x_wconf 88' lang='lat' dir='ltr'>nos,</span> <span class='ocrx_word' id='word_1_293' title='bbox 742 2498 851 2542; x_wconf 86' lang='lat' dir='ltr'>sicut</span> <span class='ocrx_word' id='word_1_294' title='bbox 883 2499 929 2540; x_wconf 89' lang='lat' dir='ltr'>in</span> <span class='ocrx_word' id='word_1_295' title='bbox 957 2497 1039 2541; x_wconf 90' lang='lat' dir='ltr'>alio</span> <span class='ocrx_word' id='word_1_296' title='bbox 1063 2498 1232 2543; x_wconf 87' lang='lat' dir='ltr'>Psalmo</span> <span class='ocrx_word' id='word_1_297' title='bbox 1260 2499 1469 2558; x_wconf 82' lang='lat' dir='ltr'>seriptum</span> 
     </span>
    </p>
   </div>
   <div class='ocr_carea' id='block_1_2' title="bbox 139 2579 1089 2623">
    <p class='ocr_par' dir='ltr' id='par_1_3' title="bbox 139 2579 1089 2623">
     <span class='ocr_line' id='line_1_34' title="bbox 139 2579 1089 2623; baseline 0.003 -12"><span class='ocrx_word' id='word_1_298' title='bbox 139 2587 146 2603; x_wconf 91' lang='lat'>¹</span> <span class='ocrx_word' id='word_1_299' title='bbox 173 2580 252 2612; x_wconf 75' lang='lat' dir='ltr'>rsat.</span> <span class='ocrx_word' id='word_1_300' title='bbox 274 2591 359 2622; x_wconf 77' lang='lat' dir='ltr'>xmx,</span> <span class='ocrx_word' id='word_1_301' title='bbox 382 2580 432 2612; x_wconf 85' lang='lat'>15.</span> <span class='ocrx_word' id='word_1_302' title='bbox 455 2598 495 2603; x_wconf 94' lang='lat'>—</span> <span class='ocrx_word' id='word_1_303' title='bbox 512 2588 524 2603; x_wconf 75' lang='lat'>&#39;²</span> <span class='ocrx_word' id='word_1_304' title='bbox 543 2581 688 2613; x_wconf 84' lang='lat' dir='ltr'>Id.cx1v.</span> <span class='ocrx_word' id='word_1_305' title='bbox 717 2581 747 2612; x_wconf 84' lang='lat'>3.</span> <span class='ocrx_word' id='word_1_306' title='bbox 770 2598 810 2603; x_wconf 82' lang='lat'><em>-</em></span> <span class='ocrx_word' id='word_1_307' title='bbox 827 2579 840 2603; x_wconf 77' lang='lat'>3</span> <span class='ocrx_word' id='word_1_308' title='bbox 860 2593 870 2613; x_wconf 95' lang='lat'>1</span> <span class='ocrx_word' id='word_1_309' title='bbox 892 2582 962 2612; x_wconf 81' lang='lat' dir='ltr'>Cor.</span> <span class='ocrx_word' id='word_1_310' title='bbox 986 2582 1089 2623; x_wconf 74' lang='lat' dir='ltr'>x,13.</span> 
     </span>
    </p>
   </div>
  </div>
 </body>
</html>
