1841 3223
373 262 615 290 ENARRATm
648 264 691 290 IN
726 262 929 290 PsALMUM
962 262 1132 289 xxxvn.
1370 249 1450 287 133

5 325 12 330 ¹
69 329 149 372 hac
169 328 214 372 in
232 329 343 373 lianc
365 329 426 372 ire
443 363 453 383 ,
479 337 523 371 ct
547 327 601 371 ab
623 327 695 371 illa
717 328 762 371 in
784 327 902 371 illam
925 327 1128 385 transire3
1152 335 1195 370 ct
1216 324 1452 386 aliquando
1472 366 1474 369 .

67 399 130 443 vis
152 398 291 442 redire
305 398 360 442 ad
377 398 422 442 id
443 398 563 458 quod
585 397 819 456 cogitabas,
837 407 880 441 et
897 397 1114 442 dimittere
1134 396 1252 441 unde
1269 397 1447 456 cogitas,

68 477 111 512 et
132 468 249 512 aliud
270 468 351 513 tibi
372 468 584 512 occurrit:
613 468 674 511 vis
702 466 915 511 recordari
937 466 1058 527 quod
1082 466 1243 512 oblitus
1266 482 1385 525 eras‘⁷
1407 475 1451 510 et

66 555 155 584 non
176 539 256 583 tibi
277 539 453 583 venitin
474 547 666 582 mentem
680 573 691 593 ,
718 547 761 582 et
781 538 902 582 venit
920 538 1064 597 potius
1087 537 1206 581 aliud
1228 537 1349 598 quod
1369 553 1451 582 no·-

64 609 196 653 lebas.
217 609 301 654 Ubi
323 618 415 654 erat
431 609 552 669 quod
569 608 729 653 oblitus
746 609 866 652 eras?
884 610 994 653 Nam
1012 623 1146 668 quare
1164 617 1311 667 postea
1328 608 1450 653 venit

63 680 109 723 in
126 689 338 735 mentem,
363 695 465 725 cum
480 680 571 740 jam
594 695 684 723 non
706 681 1004 739 quaereretur?
1025 681 1140 724 Cum
1162 687 1308 723 autem
1326 695 1450 739 quae-

64 759 245 804 reretur,
270 759 554 795 occurrerunt
569 765 648 809 pro
664 749 739 794 illo
761 748 1094 793 innumerabilia
1110 765 1210 810 quae
1223 765 1313 794 non
1329 765 1448 810 quae-

61 821 282 866 rebantur.
309 824 420 865 Rem
440 821 529 864 dixi
551 820 728 865 brevem
746 855 756 875 ,
783 818 933 864 fratres
952 839 961 864 :
994 820 1150 880 aspersi
1172 821 1315 865 nescio
1338 820 1447 881 quid

60 892 202 946 vobis,
227 908 316 952 quo
340 901 516 952 accepto
543 900 700 936 caetera
724 907 799 935 vos
825 891 907 950 ipsi
929 891 1188 949 cogitantes,
1219 891 1448 936 inveniatis

60 961 166 1022 quid
188 962 242 1006 sit
270 961 473 1021 plangere
500 960 720 1005 illusiones
751 961 906 1006 animae
931 970 1106 1005 nostrae.
1133 961 1314 1021 Accepit
1344 977 1447 1021 ergo

58 1047 234 1092 poenam
256 1031 490 1087 illusionis,
511 1032 652 1075 amisit
671 1031 913 1075 veritatem.
951 1032 1071 1076 Sicut
1093 1032 1208 1076 enim
1231 1048 1361 1092 poena
1382 1042 1446 1077 est

61 1103 214 1147 animae
231 1102 388 1159 illusio,
407 1103 465 1147 sic
485 1102 712 1162 praemium
731 1103 886 1146 animae
899 1103 1068 1147 veritas.
1094 1103 1178 1148 Sed
1194 1103 1239 1147 in
1256 1103 1322 1148 his
1343 1102 1448 1148 illu-

59 1174 251 1218 sionibus
265 1173 488 1219 constituti
502 1189 602 1218 cum
619 1188 823 1227 essemus,
841 1173 959 1217 venit
973 1172 1026 1217 ad
1040 1189 1117 1217 nos
1134 1174 1304 1230 veritas,
1323 1183 1366 1219 et
1378 1175 1448 1218 in-

59 1244 177 1289 vcnit
194 1260 272 1289 nos
287 1253 513 1304 coopertos
529 1243 819 1298 illusionibus,
836 1244 1023 1304 suscepit
1039 1259 1215 1289 carnem
1234 1254 1444 1301 nostram,

57 1313 127 1359 vel
138 1314 281 1373 potius
293 1330 316 1358 a
331 1313 473 1368 nobis,
484 1314 532 1358 id
545 1323 624 1368 est,
640 1330 663 1357 a
679 1329 835 1372 genere
849 1314 1057 1359 humano.
1074 1315 1288 1374 Apparuit
1309 1314 1447 1362 oculis

58 1385 219 1441 carnis,
243 1394 294 1429 ut
314 1400 390 1445 per
413 1384 545 1429 fidem
573 1394 743 1429 sanaret
770 1400 842 1429 eos
864 1385 1023 1445 quibus
1051 1385 1279 1430 veritatem
1302 1385 1448 1430 fuerat

56 1464 395 1500 monstraturus:
411 1463 460 1499 ut
472 1463 621 1499 sanato
634 1455 762 1499 oculo
775 1455 929 1499 veritas
941 1465 1194 1514 patesceret.
1213 1458 1310 1515 Ipse
1328 1456 1445 1499 enim

56 1534 120 1569 est
130 1525 302 1580 veritas,
315 1541 446 1586 quam
459 1525 583 1570 nobis
594 1525 805 1585 promisit,
818 1541 918 1569 cum
931 1541 1030 1570 caro
1044 1527 1133 1586 ejus
1146 1525 1382 1582 videretur,
1394 1535 1445 1570 ut

56 1594 162 1639 fides
175 1595 469 1651 inchoaretur,
481 1596 603 1655 cujus
616 1596 844 1655 praemium
860 1596 1016 1640 veritas
1027 1605 1150 1640 esset.
1163 1599 1262 1641 Non
1273 1598 1389 1640 enim
1402 1612 1447 1641 se

55 1666 146 1726 ipse
159 1667 354 1711 Christus
376 1666 691 1711 demonstravit
714 1666 756 1710 in
773 1675 903 1721 terra,
925 1667 997 1711 sed
1018 1666 1331 1712 demonstravit
1352 1683 1446 1712 car-

55 1751 155 1781 nem
169 1752 307 1780 suam.
325 1738 434 1782 Nam
450 1736 484 1780 si
497 1736 542 1779 in
555 1751 599 1780 se
612 1736 756 1795 ipsum
768 1735 1100 1791 demonstraret,
1114 1736 1311 1781 viderent
1323 1737 1448 1781 illum

16 1800 18 1803 ’
56 1805 199 1850 Judaei
232 1815 275 1850 et
303 1815 644 1865 cognoscerent:
676 1806 750 1850 sed
785 1806 818 1850 si
856 1807 1186 1865 cognovissent,
1217 1823 1445 1868 nunquam

57 1876 291 1920 Dominum
311 1876 459 1935 gloriae
482 1876 795 1921 crucifixissent
808 1879 838 1922 ¹.
864 1876 947 1921 Sed
967 1876 1079 1921 forte
1094 1877 1303 1938 Discipuli
1324 1877 1448 1923 vide-

57 1955 183 2001 runt,
214 1946 391 2007 quando
418 1946 481 1991 illi
503 1946 707 1991 dicebant
733 1964 741 1988 :
775 1947 1005 1992 «Ostende
1027 1948 1152 1993 nobis
1176 1952 1349 1993 Patrem
1366 1984 1376 2000 ,
1403 1958 1447 1994 et

59 2036 79 2058 »
114 2018 276 2062 sufficit
300 2018 472 2063 nobis2.
496 2036 516 2059 »
550 2021 608 2063 Et
633 2017 706 2062 ille
736 2028 786 2063 ut
813 2019 868 2063 ab
904 2020 962 2064 eis
987 2035 1031 2063 se
1066 2036 1155 2064 non
1183 2021 1323 2065 visum
1357 2037 1446 2066 esse

55 2096 336 2143 monstraret,
359 2087 544 2148 subjecit
565 2107 573 2132 :
599 2107 618 2130 (t
641 2091 780 2133 Tanto
796 2098 992 2149 tempore
1007 2090 1234 2135 vobiscum
1257 2108 1352 2136 sum
1366 2128 1376 2148 ,
1403 2102 1446 2138 et

59 2176 79 2200 »
113 2173 202 2202 non
229 2158 488 2216 cognovistis
517 2160 617 2202 me?
645 2158 868 2219 Philippe,
896 2161 972 2220 qui
996 2176 1066 2205 me
1088 2160 1228 2218 videt,
1262 2163 1380 2207 videt
1403 2173 1447 2208 et

59 2246 78 2270 n
114 2230 330 2272 Patremss.
351 2246 370 2269 n
399 2228 442 2273 Si
459 2244 562 2287 ergo
579 2229 800 2274 Christum
815 2229 1041 2285 videbant,
1059 2233 1282 2291 quomodo
1301 2233 1445 2278 adhuc

56 2301 228 2342 Patrem
250 2299 535 2358 quaerebant?
560 2299 603 2344 Si
618 2300 734 2343 enim
756 2300 954 2344 viderent
973 2301 1192 2346 Christum
1209 2338 1219 2357 ,
1246 2302 1446 2349 viderent

56 2377 98 2412 et
114 2371 301 2413 Patrem.
321 2368 527 2414 Nondum
545 2370 693 2430 itaque
707 2370 928 2415 Christum
946 2370 1169 2427 videbant,
1184 2373 1258 2432 qui
1274 2376 1447 2418 Patrem

53 2437 133 2481 sibi
155 2438 323 2483 ostendi
350 2440 602 2499 cupiebant.
632 2439 749 2484 Audi
771 2441 874 2500 quia
897 2440 1096 2485 nondum
1129 2441 1361 2488 videbant:
1390 2447 1444 2488 In

56 2508 235 2566 praemio
252 2508 362 2553 illud
378 2509 576 2569 promisit
592 2509 676 2554 alio
697 2510 818 2565 loco,
842 2509 989 2555 dicens
1008 2531 1016 2556 ;
1047 2531 1066 2553 «
1085 2512 1169 2565 Qui
1191 2511 1331 2570 diligit
1352 2529 1438 2568 me,

105 2599 112 2614 ¹
138 2604 149 2624 1
171 2595 241 2625 Cor.
263 2605 296 2634 u,
312 2594 343 2625 8.
365 2611 405 2617 ——-
426 2602 439 2617 ²
462 2597 551 2626 Joan.
568 2606 632 2631 xiv,
653 2594 684 2626 8.
704 2612 745 2617 —-
766 2594 777 2618 3
797 2595 875 2627 ibid.
897 2607 928 2637 9.
