1841 3223
349 181 432 221 540
775 196 808 222 s.
845 191 1076 222 Aucus‘rrm
1108 196 1292 223 EPISCOPI

352 279 370 300 »
405 260 611 318 sperabo,
640 260 838 303 Domine.
861 277 881 300 »
908 260 1064 305 Merito
1087 269 1231 304 autem
1254 259 1317 304 illi
1341 275 1428 305 non
1447 260 1742 306 dimidiabunt

347 329 436 373 dics
463 345 561 373 suos
577 364 588 384 ,
609 331 710 390 quia
734 330 778 373 in
802 331 980 374 homine
1002 340 1300 391 speraverunt.
1327 333 1422 389 Ego
1440 340 1585 375 autem
1604 348 1626 375 a
1650 330 1743 375 dic-

347 400 427 443 bus
448 401 757 460 temporalibus
779 402 958 460 perveni
977 401 1030 446 ad
1050 402 1167 446 diem
1189 410 1412 446 aeternam.
1441 404 1608 455 Quare?
1631 403 1741 456 Quia

346 470 391 514 in
414 479 455 513 tc
475 471 665 530 speravi,
684 471 882 517 Domine.

345 628 385 645 νὶἱ
390 628 740 646 ΛΜΛἋΦΑΑΜΝΙΜΝΙΜΛ
745 631 1022 647 νννΙιἋΙἋὼἏΝἋΜ
1031 631 1742 648 mmmmmwssmmmmwmm

852 751 1234 800 ENARRA'J'NJ

764 890 827 929 IN
877 889 1189 930 PSALMUM
1232 890 1325 930 LV.

621 1034 771 1078 Sermo
798 1031 852 1076 ad
875 1031 1049 1092 plebem
1072 1032 1465 1093 carthaginensem.

404 1171 440 1212 I.
478 1170 605 1214 Sich
637 1167 828 1228 aliquam
860 1168 1042 1213 domum
1075 1168 1278 1212 intraturi
1301 1170 1332 1224 1,
1368 1168 1491 1229 cujus
1526 1168 1580 1212 sit
1607 1176 1650 1212 ct
1686 1166 1742 1212 ad

343 1255 475 1300 quem
502 1242 738 1300 pertineat,
762 1240 807 1284 in
831 1240 959 1285 titulo
980 1240 1252 1300 inspicimus,
1276 1255 1331 1284 nc.
1353 1240 1466 1284 forte
1492 1241 1742 1299 importune

343 1312 558 1355 irruamus
575 1327 665 1372 quo
693 1327 782 1356 non
807 1320 1005 1372 oportet,
1024 1326 1166 1370 neque
1186 1326 1333 1354 rursus
1357 1310 1592 1354 timiditate
1614 1325 1741 1354 revo-

341 1397 493 1425 cemur
516 1382 570 1425 ab
594 1397 644 1426 eo
666 1398 754 1442 quo
777 1390 950 1441 oportet
972 1381 1133 1425 intrare
1162 1400 1170 1426 :
1198 1390 1406 1441 tanquam
1431 1395 1533 1438 crgo
1556 1380 1590 1424 si
1618 1379 1741 1439 lege-

342 1469 486 1497 remus
513 1472 521 1497 :
549 1456 653 1497 llaec
675 1453 836 1513 praedia
867 1452 981 1496 illius
1010 1462 1086 1496 aut
1108 1452 1246 1509 illius,
1271 1453 1331 1497 ita
1353 1453 1398 1496 in
1421 1451 1743 1512 superliminari

343 1523 502 1568 Psalmi
529 1524 657 1583 hujus
689 1523 899 1567 habemus
931 1522 1188 1582 inscriptum
1226 1542 1234 1567 :
1271 1542 1290 1565 «
1309 1526 1361 1566 In
1382 1523 1538 1577 finem,
1564 1538 1644 1582 pro
1666 1538 1742 1582 po-

345 1614 365 1636 »
400 1594 508 1654 pulo
530 1595 605 1654 qui
630 1610 653 1637 a
675 1594 833 1638 sanctis
856 1593 987 1653 longe
1011 1593 1149 1638 factus
1168 1602 1230 1637 cst
1246 1629 1256 1648 ,
1282 1593 1362 1653 ipsi
1386 1593 1526 1638 David
1547 1594 1592 1637 in
1627 1592 1741 1638 tituli

346 1684 366 1707 »
402 1666 746 1725 inscriptionem,
762 1680 862 1710 cum
877 1674 1116 1708 tenuerunt
1133 1680 1233 1708 cum
1248 1663 1473 1724 Allophyli
1488 1664 1533 1707 in
1546 1664 1701 1708 Geth‘2.
1717 1682 1737 1704 »

340 1741 638 1797 Agnoscamus
663 1753 765 1797 ergo
788 1737 1020 1797 populum,
1041 1737 1163 1789 «Qui
1184 1736 1315 1794 longe
1338 1735 1478 1778 factus
1498 1743 1562 1778 cst
1579 1750 1603 1778 a
1623 1750 1743 1779 sanc-

347 1829 364 1850 »
402 1810 454 1852 tis
486 1810 531 1852 in
566 1808 681 1852 tituli
710 1808 1052 1868 inscriptionem.
1079 1825 1098 1847 »
1127 1807 1322 1850 Pertinet
1348 1807 1433 1850 hoc
1456 1806 1572 1849 enim
1595 1805 1651 1850 ad
1675 1806 1742 1865 ip-

341 1895 435 1924 sum
460 1880 621 1931 David,
650 1895 782 1939 quem
799 1880 891 1939 jam.
917 1879 1050 1922 nostis
1085 1877 1330 1935 intelligere
1358 1875 1621 1936 spiritaliter.
1657 1879 1742 1922 Nc-

339 1966 426 2010 quc
447 1950 562 1994 enim
581 1950 914 1994 commendatur
931 1948 1056 1993 nobis
1072 1948 1152 1991 nisi
1166 1947 1237 1991 ille
1260 1947 1314 1991 dc
1331 1963 1420 2008 quo
1438 1947 1607 1991 dictum
1633 1957 1698 1992 cst
1728 1966 1738 1992 ι

345 2041 365 2064 «
402 2022 520 2066 Finis
561 2021 683 2079 Legis
726 2020 923 2065 Christus
963 2020 1018 2065 ad
1045 2019 1256 2080 justitiam
1296 2019 1417 2063 omni
1461 2019 1654 2064 credenti
1669 2021 1700 2063 3.
1715 2037 1736 2060 »

341 2097 480 2153 Ergo,
511 2097 593 2137 «In
615 2094 747 2137 finem
763 2128 774 2149 ,
794 2110 814 2134 »
844 2107 943 2136 cum
965 2091 1087 2135 audis
1105 2127 1116 2147 ,
1141 2091 1186 2135 in
1203 2091 1428 2136 Christum
1451 2090 1632 2134 intende
1647 2126 1658 2146 ,
1684 2106 1740 2135 ne

340 2166 385 2210 in
409 2166 477 2210 via
497 2165 764 2209 remanendo
787 2180 875 2208 non
891 2162 1115 2223 pervenias
1129 2162 1183 2207 ad
1198 2162 1346 2206 finem.
1370 2161 1599 2222 Quidquid
1623 2160 1740 2205 enim

339 2245 423 2291 est,
462 2236 539 2280 ubi
566 2234 678 2279 infra
705 2235 898 2289 steteris,
930 2243 1166 2293 antequam
1189 2232 1244 2277 ad
1266 2233 1489 2278 Christum
1514 2232 1738 2292 pervenias

340 2307 450 2351 nihil
477 2307 553 2351 tibi
577 2306 699 2350 aliud
723 2306 893 2350 divinus
916 2320 1056 2349 sermo
1089 2304 1219 2359 dicit,
1257 2302 1365 2348 nisi:
1391 2303 1564 2348 Accede
1583 2338 1593 2358 ,
1625 2318 1739 2347 non-

340 2379 447 2422 dum
470 2389 534 2423 est
555 2378 677 2423 locus
698 2378 776 2422 ubi
794 2377 998 2422 securitas
1013 2376 1081 2420 sit.
1104 2379 1180 2420 Est
1197 2376 1378 2436 quidam
1398 2374 1523 2419 locus
1546 2374 1623 2418 ubi
1643 2384 1736 2418 sta-

386 2493 395 2508 ¹
416 2486 493 2517 Vide
511 2488 548 2517 D.
574 2485 699 2518 Guillon
713 2510 722 2527 ,
742 2488 819 2516 tom.
840 2495 909 2526 xx1,
930 2495 1001 2526 pag.
1031 2482 1190 2525 518-524.
1215 2500 1255 2506 —-
1277 2490 1289 2506 ²
1310 2483 1394 2515 Psal.
1413 2494 1475 2524 tv,
1504 2493 1534 2523 1,
1560 2487 1590 2514 et
1612 2493 1623 2513 1
1655 2483 1732 2522 ch.

332 2554 375 2583 xi,
400 2554 449 2574 ιι).
483 2560 524 2564 -
554 2540 566 2564 3
594 2545 675 2574 Rom
705 2552 739 2581 x,
761 2541 796 2582 4.
