1841 3223
4 2935 11 3024 *⁷7⁴
4 2899 9 2910 -
4 2856 6 2874 22

441 236 681 265 ENARRATIO
713 238 757 264 IN
790 235 991 264 PsALMUM
1024 237 1142 263 XLVI.
1386 225 1470 263 339

88 306 243 349 fleatur
277 304 483 349 lenticula
510 302 823 357 Alexandrina,
858 312 900 347 et
927 302 1047 347 venit
1079 315 1217 362 usque
1249 300 1304 346 ad
1342 310 1473 357 terras

88 383 254 419 nostras
280 393 289 419 ε
321 373 443 434 quasi
464 373 535 417 hic
566 388 654 416 non
683 382 883 417 nascatur
904 371 1127 417 lenticula.
1157 375 1272 430 Ergo
1299 370 1473 416 deside-

88 444 224 489 rando
246 444 395 489 cibum
413 442 653 502 aegyptium
671 477 682 497 ‚
703 440 893 500 perdidit
909 442 1159 501 piimatnm.
1187 441 1255 486 Sic
1272 450 1315 486 et
1332 456 1473 501 popu-

87 513 156 558 lus
173 513 428 558 Judaeorum
440 547 456 568 ,
480 511 535 556 de
556 527 644 571 quo
666 510 834 556 dictum
856 521 945 556 est:
967 511 1203 557 «Conversi
1220 520 1323 557 sunt
1342 510 1474 556 corde

93 604 112 627 »
146 585 192 629 in
223 585 516 644 AEgyptum¹‚
537 602 557 625 n
582 581 835 627 lenticulam
869 582 1061 642 quodam
1089 580 1221 627 modo
1257 580 1476 626 desidera-s

87 663 266 710 verunt,
289 664 333 699 et
350 655 585 714 primatum
606 651 904 713 perdiderunt.
936 672 954 693 «
972 653 1114 711 Elegit
1135 653 1260 697 nobis
1283 652 1474 698 haeredi-

93 743 113 767 »
146 733 281 769 tatem
302 740 424 769 suam
439 759 450 779 ‚
471 724 656 784 speciem
674 723 811 768 Jacob
829 738 960 783 quam
977 723 1141 768 dilexit.
1171 741 1189 767 ι

147 796 246 839 VII.
275 814 297 838 «
321 793 528 839 Ascendit
549 797 664 838 Deus
687 793 732 837 in
749 793 1053 854 jubilatione2.
1083 812 1103 835 »
1142 797 1239 854 Ipse
1266 793 1340 838 ille
1361 797 1477 839 Deus

88 873 233 910 noster
248 866 457 910 Dominus
473 864 669 910 Christus
690 863 884 908 ascendit
910 864 956 907 in
975 863 1252 924 jubilatione.
1278 884 1297 907 «
1323 865 1477 910 Domi·—

92 953 114 978 »
143 950 226 980 nus
243 936 289 980 in
308 951 416 981 voce
433 934 567 980 tubae.
594 953 614 977 »
635 932 868 980 Ascendit:
891 950 1004 995 quo,
1029 935 1109 979 nisi
1129 951 1218 996 quo
1243 936 1428 981 scimus?
1450 955 1470 978 n

90 1010 184 1059 Quo
206 1021 306 1050 eum
337 1006 480 1051 Judaei
511 1021 601 1050 non
628 1014 729 1050 sunt
766 1004 928 1060 secuti,
961 1020 1040 1049 nec
1075 1003 1225 1050 oculis.
1267 1009 1319 1050 In
1349 1022 1478 1052 cruce

89 1072 207 1120 enim
234 1075 469 1130 exaltatum
490 1076 764 1130 ir1·iscrunt³,
788 1075 834 1118 in
862 1074 1025 1119 coelum
1054 1075 1359 1121 ascendentem
1387 1093 1479 1122 non

88 1146 308 1192 viderunt.
339 1166 359 1190 «
384 1146 591 1192 Ascendit
621 1149 734 1191 Deus
760 1146 806 1189 in
829 1145 1104 1206 jubilatione.
1135 1165 1154 1188 »
1181 1148 1297 1201 Quid
1320 1157 1385 1192 est
1400 1149 1476 1208 ju-

88 1217 264 1273 bilatio,
301 1217 381 1262 nisi
421 1217 648 1262 admiratio
684 1217 850 1275 gaudii,
887 1233 986 1277 quae
1022 1218 1163 1263 verbis
1201 1235 1289 1263 non
1331 1228 1476 1279 potest

90 1287 318 1348 explicari?
349 1287 580 1342 Quomodo
603 1287 801 1332 admirati
836 1297 938 1332 sunt
970 1287 1207 1347 gaudentes
1242 1289 1473 1349 Discipuli,

89 1357 285 1404 videntes
306 1358 368 1403 ire
384 1359 429 1404 in
450 1358 635 1403 coelum⁴
663 1378 672 1404 ι
692 1374 823 1419 quem
844 1358 1106 1418 planxerunt
1128 1370 1352 1405 mortuum
1374 1381 1382 1406 :
1409 1378 1479 1408 re-

89 1445 190 1475 vera
219 1429 377 1489 gaudio
407 1430 510 1474 huic
539 1430 672 1474 verba
698 1446 788 1474 non
815 1430 1112 1487 sufficiebant,
1146 1432 1336 1477 restabat
1356 1433 1480 1493 jubi-

89 1499 179 1545 lare
199 1499 321 1561 quod
341 1516 470 1545 nemo
490 1509 662 1560 poterat
683 1500 910 1560 explicare.
945 1502 1012 1545 lbi
1041 1511 1133 1546 erat
1160 1512 1204 1547 et
1225 1519 1307 1548 vox
1331 1504 1474 1559 tubae,

89 1571 265 1617 vexilla
285 1571 569 1631 Angelorum.
595 1572 768 1617 Dictum
790 1582 854 1617 est
870 1573 1009 1628 enim,
1035 1592 1043 1617 :
1068 1573 1188 1618 Sicut
1204 1573 1312 1618 tuba
1340 1575 1476 1620 exalta

93 1660 114 1684 »
146 1657 298 1687 vocem
336 1644 503 1687 tuam⁵.
544 1661 565 1684 »
605 1643 956 1687 Praedicavernut
992 1643 1149 1702 Angeli
1183 1645 1473 1690 ascensionem

91 1712 264 1757 Domini
281 1731 290 1757 ;
305 1711 510 1756 viderunt
523 1711 762 1771 Discipulos
778 1711 1036 1756 ascendente
1050 1713 1235 1758 Domino
1243 1715 1472 1771 haerentes,

91 1783 373 1836 admirantes,
410 1791 654 1842 stupentes,
692 1781 803 1826 nihil
826 1782 1040 1838 dicentes⁷
1079 1782 1155 1828 sed
1182 1783 1312 1828 corde
1346 1786 1474 1846 jubi-

90 1852 229 1899 lantes
255 1872 265 1897 :
290 1862 334 1897 et
349 1868 430 1898 vox
447 1853 538 1913 jam
556 1852 676 1896 tubae
694 1853 739 1896 in
761 1852 875 1897 clara
896 1868 1004 1897 voce
1015 1853 1283 1912 Angelorum
1304 1875 1312 1899 ε
1334 1874 1355 1898 «
1379 1856 1473 1900 Viri

94 1941 116 1966 »ι
137 1923 325 1980 Galilaei,
346 1923 454 1984 quid
475 1923 619 1968 statis?
636 1924 716 1968 Hic
738 1932 801 1968 est
822 1926 985 1969 Jesus⁶.
1015 1943 1034 1966 n
1054 1925 1185 1978 Quasi
1207 1925 1268 1970 illi
1289 1942 1379 1972 non
1394 1927 1474 1972 sci-

92 2004 190 2040 rent
217 1995 316 2055 quia
349 1994 440 2054 ipse
468 2004 579 2039 esset
598 1996 736 2039 Jesus.
762 1997 876 2039 Ante
904 2011 948 2040 se
971 1995 1103 2055 paulo
1131 2006 1230 2041 ante
1261 2013 1362 2042 eum
1386 2014 1477 2043 non

91 2065 316 2110 viderant?
338 2080 485 2110 secum
512 2064 768 2125 loquentem
789 2081 879 2110 non
914 2065 1167 2111 audierant?
1192 2070 1357 2128 Nempe
1388 2084 1479 2113 non

92 2135 234 2180 solum
254 2135 446 2195 speciem
476 2134 682 2179 viderunt
702 2136 925 2195 praesentis
942 2171 952 2191 ,
984 2135 1056 2180 sed
1087 2146 1131 2181 et
1149 2138 1345 2182 membra
1372 2154 1479 2184 con-

92 2207 432 2252 trectaverunt⁷.
454 2206 541 2266 Ipsi
560 2221 661 2264 ergo
686 2207 939 2252 nesciebant
959 2208 1081 2268 quod
1100 2208 1175 2253 ille
1196 2219 1305 2254 esset
1330 2211 1482 2255 Jesus‘?

93 2276 170 2321 sed
199 2276 482 2321 admiratione
508 2276 600 2336 ipsa
634 2292 725 2336 prae
755 2277 912 2337 gaudio
929 2278 1201 2337 jubilationis
1222 2314 1233 2333 ,
1269 2289 1480 2341 tanquam

93 2357 240 2392 mente
273 2346 468 2392 alienatis
485 2383 496 2402 ‚
519 2346 764 2408 loquuntur
791 2348 972 2408 Angeli,
1011 2368 1033 2391 «
1065 2353 1162 2409 Ipse
1196 2360 1260 2395 est
1287 2354 1425 2397 Jesus.
1453 2371 1475 2395 »

95 2418 253 2473 Quasi,
282 2417 325 2463 Si
355 2417 526 2462 creditis
557 2417 648 2469 illi,
667 2417 741 2462 illc
777 2427 841 2463 est
874 2434 962 2479 quo
981 2419 1186 2464 crucifixo
1215 2429 1482 2469 nutaverunt

145 2519 154 2541 .¹
176 2515 248 2545 Act.
264 2524 322 2553 vn,
344 2512 397 2556 39.
425 2530 466 2535 -
486 2519 499 2536 ²
518 2512 598 2545 Psal.
626 2514 765 2555 xtv1‚6,
787 2531 828 2536 -
848 2511 862 2536 3
886 2514 999 2546 Matth.
1026 2525 1131 2554 xxvn⁷
1148 2514 1200 2559 39.
1217 2533 1259 2540 ·—
1277 2515 1292 2550 4
1313 2520 1385 2551 Aet.
1402 2530 1423 2561 ι,
1442 2531 1476 2562 9.

100 2583 141 2591 ·-
159 2566 175 2591 5
193 2569 266 2601 Isa'i.
281 2580 370 2610 Lvui,
392 2581 416 2600 ι.
444 2585 483 2590 —-
502 2567 518 2590 ὓ
535 2571 607 2601 Act.
628 2580 650 2610 ι,
674 2580 722 2600 ιι.
746 2586 785 2591 —
812 2577 824 2601 7
843 2572 919 2601 Luc.
944 2580 1034 2611 xxiv,
1055 2571 1108 2612 39.

1227 2626 1293 2664 22.
