1841 3223
218 265 461 297 ENARRATIO
491 270 507 296 1
529 269 584 297 nv
616 267 819 297 PsALMUM
850 270 1014 308 xxxw,
1049 267 1175 297 saum.
1210 272 1241 297 1.
1357 259 1412 300 59

31 353 53 378 «
87 336 206 379 Unus
246 342 502 387 assumetur,
539 343 583 376 et
613 349 726 378 unus
764 335 1079 395 relinquetur-¹.
1107 353 1128 376 »
1158 338 1414 381 Assumetur

27 406 195 460 bonus,
219 404 489 464 relinquetur
511 402 665 447 malus.
692 404 908 449 Videntur
930 407 1019 450 duo
1042 406 1087 449 in
1111 422 1235 465 agro,
1261 406 1414 452 eadem

24 474 234 537 professio
251 484 314 519 est
329 509 341 530 ,
366 475 442 519 sed
463 490 551 519 non
573 474 690 518 idem
708 491 796 519 cor.
825 475 1139 521 professionem
1161 478 1312 522 vident
1332 479 1415 523 ho·
1448 480 1449 483 ’

25 547 190 600 mines,
221 561 296 590 cor
316 545 438 590 novit
471 548 600 589 Deus.
636 544 876 598 Quodlibet
909 562 1009 604 ergo
1038 563 1139 606 ager
1170 548 1410 606 significet:

29 636 51 660 a
85 619 206 662 Unus
227 625 484 670 assumetur,
510 624 553 659 et
578 631 692 660 unus
715 615 999 677 relinquetur.
1023 636 1043 658 »
1077 621 1173 662 Non
1201 619 1323 678 quasi
1345 618 1415 663 di-

23 687 156 734 midia
175 702 273 747 pars
289 695 546 742 assumetur,
569 696 613 731 et
631 687 809 731 dimidia
831 687 1104 748 relinquetur
1125 708 1133 733 :
1159 690 1235 732 sed
1258 705 1415 748 genera

25 758 254 804 hominum
271 757 362 801 duo
382 756 576 815 dicit.‚Et
596 757 630 801 si
652 756 772 802 aliud
789 773 939 802 eorum
963 759 1017 802 sit
1038 759 1082 802 in
1107 760 1272 818 paucis,
1297 760 1416 804 aliud

24 829 71 873 in
92 827 240 872 multis
261 843 270 869 ε
303 845 323 870 «
344 830 465 872 Unus
489 837 746 883 assumetur,
772 838 815 872 et
831 844 946 872 unus
969 828 1265 888 relinquetur:
1290 847 1311 870 »
1332 830 1416 875 hoc

26 908 110 954 est,
142 912 282 943 unum
308 913 444 957 genus
466 907 724 953 assumetur,
757 908 800 942 et
824 898 1007 943 alterum
1032 898 1319 959 relinquetur.
1349 901 1416 945 Sic

25 970 72 1014 in
92 968 231 1024 lecto,
263 969 322 1012 sie
350 968 397 1011 in
418 967 687 1013 molendino.
714 970 960 1028 Expectatis
985 968 1165 1014 fostasse
1197 969 1307 1030 quid
1336 971 1416 1014 ista

25 1040 135 1085 sint:
159 1038 313 1083 videtis
334 1047 449 1082 tecta
480 1053 569 1082 esse
585 1073 596 1093 ,
617 1048 660 1082 et
684 1038 1042 1084 similitudinibus
1063 1040 1327 1100 quibusdam
1344 1041 1416 1084 in—

24 1109 189 1155 voluta.
215 1112 364 1153 Potest
383 1107 492 1152 mihi
515 1106 635 1151 aliud
655 1107 817 1164 videri,
847 1109 970 1153 alteri
993 1109 1111 1154 aliud
1134 1130 1142 1155 :
1169 1110 1244 1155 sed
1273 1126 1417 1170 neque

27 1196 106 1240 ego
135 1195 187 1225 eo
219 1178 339 1241 quod
362 1179 513 1224 dixero
534 1179 768 1239 praescribo
790 1179 913 1224 alteri
942 1181 996 1225 ad
1029 1181 1252 1225 meliorem
1284 1180 1417 1226 intel-

26 1252 206 1306 lectum,
225 1266 306 1296 nec
321 1249 396 1294 ille
412 1250 520 1295 mibi
537 1250 591 1294 ad
605 1260 842 1311 utrumque
861 1251 1178 1312 accipiendum,
1195 1253 1229 1296 si
1252 1262 1417 1296 utrum-

27 1338 115 1385 que
136 1337 235 1366 cum
253 1320 340 1366 fide
367 1320 619 1366 concordat.
646 1321 862 1366 Videntur
892 1323 1006 1366 enim
1029 1323 1137 1366 mihi
1159 1324 1203 1367 in
1227 1338 1328 1381 agro
1349 1322 1417 1367 la-

27 1391 182 1439 borare
202 1393 280 1453 qui
301 1402 496 1452 praesunt
517 1391 739 1437 Ecclesiis:
759 1393 869 1438 sicut
890 1393 1124 1453 Apostolus
1147 1393 1277 1438 dicit:
1302 1395 1417 1438 «Dei

30 1481 52 1506 n
86 1462 366 1522 agricultura,
385 1463 463 1507 Dei
484 1461 713 1507 aedificatio
730 1464 871 1508 estis2.
891 1483 909 1505 »
935 1466 1042 1509 Nam
1066 1473 1108 1507 et
1131 1464 1418 1508 architectum

27 1550 71 1580 se
93 1535 215 1590 dicit,
232 1550 332 1579 cum
351 1534 480 1579 dicit:
499 1554 519 1576 «
536 1536 593 1578 Ut
609 1535 775 1594 sapiens
799 1536 1058 1579 architectus
1078 1534 1418 1579 fundamentum

29 1623 52 1647 ³)
86 1605 237 1665 posui:
256 1604 710 1664 is'etagricolam,cum
730 1604 860 1650 dicit:
884 1607 1012 1662 «Ego
1030 1604 1237 1664 plantavi„
1260 1605 1417 1664 Apollo

30 1693 52 1718 »
87 1676 241 1735 rigavit
258 1692 269 1726 ;
286 1675 362 1719 sed
383 1678 497 1720 Deus
519 1675 834 1719 incrementum
859 1674 1019 1718 deditff.
1044 1694 1064 1715 »
1091 1678 1141 1718 In
1163 1675 1417 1719 molendino

28 1760 129 1804 ergo
154 1745 262 1789 duas
289 1745 398 1789 dixit
413 1746 444 1799 3,
467 1759 556 1788 non
580 1745 689 1788 duos
710 1763 719 1789 :
746 1744 876 1789 credo
891 1780 901 1799 ,
927 1745 1047 1804 quod
1070 1745 1164 1787 haec
1193 1745 1334 1802 figura
1362 1744 1418 1788 ad

27 1815 177 1876 plebes
198 1813 412 1874 pertineat
433 1829 442 1855 z
463 1814 564 1874 quia
582 1815 801 1873 praepositi
820 1823 992 1872 regunt,
1019 1813 1167 1873 plebes
1187 1822 1412 1872 reguntur.

28 1889 86 1930 Et
114 1884 413 1929 molendinum
435 1893 544 1944 puto
571 1883 739 1928 dictum
766 1883 983 1928 mundum
1006 1884 1136 1928 istum
1158 1905 1168 1941 3
1193 1885 1295 1944 quia
1324 1893 1417 1928 rota

28 1955 218 2018 quadam
247 1965 494 2016 temporum
522 1954 728 2010 volvitur,
761 1965 805 1999 et
833 1965 1044 1999 amatores
1080 1972 1178 1999 suos
1212 1956 1413 2000 conterit.

33 2029 144 2073 Sunt
173 2041 275 2086 ergo
303 2026 379 2086 qui
407 2025 462 2070 de
487 2026 729 2070 actionibus
761 2025 915 2070 mundi
948 2042 1036 2070 non
1070 2025 1283 2070 recedunt
1306 2042 1315 2066 ε
1342 2025 1418 2070 sed

30 2105 176 2140 tamen
197 2104 239 2139 et
255 2095 319 2138 ibi
335 2094 405 2138 alii
429 2095 540 2139 bene
556 2105 808 2155 operantur,
830 2095 900 2139 alii
917 2095 1054 2139 male:
1077 2095 1147 2139 alii
1160 2096 1242 2140 sibi
1261 2095 1419 2140 amicos

31 2166 199 2211 faciunt
220 2166 276 2209 de
298 2180 544 2210 mammona
567 2166 846 2230 iniquitati34,
868 2182 889 2209 a
908 2166 1068 2226 quibus
1088 2166 1352 2225 recipiantur
1373 2167 1418 2210 in

32 2234 312 2280 tabernacula
333 2244 510 2290 aeterna,
536 2236 697 2296 quibus
718 2231 877 2280 dicitur
895 2255 903 2279 :
925 2254 944 2277 «
961 2235 1148 2289 Esurivi,
1170 2244 1213 2279 et
1234 2234 1415 2279 dedistis

34 2323 56 2348 >u
91 2305 197 2350 mihi
218 2303 535 2350 manducare⁵t
560 2323 580 2346 »
603 2305 673 2349 alii
692 2306 770 2349 ista
797 2305 1046 2364 negligunt,
1072 2305 1234 2365 quibus
1256 2304 1417 2349 dicitur

32 2375 123 2420 ibi:
154 2395 174 2418 «
201 2375 391 2430 Esurivi,
419 2384 462 2419 et
489 2391 580 2420 non
599 2374 778 2420 dedistis
801 2376 907 2419 mihi
930 2375 1239 2419 manducarefi.
1262 2393 1283 2415 »
1311 2379 1418 2419 Pro-

31 2446 160 2501 inde,
191 2446 293 2506 quia
325 2446 380 2490 de
407 2446 473 2490 his
499 2446 577 2507 qui
602 2455 830 2491 versantur
856 2445 902 2489 in
933 2445 1117 2503 negotiis
1148 2454 1191 2489 et
1214 2444 1418 2505 operibus

83 2549 93 2566 ¹
109 2541 326 2584 Matth.xx1v‚
345 2540 399 2584 4ο.
417 2559 459 2566 ·-
472 2560 515 2565 -
530 2548 544 2565 ²
563 2554 575 2574 1
596 2545 669 2575 Cor.
691 2554 739 2582 111,
753 2553 788 2584 9,
806 2553 858 2573 10.
875 2557 917 2564 —
933 2531 1169 2574 31bid.'6.—4
1187 2541 1304 2574 Matth.
1323 2552 1416 2583 xxxv,

36 2595 91 2639 41.
108 2602 149 2622 —'-
169 2595 185 2622 ⁵
200 2598 278 2632 Luc.
292 2609 363 2640 xvi,
378 2608 412 2640 7.
430 2614 473 2623 --
495 2596 511 2621 ⁶
529 2597 642 2631 Matth.
661 2607 738 2639 xxv,
758 2596 800 2629 35
815 2600 849 2629 et
866 2595 920 2638 42.
1307 2592 1310 2596 ’
