1841 3223
234 210 473 247 ENAnuATio
506 213 520 237 1
553 212 597 238 m
630 210 832 238 PsALMUM
863 210 1025 247 xxxiv,
1059 208 1184 235 sEnM.
1222 211 1252 235 1.
1376 201 1426 236 17

50 273 155 330 tibi,
175 274 472 336 praeponendo
489 274 552 318 illi
575 275 694 335 quod
717 276 845 330 fecit,
871 290 972 319 cum
991 273 1096 319 velit
1110 289 1154 318 se
1184 274 1327 333 ipsum
1350 275 1430 319 tihi

50 342 153 388 dare
179 345 255 405 qui
281 345 399 390 fecit.
432 345 484 389 In
510 345 594 389 hoc
619 360 764 389 amore
793 345 899 389 dixit
928 345 990 389 illi
1019 344 1161 388 anima
1190 344 1392 404 quaedam
1419 365 1428 389 2

53 433 74 457 «
108 417 165 460 Et
185 431 304 461 nunc
324 416 415 475 ipsa
436 425 499 459 est
519 430 616 475 pars
646 430 741 459 mea
757 450 768 471 ,
794 416 977 460 Domine
993 451 1003 471 ,
1034 434 1054 457 »
1078 414 1125 459 id
1152 423 1236 471 est,
1264 434 1284 458 α
1305 418 1370 459 Tu
1391 431 1434 460 es

52 502 72 526 »
108 500 205 545 pars
226 488 367 531 mea¹.
398 504 418 528 »
444 485 620 545 Eligant
653 485 735 530 sibi
756 486 833 546 qui
854 485 1008 530 volunt
1028 485 1137 546 quid
1160 486 1429 545 possideant,

48 554 210 600 faciant
231 556 313 600 sibi
344 564 486 616 partes
506 555 561 600 de
586 556 713 600 rebus
739 575 748 600 :
778 575 798 598 «
824 558 926 600 Pars
958 571 1055 599 mea
1088 564 1135 599 tu
1166 572 1208 600 es
1227 591 1237 611 ,
1263 565 1305 600 te
1327 557 1434 600 mihi

52 642 73 667 »
109 624 233 684 elegi.
258 644 278 668 »
305 629 362 671 Et
377 626 535 671 iterum
558 645 567 672 :
588 645 609 668 (ι
623 625 834 671 Dominus
856 641 953 685 pars
975 624 1240 669 haereditatis
1257 628 1429 670 meae2.»

50 696 271 741 Possideat
292 705 352 752 te,
376 706 426 741 ut
439 697 654 757 possideas
675 696 822 741 illum:
841 697 921 741 eris
943 695 1157 756 praedium
1180 696 1336 756 ipsius,
1353 698 1434 743 eris

49 765 204 811 domus
243 767 390 827 ipsius.
427 767 622 812 Possidet
647 777 697 812 ut
724 768 888 828 prosit,
923 767 1167 828 possidetur
1199 777 1249 811 ut
1280 769 1431 827 prosit.

48 837 273 898 Numquid
304 847 355 882 ut
386 836 551 898 aliquid
579 838 618 882 01
653 847 701 883 tu
724 838 885 898 prosis?
912 857 932 880 «
959 839 1068 883 Nam
1092 836 1182 881 dixi
1213 838 1399 883 Domino
1423 855 1431 880 ε

51 926 71 950 »
106 912 221 954 Deus
235 924 355 953 meus
369 925 412 954 es
427 919 494 966 tu,
508 910 716 970 quoniam
731 910 949 954 bonorum
968 924 1164 954 meorum
1185 925 1275 953 non
1294 912 1433 969 egcsss.

51 997 71 1021 »
107 980 264 1024 Anima
295 989 442 1024 autem
475 996 570 1025 mea
592 980 844 1025 exultabit
834 998 879 1025 m
914 980 1114 1025 Domino.
1142 980 1438 1025 Delectabitur

51 1069 71 1093 »
107 1066 236 1111 super
252 1050 438 1097 salutare
460 1052 611 1113 ejus.»
635 1052 829 1098 Salutare
851 1052 927 1097 Dei
949 1053 1146 1097 Christus
1167 1061 1244 1097 est.
1275 1072 1294 1095 «
1321 1055 1438 1106 Quo-

51 1139 72 1163 »
108 1121 221 1166 niam
246 1122 453 1167 viderunt
474 1122 589 1168 oculi
612 1123 696 1167 mei
718 1123 904 1168 salutare
927 1124 1094 1167 tuum⁴.
1119 1141 1139 1164 »

106 1193 232 1237 XIII.
263 1211 283 1236 «
307 1193 466 1238 Omnia
500 1209 592 1238 ossa
619 1209 715 1239 mea
739 1194 914 1239 dicent:
942 1194 1151 1249 Domine
1173 1194 1268 1254 quis
1291 1193 1438 1238 similis

51 1279 73 1304 »
107 1263 280 1307 1111159»
305 1264 411 1317 Quis
445 1264 577 1323 digne
610 1264 665 1309 de
692 1265 758 1309 his
792 1265 934 1309 verbis
964 1264 1131 1326 aliquid
1163 1263 1310 1309 dicat?
1343 1268 1438 1324 Ego

49 1343 157 1394 puto
183 1343 355 1379 tantum
385 1336 711 1396 pronuntianda
741 1353 855 1392 esse,
890 1353 980 1382 11011
1015 1336 1288 1396 exponenda.
1323 1337 1440 1390 Quid

48 1405 206 1465 quaeris
228 1405 342 1450 illud
368 1415 444 1450 aut
472 1406 618 1451 illud?
649 1407 757 1467 quid
791 1406 929 1452 simile
952 1408 1138 1452 Domino
1161 1409 1266 1451 tuo?
1289 1410 1439 1467 Ipsum

48 1476 183 1521 habes
197 1486 298 1521 ante
319 1486 376 1522 te.
399 1478 591 1522 «Omnia
613 1494 705 1522 ossa
722 1494 818 1522 mea
840 1478 987 1523 dicent
1009 1497 1018 1523 :
1039 1478 1245 1533 Domine,
1271 1478 1367 1539 quis
1390 1478 1440 1522 si-

52 1565 73 1589 »
107 1540 220 1593 milis
248 1548 356 1593 tibi?
383 1551 682 1594 Narraverunt*
699 1549 807 1593 mihi
833 1549 982 1610 injusti
1005 1547 1334 1604 delectationes,
1364 1549 1438 1593 sed

51 1636 72 1661 »
107 1635 196 1665 non
219 1620 330 1665 sicut
346 1619 416 1665 lex
430 1630 522 1677 tua,
548 1621 773 1666 Dominefl.
792 1639 811 1663 »
835 1624 1032 1665 Fuerunt
1047 1630 1343 1680 persecutores
1361 1621 1438 1681 qui

48 1689 241 1736 dicerent
265 1709 276 1737 ι
300 1690 445 1736 Adora
470 1694 728 1747 Saturnum,
752 1690 884 1735 adora
901 1691 1182 1735 Mercurium.
1200 1694 1298 1736 Non
1320 1691 1434 1747 0010,

47 1761 212 1824 inquit,
230 1761 363 1807 idola.
394 1782 415 1806 «
439 1762 624 1808 Domine
641 1796 652 1818 ‚
679 1761 775 1823 quis
798 1760 946 1806 similis
964 1761 1076 1806 tibi?
1096 1760 1165 1805 Illi
1189 1761 1338 1806 oculos
1355 1762 1438 1805 ha-

49 1850 72 1874 »
106 1832 214 1877 bent
229 1842 274 1877 et
293 1848 383 1878 non
403 1832 576 1888 vident,
597 1847 720 1877 aures
737 1831 904 1876 habent
924 1840 968 1875 et
989 1847 1079 1875 non
1101 1830 1328 1876 audiunt7.
1350 1836 1440 1877 Do-

51 1921 72 1945 »
107 1904 248 1960 mine,
281 1904 376 1965 quis
399 1903 546 1948 similis
568 1903 671 1958 tibi,
697 1921 718 1945 »
746 1902 823 1963 qui
844 1901 982 1947 fecisti
1004 1901 1181 1947 oculum
1204 1902 1260 1947 ad
1282 1903 1438 1947 viden-

49 1973 179 2029 dum,
205 1989 353 2019 aurem
376 1973 431 2019 ad
452 1972 752 2018 audiendum?
777 1973 862 2018 Sed
882 1988 974 2018 non
990 1972 1103 2028 colo,
1127 1972 1287 2034 inquit,
1303 1973 1436 2031 idola,

49 2044 151 2105 quia
164 2043 289 2089 faber
304 2043 422 2088 fecit.
439 2043 546 2089 Cole
561 2043 760 2088 arborem
777 2052 820 2087 et
834 2051 1050 2089 montem:
1067 2052 1111 2087 et
1123 2043 1207 2088 hoc
1222 2043 1441 2104 numquid

48 2113 172 2159 faber
193 2113 321 2159 fecit?
334 2117 393 2159 Et
411 2114 510 2160 hic:
530 2115 771 2169 «Domine,
796 2113 895 2174 quis
912 2113 1060 2158 similis
1082 2113 1189 2158 tibi?
1209 2132 1230 2155 »
1253 2116 1439 2158 Terrena

50 2186 159 2229 mihi
180 2184 488 2241 ostenduntur,
509 2194 559 2230 tu
581 2194 707 2229 terrae
735 2193 904 2230 creator
933 2200 990 2229 es.
1023 2187 1081 2228 Et
1099 2184 1203 2228 hinc
1226 2183 1338 2229 forte
1359 2184 1439 2228 ad-

50 2266 228 2301 vertunt
245 2256 301 2301 ad
322 2257 587 2318 superiorem
605 2265 871 2311 creaturam,
893 2265 936 2300 et
953 2256 1107 2300 dicunt
1129 2255 1235 2298 mihi
1260 2274 1268 2299 2
1294 2274 1314 2297 «
1335 2254 1440 2300 Cole

55 2343 76 2367 »
110 2325 259 2372 lunam
272 2362 284 2384 ,
304 2326 399 2373 cole
420 2327 552 2372 istum
571 2326 727 2382 solem,
744 2325 821 2387 qui
841 2325 940 2370 luce
956 2341 1049 2381 sua,
1064 2334 1272 2386 tanquam
1285 2340 1443 2384 magna

103 2446 112 2463 ¹
130 2440 209 2473 Psai.
229 2452 332 2482 Lxxn,
362 2441 428 2482 26,
449 2445 482 2473 et
497 2451 610 2481 cxvm,
633 2439 687 2482 57.
708 2455 750 2462 ·—
770 2445 783 2462 2
806 2439 852 2471 m.
873 2449 929 2479 xv,
955 2437 987 2470 5.
1017 2455 1056 2461 -
1076 2436 1089 2460 3
1111 2437 1190 2470 Ibid.
1213 2447 1243 2470 2.
1268 2455 1305 2461 -
1328 2437 1343 2468 J,
1362 2441 1439 2470 Luc.

55 2506 100 2537 11,
127 2496 179 2529 30.
201 2514 244 2520 -
261 2494 277 2520 5
294 2498 377 2529 Psal.
408 2508 523 2539 xzxw,
545 2507 595 2529 10.
628 2512 669 2518 —
687 2493 702 2518 6
722 2495 767 2528 Id.
790 2494 983 2536 0(ν111,85.
1006 2501 1079 2527 -7
1105 2495 1152 2526 Id.
1175 2505 1271 2535 cxlv,
1294 2497 1330 2526 11.
1352 2494 1384 2535 5,
1412 2498 1445 2525 ct

54 2562 183 2593 cxxxiv,
207 2563 258 2594 ¹7·

248 2616 351 2646 CXV.
1234 2606 1256 2640 ’2
