1841 3223
433 218 676 248 ENARRATIO
708 222 755 248 IN
788 219 991 250 PsALMtiM
1024 223 1111 249 L1v.
1379 213 1461 250 527

77 287 211 332 dicit?
223 288 308 341 Qui
326 287 406 332 seit
426 286 536 347 quid
562 287 622 331 ibi
645 297 815 346 agatur,
835 288 956 348 quod
980 298 1027 333 tu
1048 297 1188 333 astans
1205 288 1330 348 petis.
1353 288 1471 349 Vide>

76 357 201 417 quod
227 357 368 402 voluit
394 372 484 401 esse
516 357 608 416 ipse
642 356 875 402 advocatus
907 368 1040 404 tuus:
1070 359 1161 417 ipse
1190 358 1464 419 jurisperitus

75 436 202 483 tuus,
231 428 323 488 ipse
350 442 533 472 assessor
560 428 721 483 Patris,
756 428 846 487 ipse
861 428 996 488 judex
1028 437 1128 473 tuus
1151 429 1259 473 dixit
1285 448 1294 473 z
1327 428 1465 473 Aliter

75 513 166 543 non
183 498 381 559 accipies.
407 497 525 552 Quid
550 496 747 543 facturus
770 501 847 543 es?
873 502 971 544 Non
1004 509 1259 559 accepturus
1275 535 1285 554 ,
1311 500 1344 544 si
1374 515 1465 545 non

74 569 299 627 dicturus3
337 585 428 614 non
453 578 731 629 accepturus,
761 570 797 613 si
825 567 982 614 falsum
1007 571 1219 616 dicturus.
1243 574 1360 630 Ergo
1389 579 1466 615 aut

73 638 270 684 facturus
291 647 336 683 et
354 638 573 695 dicturUS‚
605 648 683 684 aut
711 638 833 699 quod
855 640 964 700 petis
992 656 1083 685 non
1113 642 1428 700 promeriturus
1452 660 1462 685 ;

73 711 177 766 quia
197 710 276 771 qui
301 711 386 755 hoe
407 727 498 756 non
523 711 693 756 faciunt
707 746 717 766 ‚
742 711 790 755 in
811 712 950 756 usuris
972 711 1055 756 illis
1082 722 1183 756 sunt
1204 712 1340 756 malis.
1369 712 1466 756 Sint

73 780 136 824 ibi
155 780 219 825 illi
236 781 313 841 qui
335 781 481 826 adhuc
497 780 615 826 idola
637 791 714 825 aut
737 781 936 838 adorant,
957 791 1032 826 aut
1054 792 1280 843 quaerunt3
1303 781 1394 826 noli
1416 792 1466 826 tu

72 851 197 910 plebs
214 852 307 907 Dei,
327 851 419 896 noli
440 852 563 912 plebs
579 852 755 908 Christi,
772 852 863 898 noli
882 869 1038 913 eorpus
1060 853 1176 897 illius
1199 853 1364 912 eapitis.
1382 856 1465 897 At-

73 921 206 966 tende
226 921 452 967 vinculum
473 923 590 982 pacis
611 931 721 977 tuae,
750 924 927 967 attende
945 924 1205 983 promissum
1233 924 1333 967 vitae
1356 932 1460 967 tuae.

73 1061 190 1106 Ultio
210 1071 255 1106 te
276 1063 443 1106 reficit?
464 1065 579 1120 Ergo
601 1061 656 1106 de
676 1063 793 1108 malo
818 1063 959 1108 alieno
981 1063 1223 1123 gaudebis?
1245 1067 1396 1108 Passus
1420 1079 1464 1107 es

30 1129 34 1132 ’
71 1132 235 1176 malum
250 1167 262 1187 ,
286 1133 488 1192 ignosce3
522 1148 576 1176 ne
607 1132 720 1178 du01
738 1135 840 1179 sitis.
872 1154 892 1177 «
916 1137 974 1179 Et
994 1150 1085 1179 non
1111 1133 1271 1179 defecit
1290 1134 1345 1178 de
1367 1134 1463 1194 pla-

75 1221 96 1246 »
130 1203 210 1247 teis
225 1204 317 1263 ejus
337 1219 467 1247 usura
483 1212 527 1248 et
547 1203 690 1249 dolus.
718 1223 739 1246 »

129 1288 227 1329 XV.
263 1284 368 1330 Ideo
403 1300 504 1343 ergo
534 1295 585 1330 tu
620 1287 846 1346 quaerebas
879 1286 1159 1332 solitudinem
1193 1296 1236 1331 et
1266 1303 1461 1347 pennas,

70 1354 168 1400 ideo
189 1370 436 1399 murmuras
451 1390 462 1410 ‚
482 1356 577 1400 haee
598 1355 712 1401 ferre
726 1373 816 1402 non
837 1367 959 1417 potes
976 1393 986 1412 ‚
1013 1357 1403 1402 contradictionem
1421 1367 1466 1402 et

71 1425 347 1487 iniquitatem
383 1427 567 1471 civitatis
598 1428 743 1488 hujus.
779 1429 1019 1489 Requiesee
1047 1429 1093 1472 in
1124 1429 1190 1473 his
1215 1429 1291 1489 qui
1319 1439 1465 1473 tecum

71 1498 189 1542 intus
211 1506 334 1553 sunt,
356 1506 400 1541 et
420 1498 511 1542 noli
534 1513 730 1558 quaerere
750 1499 1046 1544 solitudinem.
1086 1499 1201 1544 Audi
1222 1508 1266 1543 et
1282 1498 1336 1543 de
1364 1499 1465 1560 ipsis

72 1567 179 1630 quid
201 1568 318 1613 dicat
338 1587 347 1613 :
378 1587 398 1611 «
419 1570 635 1623 Quoniam
657 1570 690 1613 si
712 1569 913 1615 inimicus
935 1570 1236 1630 exprobrasset
1256 1569 1362 1613 mihi
1379 1573 1411 1612 2.
1441 1588 1461 1611 »

71 1642 129 1684 Et
146 1638 324 1700 quidem
347 1639 544 1699 superius
569 1640 857 1685 conturbatus
885 1650 976 1684 erat
997 1641 1043 1684 in
1064 1640 1368 1684 exercitatione
1390 1656 1467 1683 sua

72 1726 97 1754 a
120 1724 228 1755 voce
251 1709 414 1754 inimici
439 1719 482 1754 et
507 1727 530 1754 a
552 1709 835 1755 tribulatione
869 1710 1132 1770 peccatoris,
1169 1708 1283 1753 forte
1311 1709 1358 1752 in
1392 1708 1466 1753 illa

73 1781 246 1824 civitate
267 1780 457 1840 positUS‚
488 1781 673 1840 superba
705 1780 778 1825 illa
801 1782 991 1839 erigente
1023 1790 1187 1824 turrem
1201 1816 1212 1836 ,
1235 1795 1335 1840 quae
1357 1779 1466 1823 sub-

73 1865 213 1894 mersa
230 1858 294 1894 est
309 1885 320 1905 ,
344 1859 393 1893 ut
411 1850 712 1896 dividerentur
733 1866 885 1895 eorum
906 1850 1068 1910 linguae
1083 1852 1098 1877 ³
1120 1870 1129 1895 :
1155 1849 1330 1895 attende
1349 1850 1467 1894 intus

75 1918 182 1981 quid
200 1928 342 1979 gemat
364 1928 542 1978 propter
562 1920 755 1978 pericula
774 1936 796 1963 a
817 1920 934 1962 falsis
959 1920 1181 1964 fratribus.
1211 1939 1231 1962 «
1250 1921 1468 1973 Quoniam

78 2009 98 2032 »
133 1989 168 2035 si
189 1990 389 2034 inimicus
412 1988 710 2049 exprobrasset
731 1989 859 2043 mihi,
885 1988 1182 2033 sustinuissem
1204 1991 1359 2049 utique
1390 2010 1398 2035 :
1425 1999 1468 2035 et

77 2078 99 2102 »
134 2061 168 2105 si
187 2060 222 2105 is
240 2060 317 2121 qui
341 2059 493 2104 oderat
508 2075 600 2114 me,
621 2074 750 2119 super
771 2074 840 2103 me
861 2073 1017 2117 magna
1035 2058 1208 2103 loeutus
1230 2057 1422 2114 fuisset4‚
1442 2078 1462 2100 n

75 2130 122 2176 id
142 2140 206 2176 est
224 2166 235 2187 ‚
273 2146 352 2191 per
380 2129 626 2190 superbiam
658 2130 766 2173 mihi
788 2129 1059 2184 insultasset,
1094 2130 1390 2188 magnificaret
1422 2144 1467 2174 se

75 2216 205 2262 super
227 2216 319 2257 me,
350 2201 590 2246 minaretur
624 2200 730 2244 mihi
763 2198 981 2260 quidquid
1007 2207 1181 2259 posset:
1217 2218 1236 2240 «
1267 2199 1467 2244 Abscon-

79 2289 100 2314 »
135 2271 285 2316 derem
306 2286 377 2315 me
397 2271 551 2332 utique
577 2272 632 2316 ab
654 2285 721 2315 eo.
750 2289 770 2312 »
797 2271 865 2315 Ab
891 2269 966 2314 illo
998 2270 1070 2330 qui
1095 2268 1197 2313 foris
1220 2278 1304 2323 est,
1330 2270 1407 2313 ubi
1425 2278 1468 2314 te

78 2342 393 2388 absconderes?
414 2345 532 2387 Inter
552 2341 650 2387 illos
673 2342 749 2402 qui
765 2342 881 2385 intus
902 2350 1018 2385 sunt.
1035 2343 1161 2386 Nunc
1181 2349 1328 2384 autem
1348 2339 1465 2396 vide,

77 2415 118 2459 si
132 2413 335 2460 nonnihil
352 2411 473 2458 aliud
490 2421 639 2468 restat,
669 2412 753 2457 nisi
774 2421 824 2456 ut
845 2410 1124 2456 solitudinem
1148 2426 1330 2471 quaeras.
1357 2430 1377 2453 «
1400 2414 1466 2455 Tu

128 2528 137 2545 ¹
154 2519 301 2554 Subancl.
318 2520 403 2553 mali.
424 2538 466 2543 —
487 2527 500 2543 2
519 2520 599 2552 Psal.
621 2531 685 2560 mv,
709 2519 760 2551 13.
785 2537 826 2542 —
846 2517 859 2542 3
878 2521 956 2552 Gen.
980 2529 1025 2561 xi,
1048 2517 1078 2561 4.
1100 2517 1170 2548 -4
1189 2518 1269 2552 Psal.
1292 2530 1357 2560 mv,
1378 2518 1428 2551 13.
