1841 3223
359 228 599 257 ENARRAno
632 231 676 257 m
709 229 910 257 rsALMUM
941 228 1101 255 xxxvn.
1337 216 1419 255 145

44 304 152 339 cata.
191 294 351 338 Audite
370 329 381 348 ,
412 293 564 337 fratres
597 314 604 337 ε
630 294 863 338 Christiani
884 309 1061 350 snmus3
1095 301 1138 336 et
1160 302 1305 336 tamen
1328 293 1423 352 ple-

44 379 229 425 rumque
243 365 277 408 si
292 363 406 407 filius
423 364 678 423 cujusquam
694 364 918 418 moriatur,
934 363 1100 423 plangit
1114 362 1234 407 illum
1245 383 1255 419 3
1268 363 1298 406 si
1319 379 1425 422 pec-
1443 356 1447 360 i

43 445 139 491 cet,
183 450 272 479 non
303 433 426 477 illum
454 433 635 492 plangit.
670 436 792 478 Tunc
815 434 1065 493 plangeret,
1096 444 1203 479 ωηο
1235 433 1423 490 doleret,

44 521 146 550 cum
178 514 430 566 peccantem
451 503 641 562 viderct3
665 513 771 548 tunc
799 504 981 549 modum
1016 506 1284 565 imponeret,
1322 515 1428 550 tunc

44 591 243 620 normam
259 573 433 620 vivendi
449 573 626 619 doceret
640 609 650 629 ‚
675 573 946 634 disciplinam
964 573 1087 618 daret
1115 594 1123 619 :
1149 584 1225 619 aut
1245 576 1279 619 si
1296 574 1398 620 fecit
1414 611 1426 631 ‚

45 655 90 691 et
121 645 194 691 ille
229 661 320 692 non
356 644 542 701 audivit,
581 655 687 690 tunc
714 654 806 690 erat
826 644 1127 704 plangendus3
1164 655 1272 689 ωηο
1308 648 1431 706 pejus

46 726 247 762 mortuus
286 716 505 761 luxuriose
548 716 716 770 vivens,
772 731 905 776 quam
943 715 1172 760 moriendo
1215 716 1432 760 luxuriam

47 787 201 831 finiens
228 805 238 831 :
263 795 369 831 tunc
387 802 490 845 ergo
508 786 685 846 quando
708 786 786 830 ista
807 784 993 830 faciebat
1006 785 1052 830 in
1071 785 1203 830 domo
1222 795 1317 842 tua,
1342 803 1433 831 non

48 857 189 903 solum
210 867 410 902 mortuus
437 866 529 901 erat
543 892 554 913 ‚
579 856 654 901 sed
675 866 719 901 et
739 857 937 916 putebat.
964 859 1067 901 Haec
1090 855 1277 902 dolenda
1300 867 1402 901 sunt
1419 892 1430 913 ‚

49 927 124 973 illa
145 928 397 973 sustinenda
419 946 427 972 :
453 927 527 972 illa
548 925 750 983 serenda,
783 928 863 972 ista
894 927 1156 987 plangenda.
1184 927 1436 986 Plangenda

52 1008 219 1054 autem,
261 997 485 1059 quomodo
533 997 711 1043 audistis
746 996 951 1058 plangere
981 998 1113 1043 istum
1144 1017 1153 1043 z
1191 1000 1438 1052 «Quoniam

56 1090 75 1112 »
109 1069 382 1129 iniquitatem
412 1084 553 1113 meam
577 1083 656 1126 ego
678 1069 938 1128 pronuntio,
962 1078 1005 1113 et
1021 1085 1169 1114 curam
1192 1084 1336 1127 geram
1358 1086 1437 1130 pro

49 1159 71 1182 ³)
106 1149 283 1200 peccato
305 1155 419 1184 meo.
450 1160 468 1181 »
506 1141 570 1184 Ne
597 1154 772 1183 securus
803 1140 886 1194 sis,
918 1155 1018 1183 cum
1052 1138 1272 1184 confessus
1304 1140 1437 1184 fueris

47 1221 277 1272 peccatum
295 1220 439 1266 tuum,
456 1219 667 1271 tanquam
684 1226 854 1270 semper
871 1220 1138 1270 praeparatus
1151 1211 1206 1255 ad
1224 1213 1439 1256 confiten-

49 1282 156 1327 dum
176 1291 220 1326 et
241 1281 606 1327 committendum
626 1290 869 1341 peccatum.
898 1282 966 1326 Sic
988 1282 1223 1341 pronuntia
1245 1282 1439 1342 inquita-

49 1362 137 1398 tem
166 1362 312 1407 tuam‚
347 1361 398 1396 ut
435 1367 585 1396 curam
615 1366 735 1410 geras
767 1367 846 1410 pro
870 1361 1048 1411 peccato
1082 1361 1174 1396 tuo.
1210 1352 1322 1405 Quid
1345 1353 1435 1409 est3

49 1439 199 1468 curam
221 1438 368 1482 gerere
389 1438 469 1482 pro
489 1430 668 1482 peccato
687 1424 789 1466 tuo?
806 1424 966 1467 Curam
990 1437 1136 1480 gerere
1158 1438 1236 1482 pro
1258 1423 1440 1467 vulnere

51 1503 144 1540 tuo.
173 1494 215 1539 Si
237 1492 400 1538 diceres
421 1513 430 1537 2
455 1495 616 1538 Curam
634 1508 780 1552 geram
802 1509 881 1552 pro
897 1492 1078 1537 vulnere
1095 1509 1192 1538 meo
1208 1529 1218 1549 ‚
1244 1494 1351 1555 qnid
1372 1495 1442 1539 in-

52 1564 333 1623 telligeretur,
354 1564 458 1618 nisi,
484 1563 606 1608 Dabo
638 1578 813 1623 operam
831 1573 880 1608 ut
900 1565 1100 1607 sanetur?
1119 1567 1213 1608 Hoc
1239 1574 1303 1609 est
1324 1567 1440 1610 enim

51 1650 199 1680 curam
223 1649 369 1694 gerere
389 1649 469 1693 pro
487 1632 669 1689 delicto,
689 1649 858 1693 semper
877 1634 980 1688 niti,
1000 1649 1169 1693 semper
1188 1635 1437 1692 intendere,

53 1719 220 1764 semper
249 1703 440 1748 studiose
461 1712 503 1746 et
527 1702 679 1747 sedulo
701 1718 827 1761 agere
847 1713 897 1746 ut
919 1718 1040 1746 sanes
1060 1713 1304 1762 peccatum.
1326 1708 1441 1751 Ecce

34 1836 37 1839 ¹
54 1775 109 1820 de
130 1774 200 1819 die
215 1775 262 1818 in
284 1774 399 1818 diem
416 1773 584 1834 plangis
605 1783 834 1833 peecatum
847 1783 990 1829 tuum,
1009 1774 1083 1818 sed
1106 1775 1220 1819 forte
1235 1775 1442 1833 lacrymae

54 1853 253 1901 currunt,
278 1854 322 1888 et
343 1859 495 1888 manus
511 1853 692 1888 cessant.
709 1844 1151 1901 Fianteleemosynae‚
1171 1844 1441 1891 redimantur

55 1924 255 1976 peccata,
281 1913 676 1974 gaudeatindigens
696 1913 750 1957 de
765 1913 867 1958 dato
884 1923 977 1969 tuo,
995 1923 1101 1959 utet
1116 1924 1162 1959 ω
1182 1915 1369 1973 gaudeas
1386 1917 1441 1962 de

57 1985 160 2030 dato
181 1985 272 2029 Dei.
293 1987 403 2043 Eget
417 1982 507 2038 ille,
522 1999 620 2043 eges
638 1992 680 2027 et
695 1993 740 2027 tu
758 2003 766 2028 :
782 1994 880 2042 eget
896 1983 968 2028 ille
986 1984 1041 2028 ad
1055 1994 1112 2039 te,
1134 2001 1230 2044 eges
1248 1996 1291 2031 et
1307 1996 1370 2043 tn,
1385 1988 1441 2032 ad

57 2059 212 2100 Deum.
231 2057 298 2099 Tu
319 2054 558 2099 contemnis
581 2063 781 2113 egentem
796 2054 875 2109 tui,
894 2058 1006 2099 Deus
1029 2071 1118 2099 non
1132 2065 1173 2100 te
1188 2066 1440 2103 contemnet

59 2135 258 2185 egentem
273 2124 363 2168 sui?
379 2127 496 2183 Ergo
511 2123 690 2183 impleto
707 2133 757 2168 tu
778 2125 941 2182 egentis
961 2126 1168 2185 inopiam,
1193 2136 1242 2171 ut
1263 2128 1442 2188 impleat

58 2196 173 2242 Deus
199 2194 404 2239 Interiora
432 2203 521 2238 tua.
542 2197 634 2239 Hoc
657 2203 721 2238 est
746 2213 755 2238 :
785 2213 801 2235 «
820 2196 979 2239 Curam
996 2210 1140 2253 geram
1160 2213 1238 2257 pro
1260 2209 1440 2258 peccato

44 2319 45 2324 Ἰ
62 2285 83 2310 »
93 2281 236 2322 meost)
248 2265 402 2310 faciam
410 2279 477 2309 om
484 2264 553 2308 nia
564 2280 854 2325 quaecumque
864 2264 1060 2310 facienda
1072 2277 1188 2323 sunt,
1202 2268 1256 2313 ad
1265 2270 1442 2315 abolen-

60 2339 167 2384 dum
187 2347 232 2382 et
242 2335 482 2381 sanandum
499 2345 727 2396 peccatum
745 2352 906 2381 meum.
928 2355 946 2377 «
959 2340 1015 2381 Et
1031 2353 1179 2384 curam
1197 2355 1342 2398 geram
1361 2358 1442 2402 pro

67 2429 86 2452 »
103 2417 280 2470 peccato
298 2423 411 2453 meo.
434 2427 452 2450 »

119 2482 261 2527 XXV.
300 2499 317 2521 «
339 2479 507 2526 Inimici
533 2489 679 2526 autem
714 2480 799 2526 mei
825 2481 1022 2527 vivunt1.
1048 2502 1065 2524 »
1102 2485 1219 2529 Bene
1258 2494 1322 2530 est
1353 2488 1410 2532 eis
1427 2525 1437 2545 ‚

113 2576 122 2593 ¹
139 2567 218 2602 Psal.
235 2578 358 2611 xuvn,
384 2575 435 2601 20.

253 2633 358 2664 cxv.
1215 2626 1264 2664 10
