<?xml version="1.0" encoding="UTF-8"?>
<!DOCTYPE html PUBLIC "-//W3C//DTD XHTML 1.0 Transitional//EN"
    "http://www.w3.org/TR/xhtml1/DTD/xhtml1-transitional.dtd">
<html xmlns="http://www.w3.org/1999/xhtml" xml:lang="en" lang="en">
 <head>
  <title>
</title>
<meta http-equiv="Content-Type" content="text/html;charset=utf-8" />
  <meta name='ocr-system' content='tesseract 3.04.00' />
  <meta name='ocr-capabilities' content='ocr_page ocr_carea ocr_par ocr_line ocrx_word'/>
</head>
<body>
  <div class='ocr_page' id='page_1' title='image "./operaomniaaccura08auguuoft_0239.png"; bbox 0 0 1841 3223; ppageno 0'>
   <div class='ocr_carea' id='block_1_1' title="bbox 0 1364 9 1716">
    <p class='ocr_par' dir='ltr' id='par_1_1' title="bbox 0 1298 9 1716">
     <span class='ocr_line' id='line_1_1' title="bbox 0 1364 4 1511; baseline 0 0"><span class='ocrx_word' id='word_1_1' title='bbox 0 1364 4 1511; x_wconf 61' lang='lat' dir='ltr'>i</span> 
     </span>
     <span class='ocr_line' id='line_1_2' title="bbox 2 1514 7 1630; baseline 0 0"><span class='ocrx_word' id='word_1_2' title='bbox 2 1514 7 1630; x_wconf 60' lang='lat' dir='ltr'>l</span> 
     </span>
     <span class='ocr_line' id='line_1_3' title="bbox 4 1634 9 1716; baseline 0 0"><span class='ocrx_word' id='word_1_3' title='bbox 4 1634 9 1716; x_wconf 85' lang='grc' dir='ltr'>ι</span> 
     </span>
    </p>
   </div>
   <div class='ocr_carea' id='block_1_2' title="bbox 17 2497 23 2636">
    <p class='ocr_par' dir='ltr' id='par_1_2' title="bbox 17 2497 23 2636">
     <span class='ocr_line' id='line_1_4' title="bbox 17 2497 21 2565; baseline 0 0"><span class='ocrx_word' id='word_1_4' title='bbox 17 2497 21 2565; x_wconf 71' lang='lat' dir='ltr'>l</span> 
     </span>
     <span class='ocr_line' id='line_1_5' title="bbox 18 2570 23 2636; baseline 0 0"><span class='ocrx_word' id='word_1_5' title='bbox 18 2570 23 2636; x_wconf 72' lang='lat'>1</span> 
     </span>
    </p>
   </div>
   <div class='ocr_carea' id='block_1_3' title="bbox 53 247 1462 2494">
    <p class='ocr_par' dir='ltr' id='par_1_3' title="bbox 59 247 1436 513">
     <span class='ocr_line' id='line_1_6' title="bbox 452 247 1436 286; baseline -0.003 0"><span class='ocrx_word' id='word_1_6' title='bbox 452 257 694 286; x_wconf 67' lang='lat' dir='ltr'>ENAnnA&#39;rio</span> <span class='ocrx_word' id='word_1_7' title='bbox 727 260 771 285; x_wconf 86' lang='lat' dir='ltr'>lN</span> <span class='ocrx_word' id='word_1_8' title='bbox 805 257 1007 286; x_wconf 76' lang='lat' dir='ltr'>PsALMUM</span> <span class='ocrx_word' id='word_1_9' title='bbox 1040 259 1110 285; x_wconf 66' lang='lat' dir='ltr'>xi..</span> <span class='ocrx_word' id='word_1_10' title='bbox 1354 247 1436 283; x_wconf 73' lang='lat'>225</span> 
     </span>
     <span class='ocr_line' id='line_1_7' title="bbox 59 309 1436 371; baseline -0.001 -15"><span class='ocrx_word' id='word_1_11' title='bbox 59 327 149 357; x_wconf 90' lang='lat' dir='ltr'>non</span> <span class='ocrx_word' id='word_1_12' title='bbox 178 312 411 357; x_wconf 80' lang='lat' dir='ltr'>serviamus</span> <span class='ocrx_word' id='word_1_13' title='bbox 442 314 680 371; x_wconf 76' lang='lat' dir='ltr'>peceat01?</span> <span class='ocrx_word' id='word_1_14' title='bbox 703 309 772 357; x_wconf 86' lang='lat' dir='ltr'>Ad</span> <span class='ocrx_word' id='word_1_15' title='bbox 798 310 923 356; x_wconf 90' lang='lat' dir='ltr'>illum</span> <span class='ocrx_word' id='word_1_16' title='bbox 952 320 996 356; x_wconf 89' lang='lat' dir='ltr'>et</span> <span class='ocrx_word' id='word_1_17' title='bbox 1021 311 1068 355; x_wconf 92' lang='lat' dir='ltr'>in</span> <span class='ocrx_word' id='word_1_18' title='bbox 1094 309 1171 354; x_wconf 89' lang='lat' dir='ltr'>illo</span> <span class='ocrx_word' id='word_1_19' title='bbox 1205 309 1400 355; x_wconf 89' lang='lat' dir='ltr'>dicamus</span> <span class='ocrx_word' id='word_1_20' title='bbox 1427 331 1436 355; x_wconf 88' lang='grc'>;</span> 
     </span>
     <span class='ocr_line' id='line_1_8' title="bbox 62 381 1436 442; baseline 0 -18"><span class='ocrx_word' id='word_1_21' title='bbox 62 401 83 424; x_wconf 92' lang='lat'>«</span> <span class='ocrx_word' id='word_1_22' title='bbox 115 385 210 442; x_wconf 84' lang='lat' dir='ltr'>Ego</span> <span class='ocrx_word' id='word_1_23' title='bbox 227 382 338 439; x_wconf 75' lang='lat' dir='ltr'>dixi,</span> <span class='ocrx_word' id='word_1_24' title='bbox 360 382 566 436; x_wconf 83' lang='lat' dir='ltr'>Domine,</span> <span class='ocrx_word' id='word_1_25' title='bbox 591 382 791 426; x_wconf 89' lang='lat' dir='ltr'>miserere</span> <span class='ocrx_word' id='word_1_26' title='bbox 812 382 918 438; x_wconf 88' lang='lat' dir='ltr'>mei,</span> <span class='ocrx_word' id='word_1_27' title='bbox 944 398 1046 428; x_wconf 86' lang='lat' dir='ltr'>sana</span> <span class='ocrx_word' id='word_1_28' title='bbox 1068 381 1257 426; x_wconf 85' lang='lat' dir='ltr'>animam</span> <span class='ocrx_word' id='word_1_29' title='bbox 1278 396 1436 437; x_wconf 88' lang='lat' dir='ltr'>meam,</span> 
     </span>
     <span class='ocr_line' id='line_1_9' title="bbox 60 452 668 513; baseline -0.002 -19"><span class='ocrx_word' id='word_1_30' title='bbox 60 470 82 495; x_wconf 88' lang='lat'>»</span> <span class='ocrx_word' id='word_1_31' title='bbox 116 454 322 513; x_wconf 85' lang='lat' dir='ltr'>quoniam</span> <span class='ocrx_word' id='word_1_32' title='bbox 334 452 510 512; x_wconf 89' lang='lat' dir='ltr'>peccavi</span> <span class='ocrx_word' id='word_1_33' title='bbox 531 452 624 497; x_wconf 90' lang='lat' dir='ltr'>tibi.</span> <span class='ocrx_word' id='word_1_34' title='bbox 648 470 668 493; x_wconf 89' lang='lat'>»</span> 
     </span>
    </p>

    <p class='ocr_par' dir='ltr' id='par_1_4' title="bbox 57 521 1445 850">
     <span class='ocr_line' id='line_1_10' title="bbox 117 521 1445 576; baseline 0 -9"><span class='ocrx_word' id='word_1_35' title='bbox 117 526 217 567; x_wconf 90' lang='lat' dir='ltr'>VII.</span> <span class='ocrx_word' id='word_1_36' title='bbox 256 542 276 565; x_wconf 91' lang='lat'>«</span> <span class='ocrx_word' id='word_1_37' title='bbox 288 523 458 567; x_wconf 85' lang='lat' dir='ltr'>Inimici</span> <span class='ocrx_word' id='word_1_38' title='bbox 488 522 573 567; x_wconf 90' lang='lat' dir='ltr'>mei</span> <span class='ocrx_word' id='word_1_39' title='bbox 596 522 801 566; x_wconf 82' lang='lat' dir='ltr'>dixerunt</span> <span class='ocrx_word' id='word_1_40' title='bbox 832 521 944 566; x_wconf 84' lang='lat' dir='ltr'>mala</span> <span class='ocrx_word' id='word_1_41' title='bbox 972 522 1077 566; x_wconf 87' lang='lat' dir='ltr'>mihi</span> <span class='ocrx_word' id='word_1_42' title='bbox 1108 537 1117 564; x_wconf 90' lang='lat'>:</span> <span class='ocrx_word' id='word_1_43' title='bbox 1143 521 1329 576; x_wconf 85' lang='lat' dir='ltr'>Quando</span> <span class='ocrx_word' id='word_1_44' title='bbox 1354 538 1445 568; x_wconf 90' lang='lat' dir='ltr'>mo-</span> 
     </span>
     <span class='ocr_line' id='line_1_11' title="bbox 60 592 1445 653; baseline 0.002 -18"><span class='ocrx_word' id='word_1_45' title='bbox 60 611 80 635; x_wconf 84' lang='lat'>»</span> <span class='ocrx_word' id='word_1_46' title='bbox 117 593 251 637; x_wconf 85' lang='lat' dir='ltr'>rietur</span> <span class='ocrx_word' id='word_1_47' title='bbox 273 602 316 638; x_wconf 86' lang='lat' dir='ltr'>et</span> <span class='ocrx_word' id='word_1_48' title='bbox 343 593 502 653; x_wconf 83' lang='lat' dir='ltr'>peribit</span> <span class='ocrx_word' id='word_1_49' title='bbox 527 607 688 638; x_wconf 89' lang='lat' dir='ltr'>nomen</span> <span class='ocrx_word' id='word_1_50' title='bbox 710 593 843 652; x_wconf 72' lang='lat' dir='ltr'>ejus‘2.</span> <span class='ocrx_word' id='word_1_51' title='bbox 872 611 892 634; x_wconf 85' lang='lat'>»</span> <span class='ocrx_word' id='word_1_52' title='bbox 918 594 1015 636; x_wconf 68' lang='lat' dir='ltr'>,Iam</span> <span class='ocrx_word' id='word_1_53' title='bbox 1046 593 1126 637; x_wconf 84' lang='lat' dir='ltr'>ista</span> <span class='ocrx_word' id='word_1_54' title='bbox 1156 592 1366 649; x_wconf 81' lang='lat' dir='ltr'>diximus,</span> <span class='ocrx_word' id='word_1_55' title='bbox 1401 603 1445 639; x_wconf 91' lang='lat' dir='ltr'>et</span> 
     </span>
     <span class='ocr_line' id='line_1_12' title="bbox 57 662 1441 724; baseline 0 -16"><span class='ocrx_word' id='word_1_56' title='bbox 57 663 159 708; x_wconf 90' lang='lat' dir='ltr'>hinc</span> <span class='ocrx_word' id='word_1_57' title='bbox 180 663 414 724; x_wconf 68' lang='lat' dir='ltr'>coepimus,</span> <span class='ocrx_word' id='word_1_58' title='bbox 448 673 491 708; x_wconf 86' lang='lat' dir='ltr'>et</span> <span class='ocrx_word' id='word_1_59' title='bbox 513 674 561 708; x_wconf 89' lang='lat' dir='ltr'>ut</span> <span class='ocrx_word' id='word_1_60' title='bbox 583 662 665 707; x_wconf 83' lang='lat' dir='ltr'>alia</span> <span class='ocrx_word' id='word_1_61' title='bbox 687 662 880 707; x_wconf 84' lang='lat' dir='ltr'>dicamus</span> <span class='ocrx_word' id='word_1_62' title='bbox 897 698 908 718; x_wconf 87' lang='lat'>,</span> <span class='ocrx_word' id='word_1_63' title='bbox 933 678 1024 708; x_wconf 89' lang='lat' dir='ltr'>non</span> <span class='ocrx_word' id='word_1_64' title='bbox 1046 679 1154 722; x_wconf 90' lang='lat' dir='ltr'>opus</span> <span class='ocrx_word' id='word_1_65' title='bbox 1178 673 1241 708; x_wconf 88' lang='lat' dir='ltr'>est</span> <span class='ocrx_word' id='word_1_66' title='bbox 1263 665 1441 722; x_wconf 83' lang='lat' dir='ltr'>iterare,</span> 
     </span>
     <span class='ocr_line' id='line_1_13' title="bbox 57 734 1444 795; baseline -0.001 -16"><span class='ocrx_word' id='word_1_67' title='bbox 57 735 179 795; x_wconf 89' lang='lat' dir='ltr'>quod</span> <span class='ocrx_word' id='word_1_68' title='bbox 199 744 290 779; x_wconf 86' lang='lat' dir='ltr'>tam</span> <span class='ocrx_word' id='word_1_69' title='bbox 317 735 481 779; x_wconf 89' lang='lat' dir='ltr'>recenti</span> <span class='ocrx_word' id='word_1_70' title='bbox 507 748 704 779; x_wconf 83' lang='lat' dir='ltr'>sermone</span> <span class='ocrx_word' id='word_1_71' title='bbox 722 734 978 794; x_wconf 87' lang='lat' dir='ltr'>impressum</span> <span class='ocrx_word' id='word_1_72' title='bbox 998 743 1060 778; x_wconf 91' lang='lat' dir='ltr'>est</span> <span class='ocrx_word' id='word_1_73' title='bbox 1087 734 1264 778; x_wconf 87' lang='lat' dir='ltr'>auribus</span> <span class='ocrx_word' id='word_1_74' title='bbox 1283 744 1326 779; x_wconf 89' lang='lat' dir='ltr'>et</span> <span class='ocrx_word' id='word_1_75' title='bbox 1348 750 1444 780; x_wconf 88' lang='lat' dir='ltr'>cor-</span> 
     </span>
     <span class='ocr_line' id='line_1_14' title="bbox 58 805 367 850; baseline -0.01 0"><span class='ocrx_word' id='word_1_76' title='bbox 58 805 186 850; x_wconf 90' lang='lat' dir='ltr'>dibus</span> <span class='ocrx_word' id='word_1_77' title='bbox 203 805 367 850; x_wconf 88' lang='lat' dir='ltr'>vestris.</span> 
     </span>
    </p>

    <p class='ocr_par' dir='ltr' id='par_1_5' title="bbox 53 873 1462 2494">
     <span class='ocr_line' id='line_1_15' title="bbox 116 873 1446 936; baseline 0 -16"><span class='ocrx_word' id='word_1_78' title='bbox 116 877 238 920; x_wconf 86' lang='lat' dir='ltr'><strong>VIII.</strong></span> <span class='ocrx_word' id='word_1_79' title='bbox 279 878 379 919; x_wconf 87' lang='lat' dir='ltr'>«Et</span> <span class='ocrx_word' id='word_1_80' title='bbox 410 874 766 934; x_wconf 76' lang='lat' dir='ltr'>ingrediebantur</span> <span class='ocrx_word' id='word_1_81' title='bbox 796 884 845 919; x_wconf 91' lang='lat' dir='ltr'>ut</span> <span class='ocrx_word' id='word_1_82' title='bbox 872 873 1116 919; x_wconf 75' lang='lat' dir='ltr'>viderent3.</span> <span class='ocrx_word' id='word_1_83' title='bbox 1147 896 1164 917; x_wconf 91' lang='lat'>»</span> <span class='ocrx_word' id='word_1_84' title='bbox 1196 876 1326 929; x_wconf 83' lang='lat' dir='ltr'>Quod</span> <span class='ocrx_word' id='word_1_85' title='bbox 1348 891 1446 936; x_wconf 85' lang='lat' dir='ltr'>pas-</span> 
     </span>
     <span class='ocr_line' id='line_1_16' title="bbox 58 945 1447 1007; baseline 0 -15"><span class='ocrx_word' id='word_1_86' title='bbox 58 963 129 993; x_wconf 91' lang='lat' dir='ltr'>sus</span> <span class='ocrx_word' id='word_1_87' title='bbox 151 956 217 992; x_wconf 88' lang='lat' dir='ltr'>est</span> <span class='ocrx_word' id='word_1_88' title='bbox 237 947 458 1002; x_wconf 80' lang='lat' dir='ltr'>Christus,</span> <span class='ocrx_word' id='word_1_89' title='bbox 484 946 647 1006; x_wconf 89' lang='lat' dir='ltr'>patitur</span> <span class='ocrx_word' id='word_1_90' title='bbox 669 956 713 991; x_wconf 89' lang='lat' dir='ltr'>et</span> <span class='ocrx_word' id='word_1_91' title='bbox 734 946 946 1001; x_wconf 89' lang='lat' dir='ltr'>Ecclesia,</span> <span class='ocrx_word' id='word_1_92' title='bbox 971 945 1093 1007; x_wconf 88' lang='lat' dir='ltr'>quod</span> <span class='ocrx_word' id='word_1_93' title='bbox 1108 962 1280 1007; x_wconf 88' lang='lat' dir='ltr'>passum</span> <span class='ocrx_word' id='word_1_94' title='bbox 1298 956 1360 992; x_wconf 87' lang='lat' dir='ltr'>est</span> <span class='ocrx_word' id='word_1_95' title='bbox 1378 965 1447 992; x_wconf 85' lang='lat' dir='ltr'>ca-</span> 
     </span>
     <span class='ocr_line' id='line_1_17' title="bbox 59 1016 1447 1080; baseline 0 -16"><span class='ocrx_word' id='word_1_96' title='bbox 59 1028 138 1080; x_wconf 86' lang='lat' dir='ltr'>put</span> <span class='ocrx_word' id='word_1_97' title='bbox 155 1054 165 1075; x_wconf 91' lang='lat'>,</span> <span class='ocrx_word' id='word_1_98' title='bbox 187 1019 414 1079; x_wconf 89' lang='lat' dir='ltr'>patiuntur</span> <span class='ocrx_word' id='word_1_99' title='bbox 433 1027 476 1062; x_wconf 88' lang='lat' dir='ltr'>et</span> <span class='ocrx_word' id='word_1_100' title='bbox 491 1019 701 1062; x_wconf 89' lang='lat' dir='ltr'>membra.</span> <span class='ocrx_word' id='word_1_101' title='bbox 726 1016 951 1078; x_wconf 85' lang='lat' dir='ltr'>Numquid</span> <span class='ocrx_word' id='word_1_102' title='bbox 970 1018 1086 1062; x_wconf 86' lang='lat' dir='ltr'>enirn</span> <span class='ocrx_word' id='word_1_103' title='bbox 1109 1035 1255 1064; x_wconf 87' lang='lat' dir='ltr'>servus</span> <span class='ocrx_word' id='word_1_104' title='bbox 1277 1029 1340 1064; x_wconf 91' lang='lat' dir='ltr'>est</span> <span class='ocrx_word' id='word_1_105' title='bbox 1358 1035 1447 1064; x_wconf 86' lang='lat' dir='ltr'>ma-</span> 
     </span>
     <span class='ocr_line' id='line_1_18' title="bbox 53 1087 1444 1151; baseline -0.004 -17"><span class='ocrx_word' id='word_1_106' title='bbox 53 1091 123 1151; x_wconf 84' lang='lat' dir='ltr'>jor</span> <span class='ocrx_word' id='word_1_107' title='bbox 139 1089 317 1134; x_wconf 90' lang='lat' dir='ltr'>domino</span> <span class='ocrx_word' id='word_1_108' title='bbox 338 1104 416 1133; x_wconf 86' lang='lat' dir='ltr'>suo</span> <span class='ocrx_word' id='word_1_109' title='bbox 429 1124 440 1144; x_wconf 90' lang='lat'>,</span> <span class='ocrx_word' id='word_1_110' title='bbox 458 1097 533 1133; x_wconf 85' lang='lat' dir='ltr'>aut</span> <span class='ocrx_word' id='word_1_111' title='bbox 548 1087 784 1148; x_wconf 89' lang='lat' dir='ltr'>discipulus</span> <span class='ocrx_word' id='word_1_112' title='bbox 801 1104 929 1148; x_wconf 89' lang='lat' dir='ltr'>super</span> <span class='ocrx_word' id='word_1_113' title='bbox 948 1090 1229 1147; x_wconf 79' lang='lat' dir='ltr'>magistrum?</span> <span class='ocrx_word' id='word_1_114' title='bbox 1252 1108 1268 1130; x_wconf 86' lang='lat'>«</span> <span class='ocrx_word' id='word_1_115' title='bbox 1285 1091 1327 1135; x_wconf 83' lang='lat' dir='ltr'>Si</span> <span class='ocrx_word' id='word_1_116' title='bbox 1349 1106 1418 1134; x_wconf 78' lang='lat' dir='ltr'>me</span> <span class='ocrx_word' id='word_1_117' title='bbox 1432 1125 1444 1146; x_wconf 77' lang='lat'><em>‚</em></span> 
     </span>
     <span class='ocr_line' id='line_1_19' title="bbox 63 1159 1446 1221; baseline 0.002 -19"><span class='ocrx_word' id='word_1_118' title='bbox 63 1178 84 1202; x_wconf 90' lang='lat'>»</span> <span class='ocrx_word' id='word_1_119' title='bbox 110 1160 273 1221; x_wconf 80' lang='lat' dir='ltr'>inquit,</span> <span class='ocrx_word' id='word_1_120' title='bbox 298 1159 513 1219; x_wconf 75' lang='lat' dir='ltr'>persecuti</span> <span class='ocrx_word' id='word_1_121' title='bbox 534 1167 656 1213; x_wconf 80' lang='lat' dir='ltr'>sunt,</span> <span class='ocrx_word' id='word_1_122' title='bbox 678 1167 720 1202; x_wconf 91' lang='lat' dir='ltr'>et</span> <span class='ocrx_word' id='word_1_123' title='bbox 741 1174 816 1203; x_wconf 91' lang='lat' dir='ltr'>vos</span> <span class='ocrx_word' id='word_1_124' title='bbox 835 1168 1165 1219; x_wconf 83' lang='lat' dir='ltr'>persequentur.</span> <span class='ocrx_word' id='word_1_125' title='bbox 1190 1160 1232 1204; x_wconf 89' lang='lat' dir='ltr'>Si</span> <span class='ocrx_word' id='word_1_126' title='bbox 1253 1169 1446 1219; x_wconf 86' lang='lat' dir='ltr'>patrem-</span> 
     </span>
     <span class='ocr_line' id='line_1_20' title="bbox 65 1229 1448 1289; baseline 0.001 -16"><span class='ocrx_word' id='word_1_127' title='bbox 65 1251 82 1273; x_wconf 82' lang='lat'>»</span> <span class='ocrx_word' id='word_1_128' title='bbox 109 1229 289 1275; x_wconf 76' lang='lat' dir='ltr'>familias</span> <span class='ocrx_word' id='word_1_129' title='bbox 314 1229 559 1274; x_wconf 85' lang='lat' dir='ltr'>Beelzebub</span> <span class='ocrx_word' id='word_1_130' title='bbox 582 1238 873 1285; x_wconf 83' lang='lat' dir='ltr'>vocaverunt,</span> <span class='ocrx_word' id='word_1_131' title='bbox 900 1238 1064 1289; x_wconf 84' lang='lat' dir='ltr'>quanto</span> <span class='ocrx_word' id='word_1_132' title='bbox 1086 1230 1222 1289; x_wconf 81' lang='lat' dir='ltr'>magis</span> <span class='ocrx_word' id='word_1_133' title='bbox 1240 1230 1448 1275; x_wconf 85' lang='lat' dir='ltr'>domesti-</span> 
     </span>
     <span class='ocr_line' id='line_1_21' title="bbox 62 1299 1453 1361; baseline 0.002 -17"><span class='ocrx_word' id='word_1_134' title='bbox 62 1320 82 1344; x_wconf 85' lang='lat'>»</span> <span class='ocrx_word' id='word_1_135' title='bbox 109 1317 181 1346; x_wconf 90' lang='lat' dir='ltr'>cos</span> <span class='ocrx_word' id='word_1_136' title='bbox 207 1302 348 1361; x_wconf 78' lang='lat' dir='ltr'>ejus4‘?</span> <span class='ocrx_word' id='word_1_137' title='bbox 372 1299 736 1358; x_wconf 79' lang='lat' dir='ltr'>Ingrediebantur</span> <span class='ocrx_word' id='word_1_138' title='bbox 766 1309 815 1343; x_wconf 88' lang='lat' dir='ltr'>ut</span> <span class='ocrx_word' id='word_1_139' title='bbox 837 1299 1049 1344; x_wconf 84' lang='lat' dir='ltr'>viderent.</span> <span class='ocrx_word' id='word_1_140' title='bbox 1074 1319 1094 1342; x_wconf 79' lang='lat'>&gt;›</span> <span class='ocrx_word' id='word_1_141' title='bbox 1127 1300 1260 1345; x_wconf 81' lang='lat' dir='ltr'>Judas</span> <span class='ocrx_word' id='word_1_142' title='bbox 1291 1301 1363 1346; x_wconf 91' lang='lat' dir='ltr'>ille</span> <span class='ocrx_word' id='word_1_143' title='bbox 1392 1302 1453 1352; x_wconf 82' lang='lat' dir='ltr'>ad</span> 
     </span>
     <span class='ocr_line' id='line_1_22' title="bbox 59 1370 1448 1433; baseline 0 -15"><span class='ocrx_word' id='word_1_144' title='bbox 59 1382 191 1433; x_wconf 85' lang='lat' dir='ltr'>caput</span> <span class='ocrx_word' id='word_1_145' title='bbox 211 1381 406 1417; x_wconf 89' lang='lat' dir='ltr'>nostrum</span> <span class='ocrx_word' id='word_1_146' title='bbox 427 1381 541 1428; x_wconf 86' lang='lat' dir='ltr'>erat,</span> <span class='ocrx_word' id='word_1_147' title='bbox 573 1370 628 1416; x_wconf 91' lang='lat' dir='ltr'>ad</span> <span class='ocrx_word' id='word_1_148' title='bbox 659 1380 791 1431; x_wconf 87' lang='lat' dir='ltr'>caput</span> <span class='ocrx_word' id='word_1_149' title='bbox 813 1381 1010 1416; x_wconf 88' lang='lat' dir='ltr'>nostrum</span> <span class='ocrx_word' id='word_1_150' title='bbox 1037 1373 1362 1431; x_wconf 79' lang='lat' dir='ltr'>ingrediebatur</span> <span class='ocrx_word' id='word_1_151' title='bbox 1397 1385 1448 1419; x_wconf 90' lang='lat' dir='ltr'>ut</span> 
     </span>
     <span class='ocr_line' id='line_1_23' title="bbox 58 1443 1447 1504; baseline 0.001 -15"><span class='ocrx_word' id='word_1_152' title='bbox 58 1444 245 1500; x_wconf 89' lang='lat' dir='ltr'>videret,</span> <span class='ocrx_word' id='word_1_153' title='bbox 270 1443 316 1488; x_wconf 89' lang='lat' dir='ltr'>id</span> <span class='ocrx_word' id='word_1_154' title='bbox 339 1453 418 1500; x_wconf 88' lang='lat' dir='ltr'>est,</span> <span class='ocrx_word' id='word_1_155' title='bbox 445 1452 494 1488; x_wconf 91' lang='lat' dir='ltr'>ut</span> <span class='ocrx_word' id='word_1_156' title='bbox 523 1443 766 1504; x_wconf 82' lang='lat' dir='ltr'>exploraret</span> <span class='ocrx_word' id='word_1_157' title='bbox 793 1463 801 1488; x_wconf 89' lang='grc'>;</span> <span class='ocrx_word' id='word_1_158' title='bbox 826 1460 915 1488; x_wconf 91' lang='lat' dir='ltr'>non</span> <span class='ocrx_word' id='word_1_159' title='bbox 938 1453 988 1488; x_wconf 88' lang='lat' dir='ltr'>ut</span> <span class='ocrx_word' id='word_1_160' title='bbox 1007 1444 1189 1488; x_wconf 84' lang='lat' dir='ltr'>haberet</span> <span class='ocrx_word' id='word_1_161' title='bbox 1210 1445 1331 1504; x_wconf 87' lang='lat' dir='ltr'>quod</span> <span class='ocrx_word' id='word_1_162' title='bbox 1352 1462 1447 1490; x_wconf 88' lang='lat' dir='ltr'>cre-</span> 
     </span>
     <span class='ocr_line' id='line_1_24' title="bbox 59 1512 1448 1574; baseline 0.001 -15"><span class='ocrx_word' id='word_1_163' title='bbox 59 1515 195 1571; x_wconf 90' lang='lat' dir='ltr'>deret,</span> <span class='ocrx_word' id='word_1_164' title='bbox 220 1513 296 1559; x_wconf 88' lang='lat' dir='ltr'>sed</span> <span class='ocrx_word' id='word_1_165' title='bbox 318 1524 367 1559; x_wconf 92' lang='lat' dir='ltr'>ut</span> <span class='ocrx_word' id='word_1_166' title='bbox 382 1514 595 1559; x_wconf 86' lang='lat' dir='ltr'>inveniret</span> <span class='ocrx_word' id='word_1_167' title='bbox 612 1513 730 1574; x_wconf 89' lang='lat' dir='ltr'>quod</span> <span class='ocrx_word' id='word_1_168' title='bbox 748 1514 964 1573; x_wconf 81' lang='lat' dir='ltr'>proderet.</span> <span class='ocrx_word' id='word_1_169' title='bbox 983 1512 1097 1559; x_wconf 87' lang='lat' dir='ltr'>Ecce</span> <span class='ocrx_word' id='word_1_170' title='bbox 1119 1515 1448 1574; x_wconf 83' lang='lat' dir='ltr'>ingrediebatur</span> 
     </span>
     <span class='ocr_line' id='line_1_25' title="bbox 60 1585 1446 1648; baseline 0.001 -17"><span class='ocrx_word' id='word_1_171' title='bbox 60 1587 132 1631; x_wconf 91' lang='lat' dir='ltr'>ille</span> <span class='ocrx_word' id='word_1_172' title='bbox 150 1596 200 1632; x_wconf 89' lang='lat' dir='ltr'>ut</span> <span class='ocrx_word' id='word_1_173' title='bbox 219 1585 406 1641; x_wconf 86' lang='lat' dir='ltr'>videret,</span> <span class='ocrx_word' id='word_1_174' title='bbox 445 1595 489 1630; x_wconf 89' lang='lat' dir='ltr'>et</span> <span class='ocrx_word' id='word_1_175' title='bbox 514 1586 598 1630; x_wconf 87' lang='lat' dir='ltr'>hoe</span> <span class='ocrx_word' id='word_1_176' title='bbox 615 1585 861 1645; x_wconf 88' lang='lat' dir='ltr'>exemplum</span> <span class='ocrx_word' id='word_1_177' title='bbox 885 1585 931 1628; x_wconf 89' lang='lat' dir='ltr'>in</span> <span class='ocrx_word' id='word_1_178' title='bbox 952 1586 1092 1645; x_wconf 87' lang='lat' dir='ltr'>capite</span> <span class='ocrx_word' id='word_1_179' title='bbox 1114 1595 1261 1632; x_wconf 88' lang='lat' dir='ltr'>nostro</span> <span class='ocrx_word' id='word_1_180' title='bbox 1283 1603 1446 1648; x_wconf 89' lang='lat' dir='ltr'>propo-</span> 
     </span>
     <span class='ocr_line' id='line_1_26' title="bbox 59 1655 1448 1719; baseline 0.002 -18"><span class='ocrx_word' id='word_1_181' title='bbox 59 1657 187 1702; x_wconf 88' lang='lat' dir='ltr'>situm</span> <span class='ocrx_word' id='word_1_182' title='bbox 219 1666 297 1701; x_wconf 89' lang='lat' dir='ltr'>est.</span> <span class='ocrx_word' id='word_1_183' title='bbox 326 1656 442 1709; x_wconf 87' lang='lat' dir='ltr'>Quid</span> <span class='ocrx_word' id='word_1_184' title='bbox 474 1655 548 1700; x_wconf 82' lang='lat' dir='ltr'>illa</span> <span class='ocrx_word' id='word_1_185' title='bbox 580 1656 776 1699; x_wconf 88' lang='lat' dir='ltr'>membra</span> <span class='ocrx_word' id='word_1_186' title='bbox 797 1664 894 1714; x_wconf 89' lang='lat' dir='ltr'>post</span> <span class='ocrx_word' id='word_1_187' title='bbox 923 1657 1262 1716; x_wconf 82' lang='lat' dir='ltr'>assumptionem</span> <span class='ocrx_word' id='word_1_188' title='bbox 1294 1659 1448 1719; x_wconf 86' lang='lat' dir='ltr'>capitis</span> 
     </span>
     <span class='ocr_line' id='line_1_27' title="bbox 60 1727 1447 1789; baseline 0.001 -13"><span class='ocrx_word' id='word_1_189' title='bbox 60 1730 221 1776; x_wconf 76' lang='lat' dir='ltr'>nostri?</span> <span class='ocrx_word' id='word_1_190' title='bbox 241 1731 398 1775; x_wconf 90' lang='lat' dir='ltr'>Nonne</span> <span class='ocrx_word' id='word_1_191' title='bbox 417 1727 522 1772; x_wconf 89' lang='lat' dir='ltr'>dicit</span> <span class='ocrx_word' id='word_1_192' title='bbox 538 1727 758 1787; x_wconf 86' lang='lat' dir='ltr'>apostolus</span> <span class='ocrx_word' id='word_1_193' title='bbox 778 1727 937 1772; x_wconf 87' lang='lat' dir='ltr'>Paulus</span> <span class='ocrx_word' id='word_1_194' title='bbox 960 1748 968 1773; x_wconf 89' lang='lat'>:</span> <span class='ocrx_word' id='word_1_195' title='bbox 993 1732 1211 1789; x_wconf 87' lang='lat' dir='ltr'>«Propter</span> <span class='ocrx_word' id='word_1_196' title='bbox 1225 1731 1447 1777; x_wconf 85' lang='lat' dir='ltr'>subintro-</span> 
     </span>
     <span class='ocr_line' id='line_1_28' title="bbox 64 1796 1450 1859; baseline 0.003 -16"><span class='ocrx_word' id='word_1_197' title='bbox 64 1820 85 1843; x_wconf 87' lang='lat'>»</span> <span class='ocrx_word' id='word_1_198' title='bbox 119 1800 274 1844; x_wconf 90' lang='lat' dir='ltr'>ductos</span> <span class='ocrx_word' id='word_1_199' title='bbox 302 1797 430 1844; x_wconf 80' lang='lat' dir='ltr'>falsos</span> <span class='ocrx_word' id='word_1_200' title='bbox 452 1796 604 1842; x_wconf 86' lang='lat' dir='ltr'>fratres</span> <span class='ocrx_word' id='word_1_201' title='bbox 631 1798 707 1858; x_wconf 86' lang='lat' dir='ltr'>qui</span> <span class='ocrx_word' id='word_1_202' title='bbox 731 1798 1076 1843; x_wconf 89' lang='lat' dir='ltr'>subintroierunt</span> <span class='ocrx_word' id='word_1_203' title='bbox 1107 1800 1372 1859; x_wconf 84' lang='lat' dir='ltr'>proscultare</span> <span class='ocrx_word' id='word_1_204' title='bbox 1393 1803 1450 1848; x_wconf 93' lang='lat' dir='ltr'>li-</span> 
     </span>
     <span class='ocr_line' id='line_1_29' title="bbox 67 1868 1462 1928; baseline 0.006 -16"><span class='ocrx_word' id='word_1_205' title='bbox 67 1892 84 1913; x_wconf 93' lang='lat'>»</span> <span class='ocrx_word' id='word_1_206' title='bbox 119 1871 333 1915; x_wconf 86' lang='lat' dir='ltr'>bertatem</span> <span class='ocrx_word' id='word_1_207' title='bbox 362 1869 609 1913; x_wconf 78' lang='lat' dir='ltr'>nostram5?</span> <span class='ocrx_word' id='word_1_208' title='bbox 636 1889 653 1910; x_wconf 86' lang='grc'><strong><em>»</em></strong></span> <span class='ocrx_word' id='word_1_209' title='bbox 690 1871 804 1925; x_wconf 85' lang='lat' dir='ltr'>Ergo</span> <span class='ocrx_word' id='word_1_210' title='bbox 834 1877 877 1912; x_wconf 87' lang='lat' dir='ltr'>ct</span> <span class='ocrx_word' id='word_1_211' title='bbox 908 1868 977 1912; x_wconf 88' lang='lat' dir='ltr'>isti</span> <span class='ocrx_word' id='word_1_212' title='bbox 1010 1869 1369 1928; x_wconf 85' lang='lat' dir='ltr'>ingrediebantur</span> <span class='ocrx_word' id='word_1_213' title='bbox 1398 1876 1462 1920; x_wconf 63' lang='lat' dir='ltr'>u(</span> 
     </span>
     <span class='ocr_line' id='line_1_30' title="bbox 61 1939 1446 2006; baseline 0.002 -19"><span class='ocrx_word' id='word_1_214' title='bbox 61 1940 273 1987; x_wconf 85' lang='lat' dir='ltr'>viderent.</span> <span class='ocrx_word' id='word_1_215' title='bbox 301 1943 412 1986; x_wconf 87' lang='lat' dir='ltr'>Sunt</span> <span class='ocrx_word' id='word_1_216' title='bbox 428 1939 544 1984; x_wconf 88' lang='lat' dir='ltr'>enim</span> <span class='ocrx_word' id='word_1_217' title='bbox 563 1939 853 1999; x_wconf 83' lang='lat' dir='ltr'>hyprocritae,</span> <span class='ocrx_word' id='word_1_218' title='bbox 875 1939 1144 1985; x_wconf 85' lang='lat' dir='ltr'>simulatores</span> <span class='ocrx_word' id='word_1_219' title='bbox 1164 1942 1266 1987; x_wconf 89' lang='lat' dir='ltr'>mali</span> <span class='ocrx_word' id='word_1_220' title='bbox 1288 1944 1446 2006; x_wconf 86' lang='lat' dir='ltr'>adjun-</span> 
     </span>
     <span class='ocr_line' id='line_1_31' title="bbox 63 2010 1448 2073; baseline 0.004 -17"><span class='ocrx_word' id='word_1_221' title='bbox 63 2021 210 2073; x_wconf 84' lang='lat' dir='ltr'>gentes</span> <span class='ocrx_word' id='word_1_222' title='bbox 231 2027 276 2056; x_wconf 90' lang='lat' dir='ltr'>se</span> <span class='ocrx_word' id='word_1_223' title='bbox 299 2012 400 2057; x_wconf 86' lang='lat' dir='ltr'>ficta</span> <span class='ocrx_word' id='word_1_224' title='bbox 421 2010 632 2055; x_wconf 87' lang='lat' dir='ltr'>charitate</span> <span class='ocrx_word' id='word_1_225' title='bbox 648 2044 660 2065; x_wconf 82' lang='lat'>,</span> <span class='ocrx_word' id='word_1_226' title='bbox 692 2018 914 2070; x_wconf 84' lang='lat' dir='ltr'>captantes</span> <span class='ocrx_word' id='word_1_227' title='bbox 941 2026 1090 2055; x_wconf 88' lang='lat' dir='ltr'>omnes</span> <span class='ocrx_word' id='word_1_228' title='bbox 1110 2021 1275 2068; x_wconf 86' lang='lat' dir='ltr'>motus,</span> <span class='ocrx_word' id='word_1_229' title='bbox 1300 2016 1448 2062; x_wconf 83' lang='lat' dir='ltr'>omnia</span> 
     </span>
     <span class='ocr_line' id='line_1_32' title="bbox 61 2078 1449 2142; baseline 0.003 -15"><span class='ocrx_word' id='word_1_230' title='bbox 61 2082 192 2131; x_wconf 79' lang='lat' dir='ltr'>verba</span> <span class='ocrx_word' id='word_1_231' title='bbox 219 2091 469 2126; x_wconf 85' lang='lat' dir='ltr'>sanctorum</span> <span class='ocrx_word' id='word_1_232' title='bbox 490 2115 501 2136; x_wconf 84' lang='lat'>,</span> <span class='ocrx_word' id='word_1_233' title='bbox 545 2081 588 2125; x_wconf 91' lang='lat' dir='ltr'>in</span> <span class='ocrx_word' id='word_1_234' title='bbox 627 2079 829 2124; x_wconf 86' lang='lat' dir='ltr'>omnibus</span> <span class='ocrx_word' id='word_1_235' title='bbox 861 2078 1039 2140; x_wconf 85' lang='lat' dir='ltr'>laqueos</span> <span class='ocrx_word' id='word_1_236' title='bbox 1067 2081 1348 2142; x_wconf 88' lang='lat' dir='ltr'>inquirentes.</span> <span class='ocrx_word' id='word_1_237' title='bbox 1390 2089 1449 2131; x_wconf 84' lang='lat' dir='ltr'>Et</span> 
     </span>
     <span class='ocr_line' id='line_1_33' title="bbox 62 2149 1450 2214; baseline 0.003 -16"><span class='ocrx_word' id='word_1_238' title='bbox 62 2153 169 2214; x_wconf 91' lang='lat' dir='ltr'>quid</span> <span class='ocrx_word' id='word_1_239' title='bbox 193 2151 276 2198; x_wconf 89' lang='lat' dir='ltr'>illis</span> <span class='ocrx_word' id='word_1_240' title='bbox 298 2153 377 2196; x_wconf 78' lang='lat' dir='ltr'>fit?</span> <span class='ocrx_word' id='word_1_241' title='bbox 399 2150 554 2196; x_wconf 85' lang='lat' dir='ltr'>Videte</span> <span class='ocrx_word' id='word_1_242' title='bbox 583 2149 690 2211; x_wconf 90' lang='lat' dir='ltr'>quid</span> <span class='ocrx_word' id='word_1_243' title='bbox 722 2150 918 2211; x_wconf 89' lang='lat' dir='ltr'>sequitur</span> <span class='ocrx_word' id='word_1_244' title='bbox 942 2169 950 2195; x_wconf 90' lang='lat'>:</span> <span class='ocrx_word' id='word_1_245' title='bbox 981 2154 1138 2196; x_wconf 86' lang='lat' dir='ltr'>«Vana</span> <span class='ocrx_word' id='word_1_246' title='bbox 1160 2151 1359 2199; x_wconf 87' lang='lat' dir='ltr'>locutum</span> <span class='ocrx_word' id='word_1_247' title='bbox 1385 2167 1450 2202; x_wconf 88' lang='lat' dir='ltr'>est</span> 
     </span>
     <span class='ocr_line' id='line_1_34' title="bbox 69 2220 1445 2286; baseline 0.004 -21"><span class='ocrx_word' id='word_1_248' title='bbox 69 2243 86 2266; x_wconf 88' lang='lat'>»</span> <span class='ocrx_word' id='word_1_249' title='bbox 121 2239 195 2269; x_wconf 86' lang='lat' dir='ltr'>cor</span> <span class='ocrx_word' id='word_1_250' title='bbox 222 2238 372 2268; x_wconf 88' lang='lat' dir='ltr'>eorum</span> <span class='ocrx_word' id='word_1_251' title='bbox 398 2242 407 2267; x_wconf 72' lang='grc' dir='ltr'>ι</span> <span class='ocrx_word' id='word_1_252' title='bbox 435 2241 452 2262; x_wconf 83' lang='grc'>»</span> <span class='ocrx_word' id='word_1_253' title='bbox 474 2220 520 2265; x_wconf 89' lang='lat' dir='ltr'>id</span> <span class='ocrx_word' id='word_1_254' title='bbox 540 2230 625 2276; x_wconf 84' lang='lat' dir='ltr'>est,</span> <span class='ocrx_word' id='word_1_255' title='bbox 657 2220 901 2281; x_wconf 85' lang='lat' dir='ltr'>loquuntur</span> <span class='ocrx_word' id='word_1_256' title='bbox 921 2221 1041 2282; x_wconf 86' lang='lat' dir='ltr'>quasi</span> <span class='ocrx_word' id='word_1_257' title='bbox 1063 2223 1163 2267; x_wconf 79' lang='lat' dir='ltr'>ficta</span> <span class='ocrx_word' id='word_1_258' title='bbox 1188 2223 1445 2286; x_wconf 77' lang='lat' dir='ltr'>dilectione3</span> 
     </span>
     <span class='ocr_line' id='line_1_35' title="bbox 64 2292 1449 2355; baseline 0.003 -15"><span class='ocrx_word' id='word_1_259' title='bbox 64 2310 226 2340; x_wconf 87' lang='lat' dir='ltr'>vanum</span> <span class='ocrx_word' id='word_1_260' title='bbox 248 2303 312 2339; x_wconf 89' lang='lat' dir='ltr'>est</span> <span class='ocrx_word' id='word_1_261' title='bbox 332 2292 451 2355; x_wconf 86' lang='lat' dir='ltr'>quod</span> <span class='ocrx_word' id='word_1_262' title='bbox 473 2293 732 2353; x_wconf 87' lang='lat' dir='ltr'>loquuntur,</span> <span class='ocrx_word' id='word_1_263' title='bbox 752 2308 903 2336; x_wconf 88' lang='lat' dir='ltr'>verum</span> <span class='ocrx_word' id='word_1_264' title='bbox 925 2308 1014 2337; x_wconf 88' lang='lat' dir='ltr'>non</span> <span class='ocrx_word' id='word_1_265' title='bbox 1035 2302 1119 2347; x_wconf 81' lang='lat' dir='ltr'>est,</span> <span class='ocrx_word' id='word_1_266' title='bbox 1150 2295 1341 2341; x_wconf 87' lang='lat' dir='ltr'>solidum</span> <span class='ocrx_word' id='word_1_267' title='bbox 1357 2313 1449 2344; x_wconf 88' lang='lat' dir='ltr'>non</span> 
     </span>
     <span class='ocr_line' id='line_1_36' title="bbox 66 2362 1448 2430; baseline 0.001 -19"><span class='ocrx_word' id='word_1_268' title='bbox 66 2375 142 2411; x_wconf 88' lang='lat' dir='ltr'>est.</span> <span class='ocrx_word' id='word_1_269' title='bbox 174 2370 232 2411; x_wconf 89' lang='lat' dir='ltr'>Et</span> <span class='ocrx_word' id='word_1_270' title='bbox 257 2365 360 2426; x_wconf 85' lang='lat' dir='ltr'>quia</span> <span class='ocrx_word' id='word_1_271' title='bbox 382 2373 559 2424; x_wconf 85' lang='lat' dir='ltr'>captant</span> <span class='ocrx_word' id='word_1_272' title='bbox 585 2362 704 2408; x_wconf 86' lang='lat' dir='ltr'>unde</span> <span class='ocrx_word' id='word_1_273' title='bbox 725 2363 949 2408; x_wconf 85' lang='lat' dir='ltr'>inveniant</span> <span class='ocrx_word' id='word_1_274' title='bbox 971 2365 1315 2424; x_wconf 84' lang='lat' dir='ltr'>accusationem,</span> <span class='ocrx_word' id='word_1_275' title='bbox 1336 2370 1448 2430; x_wconf 83' lang='lat' dir='ltr'>quid</span> 
     </span>
     <span class='ocr_line' id='line_1_37' title="bbox 66 2434 1447 2494; baseline 0.003 -13"><span class='ocrx_word' id='word_1_276' title='bbox 66 2436 154 2482; x_wconf 79' lang='lat' dir='ltr'>ait?</span> <span class='ocrx_word' id='word_1_277' title='bbox 180 2438 596 2494; x_wconf 81' lang='lat' dir='ltr'>«Congregaverunt</span> <span class='ocrx_word' id='word_1_278' title='bbox 627 2434 900 2494; x_wconf 84' lang='lat' dir='ltr'>iniquitatem</span> <span class='ocrx_word' id='word_1_279' title='bbox 923 2434 1019 2478; x_wconf 88' lang='lat' dir='ltr'>sibi.</span> <span class='ocrx_word' id='word_1_280' title='bbox 1048 2452 1068 2475; x_wconf 89' lang='lat'>»</span> <span class='ocrx_word' id='word_1_281' title='bbox 1104 2438 1307 2482; x_wconf 85' lang='lat' dir='ltr'>Parantes</span> <span class='ocrx_word' id='word_1_282' title='bbox 1331 2440 1447 2485; x_wconf 85' lang='lat' dir='ltr'>enim</span> 
     </span>
    </p>
   </div>
   <div class='ocr_carea' id='block_1_4' title="bbox 67 2529 1443 2631">
    <p class='ocr_par' dir='ltr' id='par_1_6' title="bbox 67 2529 1443 2631">
     <span class='ocr_line' id='line_1_38' title="bbox 113 2529 1443 2578; baseline 0.001 -12"><span class='ocrx_word' id='word_1_283' title='bbox 113 2540 123 2557; x_wconf 86' lang='lat'>¹</span> <span class='ocrx_word' id='word_1_284' title='bbox 138 2536 230 2567; x_wconf 86' lang='lat' dir='ltr'>Rom.</span> <span class='ocrx_word' id='word_1_285' title='bbox 251 2544 293 2573; x_wconf 80' lang='lat' dir='ltr'>vi,</span> <span class='ocrx_word' id='word_1_286' title='bbox 309 2533 342 2565; x_wconf 88' lang='lat'>6.</span> <span class='ocrx_word' id='word_1_287' title='bbox 362 2549 405 2555; x_wconf 94' lang='lat'><strong>—</strong></span> <span class='ocrx_word' id='word_1_288' title='bbox 426 2540 439 2556; x_wconf 81' lang='lat'>²</span> <span class='ocrx_word' id='word_1_289' title='bbox 460 2532 540 2565; x_wconf 85' lang='lat' dir='ltr'>Psal.</span> <span class='ocrx_word' id='word_1_290' title='bbox 566 2543 625 2575; x_wconf 61' lang='lat' dir='ltr'>xz,</span> <span class='ocrx_word' id='word_1_291' title='bbox 649 2531 682 2564; x_wconf 85' lang='lat'>6.</span> <span class='ocrx_word' id='word_1_292' title='bbox 702 2549 744 2554; x_wconf 91' lang='lat'><strong>—</strong></span> <span class='ocrx_word' id='word_1_293' title='bbox 765 2529 778 2554; x_wconf 82' lang='lat'><em>3</em></span> <span class='ocrx_word' id='word_1_294' title='bbox 798 2531 877 2564; x_wconf 86' lang='lat' dir='ltr'>lbid.</span> <span class='ocrx_word' id='word_1_295' title='bbox 900 2531 930 2563; x_wconf 80' lang='grc' dir='ltr'>ὃ.</span> <span class='ocrx_word' id='word_1_296' title='bbox 948 2548 988 2554; x_wconf 90' lang='lat'>-—</span> <span class='ocrx_word' id='word_1_297' title='bbox 1006 2530 1021 2561; x_wconf 72' lang='grc'>4</span> <span class='ocrx_word' id='word_1_298' title='bbox 1039 2533 1152 2565; x_wconf 83' lang='lat' dir='ltr'>Matth.</span> <span class='ocrx_word' id='word_1_299' title='bbox 1173 2545 1206 2577; x_wconf 82' lang='lat' dir='ltr'>x,</span> <span class='ocrx_word' id='word_1_300' title='bbox 1221 2534 1277 2578; x_wconf 70' lang='lat'>24,</span> <span class='ocrx_word' id='word_1_301' title='bbox 1296 2541 1330 2570; x_wconf 78' lang='lat' dir='ltr'>et</span> <span class='ocrx_word' id='word_1_302' title='bbox 1349 2540 1443 2572; x_wconf 76' lang='lat' dir='ltr'>Joan,</span> 
     </span>
     <span class='ocr_line' id='line_1_39' title="bbox 67 2586 481 2631; baseline -0.01 -9"><span class='ocrx_word' id='word_1_303' title='bbox 67 2599 120 2631; x_wconf 76' lang='lat' dir='ltr'>xv,</span> <span class='ocrx_word' id='word_1_304' title='bbox 139 2598 192 2622; x_wconf 86' lang='lat'>20.</span> <span class='ocrx_word' id='word_1_305' title='bbox 211 2605 253 2611; x_wconf 92' lang='lat'>—</span> <span class='ocrx_word' id='word_1_306' title='bbox 274 2586 289 2611; x_wconf 76' lang='lat'>⁵</span> <span class='ocrx_word' id='word_1_307' title='bbox 307 2588 375 2621; x_wconf 87' lang='lat' dir='ltr'>Gal.</span> <span class='ocrx_word' id='word_1_308' title='bbox 393 2599 430 2630; x_wconf 80' lang='lat' dir='ltr'>n,</span> <span class='ocrx_word' id='word_1_309' title='bbox 449 2587 481 2630; x_wconf 76' lang='grc'>4.</span> 
     </span>
    </p>
   </div>
   <div class='ocr_carea' id='block_1_5' title="bbox 255 2627 1289 2687">
    <p class='ocr_par' dir='ltr' id='par_1_7' title="bbox 255 2627 1289 2687">
     <span class='ocr_line' id='line_1_40' title="bbox 255 2627 1289 2687; baseline -0.002 -3"><span class='ocrx_word' id='word_1_310' title='bbox 255 2653 360 2684; x_wconf 81' lang='lat' dir='ltr'>cxv.</span> <span class='ocrx_word' id='word_1_311' title='bbox 1235 2627 1289 2687; x_wconf 81' lang='lat'>⁰15</span> 
     </span>
    </p>
   </div>
  </div>
 </body>
</html>
