1841 3223
449 258 690 289 ENAnnA‘mo
725 261 771 288 ῐΝ
803 258 1006 289 PSALMUM
1038 261 1107 289 ιν.
1381 248 1463 287 553

80 326 154 371 sed
181 326 344 372 coelum
374 327 480 370 mihi
514 341 603 370 non
642 326 930 370 abstulerunt.
962 328 1074 370 Caro
1102 326 1235 386 ipsius
1269 325 1461 385 sepulta,

80 395 210 442 falsos
230 406 358 441 testes
380 396 560 456 pertulit
585 415 594 441 ε
619 411 774 456 parum
798 395 880 439 fuit
909 411 980 441 eos
1008 396 1176 455 perpeti
1202 396 1248 439 in
1263 396 1428 456 judicio
1449 430 1460 450 ,

79 482 306 527 perpessus
329 475 393 510 est
413 466 459 509 in
480 465 693 525 sepulcro.
726 469 1001 524 Acceperunt
1020 467 1249 526 pecuniam
1266 475 1316 509 ut
1338 481 1463 509 men-

83 537 299 592 tirentur,
321 536 524 580 dixerunt
562 556 571 581 :
602 555 621 578 «
647 538 758 582 Cum
784 536 1310 592 dormi1·emus,venerunt
1329 536 1466 580 Disci-

84 625 107 650 »
139 607 234 667 puli
269 608 386 668 ejus,
418 616 461 651 et
498 605 775 651 abstulerunt
807 608 951 650 euml.
981 625 1001 648 i>
1031 606 1151 650 Tales
1186 616 1331 650 autem
1363 606 1467 650 caeci

82 680 205 723 erant
227 677 368 722 Judaei
382 713 393 733 ,
417 686 469 722 ut
489 677 715 722 crederent
738 677 854 721 dicto
878 677 1058 721 omnino
1079 676 1324 721 incredibili
1347 697 1355 722 z
1377 692 1467 721 cre-

82 747 289 793 diderunt
319 748 500 792 testibus
533 747 851 792 dormientibus
873 747 880 791 !
901 750 990 791 Aut
1021 746 1180 790 falsum
1218 755 1309 790 erat
1346 746 1466 806 quod

82 818 355 864 dormierant
371 853 381 873 ,
407 827 451 862 et
471 818 753 862 mendacibus
774 817 951 862 credere
968 833 1058 861 non
1081 816 1329 860 debuerunt
1356 835 1364 861 ;
1394 825 1469 860 aut

81 903 234 933 verum
256 897 348 932 erat
367 888 488 949 quod
505 887 777 933 dormierunt
791 923 802 943 ,
828 897 871 932 et
897 887 1018 947 quod
1038 885 1203 931 factum
1222 896 1284 930 est
1302 887 1468 931 nescie-

82 968 201 1003 runt.
223 978 242 1002 «
262 959 482 1015 Incolent,
503 969 547 1004 et
561 959 842 1003 abscondent.
871 958 1093 1012 Incolant,
1114 966 1156 1001 et
1175 957 1467 1002 abscondant:

84 1030 193 1091 quid
223 1029 414 1075 facturi?
444 1049 461 1071 «
496 1034 547 1075 In
572 1034 662 1076 Deo
686 1031 873 1090 speravi,
907 1045 997 1074 non
1018 1028 1183 1073 timebo
1206 1028 1314 1089 quid
1342 1027 1471 1073 faciat

86 1118 108 1143 »
143 1101 252 1145 mihi
271 1116 386 1146 caro.
411 1119 432 1142 »

141 1173 198 1214 X.
237 1189 258 1213 «
284 1172 371 1231 Ipsi
397 1170 649 1216 calcaneum
681 1186 829 1216 meum
870 1171 1212 1216 observabunt?
1238 1188 1257 1211 »
1297 1171 1473 1214 Etenim

85 1241 145 1286 sic
165 1241 359 1286 incolent
375 1251 418 1287 et
431 1242 716 1298 abscondent,
745 1252 794 1287 ut
807 1243 1039 1287 observent
1056 1242 1130 1286 ubi
1143 1243 1276 1286 homo
1293 1242 1469 1286 labitur.

87 1312 251 1355 Intenti
268 1321 369 1356 sunt
387 1313 442 1356 ad
463 1311 713 1356 calcaneum
729 1347 739 1367 ,
767 1312 944 1372 quando
966 1313 1042 1356 fiat
1063 1311 1207 1372 lapsus
1221 1347 1231 1366 ,
1252 1321 1302 1356 ut
1318 1311 1475 1371 pedem

87 1382 333 1426 teneantad
345 1382 514 1426 ruinam
530 1417 541 1437 ,
568 1391 643 1426 aut
659 1382 814 1442 pedem
837 1392 1086 1442 supponant
1102 1383 1156 1426 ad
1169 1382 1472 1437 offensionem,

87 1461 204 1497 certe
226 1461 276 1495 ut
296 1452 519 1496 inveniant
544 1453 666 1513 quod
688 1462 905 1498 accusent.
935 1456 991 1497 Et
1012 1453 1109 1512 quis
1131 1454 1189 1496 ita
1212 1452 1406 1496 ambulet
1426 1461 1476 1496 ut

87 1538 305 1583 nusquam
329 1521 532 1567 labatur?
552 1525 681 1568 Certe
707 1523 827 1583 quod
844 1524 929 1568 cito
952 1524 1002 1567 fit
1027 1523 1097 1568 vel
1116 1524 1160 1567 in
1174 1522 1353 1582 lingna?
1371 1525 1476 1567 Ete-

87 1593 180 1637 nim
200 1593 409 1652 scriptum
436 1602 500 1637 est
525 1613 534 1638 ε
560 1612 579 1635 «
613 1594 655 1638 Si
678 1594 775 1653 quis
796 1594 840 1637 in
861 1593 1009 1652 lingua
1042 1609 1130 1637 non
1161 1593 1369 1649 offendit,
1407 1594 1479 1638 hic

91 1682 112 1705 »
148 1662 366 1723 perfectus
398 1673 465 1707 est
493 1664 600 1708 vir-⁹².
629 1682 648 1704 »
676 1664 776 1716 Quis
799 1664 973 1708 tandem
997 1680 1041 1708 se
1061 1664 1219 1708 audeat
1241 1664 1383 1708 dicere
1406 1675 1481 1709 aut

88 1742 243 1793 putare
266 1732 534 1793 perfectum?
563 1737 678 1791 Ergo
699 1749 871 1778 necesse
893 1744 955 1778 est
983 1743 1034 1778 ut
1063 1733 1218 1794 aliquis
1240 1734 1413 1778 labatur
1435 1736 1482 1778 in

89 1804 255 1862 lingua.
281 1803 350 1847 Illi
363 1813 508 1848 autem
526 1805 603 1864 qui
621 1804 814 1849 incolent
832 1814 875 1848 et
894 1804 1179 1860 abscondent,
1202 1815 1481 1864 aucupantur

90 1874 224 1920 verba
243 1874 410 1929 omnia,
431 1884 674 1934 quaerentes
696 1874 855 1919 alicubi
874 1874 1050 1935 laqueos
1073 1885 1116 1919 et
1138 1876 1320 1920 nodosas
1339 1875 1480 1920 facere

91 1945 352 2000 calumnias,
378 1945 667 2005 quibusprius
689 1945 769 2005 ipsi
790 1945 1084 2005 implicantur,
1112 1963 1244 2007 quam
1268 1963 1376 2007 quos
1394 1947 1480 1990 im-

91 2015 252 2075 plicare
277 2014 551 2059 contendunt
582 2035 590 2059 ε
622 2024 672 2059 ut
692 2016 811 2075 prius
832 2016 913 2075 ipsi
945 2018 1174 2076 capiantur
1201 2027 1244 2061 et
1275 2026 1478 2077 pereant,

92 2101 227 2146 quam
258 2085 362 2130 alios
384 2086 558 2146 capiant
579 2095 628 2130 ut
653 2086 854 2146 perdant.
879 2088 1055 2131 Etenim
1077 2088 1261 2131 recurrit
1282 2089 1415 2131 homo
1437 2088 1482 2131 in

93 2171 168 2201 cor
190 2171 318 2200 suum
334 2192 345 2211 ,
373 2165 417 2200 et
447 2156 551 2200 inde
575 2156 758 2200 recurrit
792 2157 846 2200 ad
870 2160 1008 2200 Deum
1024 2192 1034 2211 ,
1069 2166 1112 2200 et
1137 2158 1258 2202 novit
1293 2157 1437 2202 dicere
1469 2177 1478 2202 ε

99 2245 120 2268 «
155 2228 205 2270 In
237 2229 329 2270 Deo
363 2225 554 2271 laudabo
586 2242 806 2271 sermones
844 2242 1022 2271 meos.»
1057 2227 1280 2288 Quidquid
1316 2228 1483 2272 bonum

94 2294 209 2351 dixi,
236 2296 454 2356 quidquid
479 2312 631 2341 verum
664 2297 779 2352 dixi,
816 2297 894 2341 Dei
916 2297 1028 2352 dixi,
1063 2307 1107 2341 et
1141 2299 1196 2341 de
1223 2301 1314 2341 Deo
1348 2298 1435 2341 dixi
1471 2318 1479 2342 2

96 2366 312 2428 quidquid
338 2367 450 2412 forte
475 2367 594 2412 aliud
621 2368 708 2412 dixi
741 2368 861 2428 quod
883 2368 1025 2412 dicere
1047 2385 1136 2413 non
1161 2369 1322 2424 debui,
1350 2370 1483 2414 homo

97 2436 212 2492 dixi,
243 2436 319 2481 sed
348 2437 430 2482 sub
452 2441 542 2482 Deo
566 2437 667 2482 dixi.
698 2439 782 2492 Qui
805 2440 1034 2483 confirmat
1064 2439 1385 2495 ambulantem,
1408 2441 1486 2483 mi-

98 2515 228 2551 natur
249 2508 432 2563 erranti,
457 2508 640 2566 ignoscit
662 2510 932 2567 agnoscenti,
964 2519 1136 2554 revocat
1163 2508 1353 2568 linguam
1371 2546 1381 2565 ,
1411 2525 1482 2554 re-

148 2591 413 2634 =Manh,xxv1n,
436 2593 485 2624 ¹3.
508 2610 548 2616 —-
570 2600 581 2616 ²
601 2593 679 2625 Psal.
703 2604 752 2634 iv,
773 2604 802 2634 7..
826 2610 866 2616 —-
887 2592 899 2614 3
919 2593 1031 2624 Jacob.
1057 2604 1108 2633 111,
1131 2604 1160 2625 2.
