1841 3223
0 2564 2 2605 l

230 244 471 275 ENARRATm
503 248 519 273 1
550 247 597 274 ΙΝ
627 243 832 274 PsALMUM
864 245 1029 283 xmm,
1063 242 1193 271 SERM.
1229 244 1260 270 1.
1363 231 1447 270 367

64 319 128 355 est
142 345 153 365 ‚
179 326 269 356 non
290 326 519 372 possessor.
542 311 765 355 Habemus
786 310 902 354 enim
919 308 1144 370 quoddam
1164 307 1350 353 verbum
1367 308 1453 355 ha->

64 380 275 426 bitatione
302 383 518 441 signatum
544 382 591 424 in
626 381 847 440 Scriptura
882 379 991 434 Dei,
1021 378 1099 423 ubi
1132 378 1191 422 ait
1216 396 1228 422 :-
1267 395 1289 420 «
1321 377 1447 437 Elegi

68 470 88 491 »
122 451 249 511 abjici
273 452 320 496 in
349 450 479 496 domo
506 450 680 495 Domini
709 449 843 507 magis
864 464 997 509 quam
1019 448 1214 492 habitare
1235 448 1281 491 in
1302 448 1450 492 taber-

70 539 87 561 »
122 521 287 566 naculis
304 530 581 582 peccatorum
600 522 631 564 ¹.
652 538 672 562 »
694 519 810 573 Quid
825 520 941 563 enim
954 554 964 574 ,
985 520 1017 562 si
1035 518 1230 578 abjiceris
1248 518 1295 562 in
1318 517 1450 563 domo

64 591 253 647 Domini,
280 607 371 636 non
392 592 453 636 ibi
474 591 668 635 habitas?
687 589 837 635 Noluit
857 588 1098 648 significare
1113 588 1448 645 habitationem,

64 661 146 704 nisi
168 661 215 704 in
237 661 295 705 eis
323 662 399 722 qui
421 670 605 720 regunt,
631 669 676 704 et
703 667 857 703 tenent
872 693 883 712 ‚
909 667 952 702 et
974 658 1278 713 dominantur,
1304 667 1348 702 et
1368 673 1451 716 gu-

64 731 276 777 bernant:
301 733 377 793 qui
398 741 543 777 autem
574 740 933 785 contemnuntur,
958 744 1048 774 non
1070 729 1193 789 quasi
1221 729 1450 785 habitant,

64 801 140 846 sed
161 803 345 864 subjecti
367 811 483 847 sunt.
520 805 586 846 Ita
608 811 755 846 autem
777 800 886 845 dixit
906 819 914 845 :
943 798 1152 845 Subditus
1173 798 1274 844 volo
1295 814 1384 843 esse
1406 799 1453 843 in

65 871 196 917 domo
232 873 311 917 Dei
331 873 467 932 magis
503 887 637 932 quam
666 886 845 931 regnare
871 871 917 914 in
941 868 1229 915 tabernaculis
1248 878 1453 929 peccato-

65 958 178 986 rum.
191 946 344 1003 Itaque
365 942 399 987 si
420 951 486 986 est
506 942 651 1002 aliqua
673 941 893 986 distinctio
914 941 1028 985 inter
1042 942 1234 985 «Omnes
1252 949 1415 998 gentes,
1431 959 1450 982 »

65 1012 422 1057 ct«Habitatores
445 1012 576 1066 orbis,
592 1030 611 1053 »
625 1012 736 1056 sicut
753 1021 818 1056 est
838 1010 1059 1056 distinctio
1079 1011 1194 1054 inter
1205 1010 1412 1066 «Audite,
1428 1027 1450 1051 »

66 1092 111 1127 et
136 1102 156 1126 «
183 1084 374 1128 Auribus
396 1084 603 1143 percipite
623 1118 633 1139 ‚
662 1102 684 1124 »
708 1084 792 1128 hoe
823 1081 1002 1143 quidem
1023 1081 1197 1127 videtur
1225 1082 1424 1142 repetisse
1439 1116 1451 1137 ,

66 1152 142 1198 sed
163 1163 306 1198 tamen
333 1153 453 1199 aliud
483 1163 572 1209 est,
608 1154 731 1215 quod
759 1168 860 1198 sane
881 1153 1020 1198 voluit
1053 1153 1321 1211 significare3
1351 1153 1455 1213 quia

65 1223 146 1268 ista
167 1223 341 1285 eloquia
367 1224 557 1270 audituri
587 1234 736 1280 erant,
767 1240 857 1268 non
878 1222 1019 1268 solum
1040 1232 1289 1283 peccatores
1311 1231 1355 1266 et
1377 1222 1457 1267 im-

65 1294 140 1353 pii,
165 1294 241 1339 sed
257 1304 299 1339 et
317 1294 437 1355 justi.
466 1295 681 1338 Permixte
698 1293 830 1338 modo
848 1294 1034 1338 audiunt
1056 1309 1205 1338 omnes
1227 1312 1235 1338 :
1257 1292 1334 1338 sed
1354 1308 1455 1337 cum

65 1374 246 1410 ventum
267 1365 400 1409 fuerit
421 1365 477 1410 ad
494 1364 762 1410 reddendam
785 1366 996 1410 rationem
1010 1400 1020 1420 ,
1039 1365 1360 1425 separabuntur
1379 1365 1456 1425 qui

64 1434 156 1479 sine
185 1451 313 1480 causa
346 1435 605 1491 audierunt,
641 1436 696 1480 ab
719 1435 804 1481 illis
835 1436 911 1496 qui
946 1436 1126 1480 auribus
1148 1445 1451 1496 perceperunt.

64 1504 258 1550 Audiant
280 1521 383 1565 ergo
405 1516 448 1550 et
469 1515 715 1566 peccatores
731 1525 739 1550 ;
754 1525 775 1549 «
795 1506 955 1551 Audite
968 1507 1061 1551 haec
1076 1521 1228 1551 omnes
1251 1515 1451 1565 gentes.»

64 1574 260 1621 Audiant
276 1585 319 1620 et
330 1576 437 1636 justi
457 1611 467 1632 ‚
488 1576 564 1636 qui
586 1592 675 1621 non
697 1576 787 1620 sine
809 1592 939 1621 causa
961 1576 1210 1632 audierunt,
1234 1585 1278 1620 et
1298 1584 1457 1635 regunt

64 1646 208 1704 potius
230 1656 391 1691 terram
407 1682 418 1702 ,
444 1663 575 1707 quam
603 1656 816 1706 reguntur
836 1664 860 1692 a
888 1657 1000 1691 terra
1022 1666 1031 1691 z
1062 1666 1081 1689 «
1107 1646 1296 1691 Auribus
1316 1647 1457 1707 perci-

69 1732 91 1756 »
126 1716 214 1775 pite
236 1732 385 1761 omnes
407 1717 484 1777 qui
506 1717 710 1761 habitatis
731 1717 898 1761 orbem.
928 1734 949 1758 »

124 1789 206 1830 ΙΙΙ.
241 1791 298 1831 Et
319 1788 479 1831 iterum
501 1785 608 1830 dicit
629 1805 637 1830 ε
668 1805 688 1828 «
708 1787 882 1846 Quique
899 1786 1128 1845 terrigenae
1151 1795 1195 1830 et
1215 1786 1293 1830 filii
1312 1787 1457 1831 homi-

67 1875 90 1898 »
125 1872 232 1901 num
243 1861 276 1902 ².
300 1876 321 1899 »
342 1859 472 1911 Quod
493 1857 568 1912 ait,
588 1876 608 1899 «
622 1857 881 1916 Terrigenae,
896 1875 916 1898 »
932 1856 987 1901 ad
1005 1867 1252 1917 peccatores
1274 1857 1424 1902 retulit
1442 1879 1453 1916 3

67 1926 188 1987 quod
208 1927 295 1972 ait:
319 1946 340 1970 «
360 1927 459 1971 Filii
480 1927 726 1981 hominum,
749 1945 769 1968 »
794 1926 851 1971 ad
874 1926 1023 1971 fideles
1046 1937 1090 1972 et
1105 1929 1261 1988 justos.
1287 1927 1457 1973 Videtis

67 2013 170 2057 ergo
183 2033 194 2053 ,
218 1998 320 2058 quia
341 2006 535 2043 servatur
556 1997 635 2041 ista
655 1996 888 2042 distinctio.
911 1998 997 2051 Qui
1013 2007 1116 2043 sunt
1135 2014 1239 2058 ergo
1264 2018 1285 2041 «
1311 1999 1457 2043 Terri-

70 2087 91 2110 »
126 2071 276 2127 genae?
292 2087 312 2110 »
334 2068 432 2113 Filii
454 2078 595 2112 terrae.
617 2068 703 2121 Qui
726 2078 829 2113 sunt
845 2069 922 2112 filii
945 2071 1098 2114 terrae?
1120 2071 1205 2123 Qui
1230 2071 1459 2115 haeredita-

68 2147 131 2183 tes
152 2148 342 2183 terrenas
364 2138 607 2198 requirunt.
635 2137 720 2191 Qui
743 2147 845 2182 sunt
869 2157 889 2180 «
922 2138 1021 2182 Filii
1042 2139 1302 2184 hominum?
1326 2158 1346 2181 υ
1373 2141 1458 2193 Qui

67 2209 288 2268 pertinent
310 2207 362 2252 ad
385 2208 524 2252 filium
554 2207 758 2252 hominis.
784 2207 1034 2269 Aliquando
1051 2210 1141 2269 jam
1163 2210 1243 2254 ista
1261 2210 1458 2254 distinxi-

68 2294 165 2324 mus
204 2280 428 2324 Sanctitati
457 2282 648 2335 Vestrae,
679 2288 724 2323 et
748 2280 994 2324 invenimus
1022 2280 1124 2340 quia
1146 2281 1288 2325 Adam
1323 2282 1458 2327 homo

69 2358 183 2404 erat,
207 2348 322 2393 filius
338 2349 526 2394 hominis
547 2364 638 2393 non
659 2358 778 2406 erat3
801 2350 999 2394 Christus
1021 2359 1166 2394 autem
1189 2350 1302 2395 filius
1319 2351 1459 2396 homi-

69 2419 136 2463 nis
169 2429 287 2475 erat,
323 2428 368 2463 et
398 2422 513 2464 Deus
541 2427 632 2463 erat
656 2420 688 2462 3.
724 2419 1001 2480 Quicumque
1024 2420 1138 2465 enim
1161 2421 1382 2480 pertinent
1403 2421 1459 2467 ad

118 2521 128 2537 ¹
149 2514 230 2548 Psal.
249 2525 368 2548 Lxxxlu
379 2538 390 2557 ,
417 2525 470 2547 11.
491 2530 533 2537 —
556 2521 569 2537 ²
594 2514 641 2547 Id.
663 2524 779 2556 nvm,
812 2514 844 2548 3.
863 2531 905 2538 —-
925 2513 939 2539 3
957 2516 993 2547 In
1010 2516 1218 2550 Euan-atione
1242 2516 1355 2551 Psalmi
1373 2527 1428 2552 vm
1444 2542 1455 2561 ‚

72 2580 105 2603 n.
128 2581 178 2604 10.
