1841 3223
379 182 462 222 274
811 191 845 219 s.
882 191 1110 220 Aucosnm
1143 193 1323 221 nmscom

371 263 494 320 cujus
517 273 667 303 eorum
705 258 750 301 in
787 260 1101 304 resurrectione
1136 259 1217 303 erit
1243 274 1375 314 uxor,
1401 258 1689 313 deficiebant,
1716 267 1760 303 et

371 329 630 389 respondere
643 343 732 372 non
749 337 964 388 poterant.
979 333 1034 373 At
1049 345 1154 374 vero
1174 329 1360 374 Domino
1378 329 1556 389 quando
1578 338 1642 373 est
1662 344 1761 388 pro-

369 401 505 460 posita
521 434 532 454 ,
558 399 659 459 quia
682 399 808 444 nobis
832 400 1087 445 resurrectio
1124 399 1219 445 talis
1248 401 1534 459 promittitur,
1559 415 1649 444 non
1671 414 1759 459 qua

369 479 623 530 repetantur
645 469 895 531 hujusmodi
915 470 1176 532 voluptates,
1202 472 1278 516 sed
1301 487 1387 532 qua
1409 481 1570 515 aeterna
1592 470 1647 515 de
1664 471 1759 530 ipso

369 545 458 585 Deo
493 540 650 600 gaudia
689 551 1016 601 comparentur,
1054 541 1276 601 respondit
1315 542 1526 586 Dominus
1544 577 1554 597 ,
1588 550 1632 585 et
1663 542 1723 585 ait
1745 559 1754 585 :

372 632 392 655 «
416 613 578 656 Erratis
599 613 836 658 nescientes
862 614 1102 673 Scripturas
1117 648 1128 666 ,
1164 628 1308 672 neque
1328 614 1535 657 virtutem
1572 612 1650 657 Dei
1673 630 1681 656 :
1712 612 1758 656 in

369 701 390 724 »
417 684 730 728 resurrectione
763 684 879 727 enim
915 698 1058 743 neque
1087 682 1288 737 nubent,
1326 698 1470 743 neque
1492 697 1646 727 uxores
1669 680 1756 740 du-

370 772 389 795 »
415 763 515 799 cent
538 773 547 799 2
568 769 656 798 non
679 753 795 797 enim
818 754 1026 813 incipient
1048 753 1158 798 mori
1176 755 1205 796 ¹.
1227 771 1246 795 »
1261 752 1313 798 Id
1334 762 1414 808 est,
1436 769 1525 797 non
1546 753 1608 797 ibi
1631 768 1756 813 quae-

365 825 474 869 ritui·
491 839 725 879 successor,
751 824 825 868 ubi
849 839 938 868 non
959 823 1040 867 erit
1061 823 1274 868 decessor.
1301 827 1358 868 Et
1379 823 1487 884 quid
1503 823 1610 867 erit?
1632 841 1652 864 «
1670 822 1756 868 Sed

369 914 389 937 »
424 905 579 950 erunt,
605 895 770 956 inquit,
795 894 984 956 aequales
1002 895 1177 954 Angelis
1200 895 1292 940 Dei.
1321 914 1341 936 »
1362 896 1451 941 Nisi
1471 894 1581 939 sorte
1603 903 1753 954 putas,

366 966 486 1027 quod
520 965 670 1025 Angeli
693 966 831 1026 epulis
852 967 1117 1027 quotidianis
1135 1002 1146 1022 ,
1177 976 1220 1011 et
1239 967 1343 1012 vino
1366 983 1454 1027 quo
1473 976 1515 1011 te
1537 966 1724 1010 inebrias
1743 1000 1754 1020 ,

367 1037 610 1095 gaudeant,
637 1047 713 1081 aut
744 1038 827 1082 hoc
863 1037 975 1082 forte
1003 1038 1221 1082 arbitraris
1240 1073 1250 1092 ,
1276 1036 1397 1098 quod
1419 1037 1572 1094 Angeli
1598 1052 1756 1081 uxores

364 1108 571 1152 habeant.
607 1108 723 1153 Nihil
751 1123 903 1153 eorum
933 1118 997 1153 est
1027 1108 1145 1169 apud
1177 1108 1380 1168 Angelos.
1418 1107 1542 1152 Unde
1564 1107 1758 1165 gaudent

365 1178 522 1238 Angeli
542 1214 552 1234 ,
586 1179 667 1223 nisi
700 1179 820 1224 unde
857 1180 1069 1224 Dominus
1103 1180 1195 1223 ait:
1234 1179 1458 1224 «Nescitis
1478 1178 1579 1238 quia
1601 1177 1758 1236 Angeli
1822 1169 1824 1172 V

367 1268 388 1291 »
424 1265 575 1294 eorum
597 1265 767 1310 semper
795 1250 946 1294 vident
976 1249 1129 1294 faciem
1161 1251 1353 1294 Patris2?
1380 1268 1399 1290 »
1429 1249 1471 1294 Si
1492 1264 1593 1307 ergo
1615 1247 1671 1292 ad
1691 1246 1759 1292 fa-

365 1321 473 1365 ciem
498 1321 634 1365 Patris
657 1320 849 1379 gaudent
866 1320 1046 1380 Angeli,
1063 1321 1118 1364 ad
1138 1320 1222 1364 tale
1242 1320 1451 1379 gaudium
1471 1328 1514 1363 tc
1531 1335 1726 1380 praepara
1745 1339 1754 1364 :

366 1401 442 1436 aut
478 1392 512 1436 si
543 1391 711 1436 invenis
748 1391 903 1436 melius
931 1407 1063 1452 quam
1103 1391 1251 1436 videre
1286 1390 1444 1436 faciem
1466 1391 1558 1436 Dei.
1584 1394 1661 1435 Vae
1684 1390 1759 1435 tali

367 1463 504 1507 amori
526 1471 628 1518 tuo,
667 1464 701 1507 si
727 1462 797 1508 vel
820 1463 1045 1523 suspicaris
1079 1462 1242 1523 aliquid
1264 1462 1490 1522 pulchrius
1506 1498 1516 1516 ,
1542 1478 1673 1523 quam
1696 1471 1760 1507 est

366 1532 440 1577 ille
459 1549 481 1577 a
503 1548 591 1593 quo
623 1542 686 1577 est
714 1548 844 1578 omne
865 1533 1102 1593 pulchrum
1118 1569 1128 1589 ,
1155 1532 1275 1594 quod
1294 1543 1337 1577 te
1359 1541 1532 1588 teneat,
1555 1549 1610 1576 ne
1631 1532 1758 1576 illum

366 1603 556 1662 cogitare
584 1603 801 1647 merearis.
840 1604 1048 1647 Dominus
1074 1604 1118 1646 in
1149 1618 1279 1647 carne
1301 1612 1421 1657 erat,
1452 1612 1495 1647 et
1523 1603 1760 1663 apparebat

367 1676 500 1720 homo
521 1674 787 1719 hominibus.
815 1674 960 1728 Qualis
983 1675 1251 1735 apparebat?
1273 1678 1370 1719 Jam
1389 1673 1502 1730 dixi,
1528 1675 1660 1720 homo
1683 1675 1760 1719 ho-

366 1746 572 1791 minibus.
609 1744 728 1798 Quid
765 1759 972 1803 magnum
1009 1745 1247 1805 apparebat
1266 1745 1284 1786 ’.Ρ
1317 1747 1427 1789 Caro
1472 1745 1606 1789 carni.
1641 1745 1759 1798 Quid

368 1831 579 1875 magnum
597 1816 834 1875 apparebat
849 1850 860 1869 ,
886 1815 941 1859 de
958 1831 1047 1875 quo
1069 1816 1235 1858 dictum
1253 1824 1338 1869 est,
1368 1833 1388 1856 «
1414 1815 1614 1859 Vidimus
1636 1831 1754 1870 eum,

370 1906 391 1928 »
426 1896 469 1931 ct
491 1902 581 1931 non
608 1886 801 1930 habebat
822 1884 1007 1944 speciem
1031 1899 1174 1944 neque
1203 1884 1470 1928 deeoremss?
1495 1903 1515 1926 »
1541 1885 1647 1939 Quis
1669 1901 1759 1931 non

367 1957 559 2003 habebat
579 1956 767 2015 speciem
804 1970 945 2014 neque
967 1953 1199 2012 decorem,
1222 1954 1277 1998 de
1299 1970 1388 2015 quo
1423 1955 1527 1999 item
1565 1955 1725 2000 dicitur
1746 1976 1755 2001 z

373 2048 393 2070 «
417 2027 643 2088 Speciosus
659 2025 800 2070 forma
821 2041 910 2085 prae
934 2024 1031 2069 filiis
1054 2025 1281 2069 hominum
1296 2027 1328 2069 4.
1358 2044 1378 2066 »
1408 2028 1464 2070 Ut
1485 2026 1641 2082 homo,
1668 2043 1758 2072 non

369 2099 562 2144 habebat
582 2097 767 2157 speciem
789 2111 933 2156 neque
963 2095 1190 2153 decorem3
1214 2095 1290 2139 scd
1312 2096 1527 2155 speciosus
1546 2096 1683 2142 forma
1705 2113 1759 2142 ex

369 2186 422 2215 eo
443 2168 565 2231 quod
591 2177 655 2212 est
675 2183 765 2227 prae
786 2166 883 2211 filiis
910 2166 1155 2210 hominum.
1190 2165 1294 2211 Ideo
1327 2166 1511 2211 formam
1541 2167 1658 2212 illam
1680 2168 1759 2212 de-

368 2241 554 2288 formem
563 2239 702 2284 carnis
714 2237 944 2283 ostendens
955 2236 1090 2281 oculis
1106 2237 1384 2292 intuentium,
1401 2236 1508 2297 quid
1526 2238 1613 2282 ait?
1634 2257 1654 2280 «
1667 2239 1752 2292 Qui

372 2331 393 2355 1)
428 2311 571 2370 diligit
592 2325 661 2354 me
679 2345 690 2365 ,
712 2307 917 2353 mandata
940 2322 1036 2352 mea
1058 2306 1271 2362 custodit,
1304 2316 1348 2351 et
1379 2308 1455 2367 qui
1483 2307 1624 2367 diligit
1656 2324 1726 2353 me
1741 2343 1752 2365 ‚

373 2401 394 2425 »
429 2381 635 2441 diligetur
656 2397 679 2425 a
715 2384 840 2425 Patre
869 2394 993 2434 meo,
1019 2387 1063 2422 et
1083 2393 1163 2437 ego
1190 2378 1366 2437 diligam
1385 2393 1484 2422 eum
1505 2414 1515 2434 ,
1542 2389 1585 2423 et
1608 2389 1755 2424 osten—

420 2486 429 2503 ¹
450 2478 566 2511 Matth.
586 2490 666 2520 xxix,
685 2486 740 2521 29,
763 2477 821 2519 303
836 2481 869 2510 ct
887 2478 964 2509 Luc.
981 2487 1035 2518 xx,
1056 2474 1111 2517 35,
1128 2474 1181 2507 36.
1205 2493 1243 2498 -
1257 2474 1394 2508 ²Matth.
1416 2487 1502 2518 xvia,
1528 2488 1577 2509 xo.
1601 2495 1640 2500 —
1657 2474 1752 2509 31sa'1'.

372 2546 436 2578 rui,
454 2543 487 2568 ¹2.
508 2550 550 2558 --
568 2531 585 2563 4
605 2533 685 2566 Psal.
703 2543 790 2575 xmv,
816 2531 847 2565 3.
1072 2528 1076 2535 ¹
