1841 3223
350 214 428 252 102
774 230 807 255 s.
847 227 1075 255 mensum
1113 226 1294 255 nascor:

350 399 418 415 ΜΜ
424 399 489 415 νυνὶ
495 399 1615 419 uummnmmummwvsmmmxmxmmumm
1621 403 1687 419 m
1693 403 1728 419 Ἃ

795 514 1188 563 ENARRATIO
1224 518 1290 563 111

644 658 694 698 IN
736 659 944 699 EUMDEM
985 660 1223 701 PSALMUM
1261 659 1437 702 xxxvl,

910 791 1086 829 SERMO
1115 792 1186 827 111.

783 915 844 958 De
865 912 990 958 tertia
1012 921 1135 972 parte
1149 912 1321 959 Psalmi.

409 1051 446 1093 Ι.
467 1051 576 1093 PAns
593 1047 824 1092 novissima
841 1047 998 1092 Psalmi
1020 1048 1149 1108 hujus
1189 1048 1428 1094 indiscussa
1449 1049 1676 1095 vobiscum
1693 1060 1738 1096 et

352 1121 581 1164 intractata
606 1129 885 1165 remanserat.
913 1121 1100 1165 Proinde
1131 1121 1243 1166 sicut
1262 1121 1391 1167 video
1408 1157 1419 1177 ‚
1444 1138 1535 1167 non
1555 1123 1736 1184 quidem

350 1191 592 1236 secundum
614 1192 942 1252 dispositionemv
964 1201 1154 1237 nostram
1171 1227 1182 1248 ‚
1199 1191 1275 1236 sed
1297 1201 1443 1237 tamen
1468 1209 1559 1238 non
1580 1204 1737 1254 praeter

349 1261 674 1322 dispositionem
707 1278 853 1318 suam,
881 1263 936 1307 ad
965 1263 1238 1307 reddendum
1259 1262 1457 1308 debitum
1480 1280 1558 1310 nos
1586 1266 1738 1310 Domi-

350 1349 433 1377 nus
454 1333 686 1378 revoeavit.
710 1335 872 1378 Intenti
894 1349 995 1392 ergo
1012 1343 1170 1388 estote,
1191 1333 1368 1389 fratres,
1391 1344 1441 1379 ut
1461 1336 1495 1379 si
1508 1351 1738 1396 possumus

349 1405 440 1448 Deo
463 1402 718 1464 adjuvante,
739 1403 809 1448 vel
824 1404 954 1449 modo
977 1403 1194 1448 solvamus
1211 1404 1333 1464 quod
1351 1420 1428 1450 nos
1453 1405 1614 1450 debere
1632 1422 1738 1466 eog-

348 1476 580 1521 noscimus.
618 1476 724 1529 Quis
754 1485 818 1519 est
849 1476 926 1536 qui
955 1476 1082 1530 dicit,
1121 1476 1242 1536 quod
1269 1475 1402 1522 modo
1439 1478 1740 1523 cantavimus?

354 1566 376 1590 α
401 1549 425 1592 J
431 1547 580 1591 uvenis
602 1546 689 1601 sui,
715 1556 758 1590 et
780 1562 879 1591 eece
904 1547 1051 1602 senui,
1077 1556 1121 1591 et
1142 1563 1230 1592 non
1252 1548 1341 1592 vidi
1357 1549 1526 1608 justum
1555 1548 1742 1594 derelic-

353 1636 374 1660 »
400 1627 495 1662 tum
511 1652 522 1672 ‚
540 1633 620 1662 nee
648 1632 795 1662 semen
824 1619 916 1677 ejus
939 1632 1137 1677 quaerens
1157 1632 1315 1676 panem
1329 1620 1357 1662 1.
1378 1636 1398 1659 »
1419 1618 1462 1663 Si
1483 1620 1606 1678 quasi
1627 1635 1743 1664 unus

351 1689 484 1733 homo
502 1688 698 1749 loquitur
713 1723 724 1742 ,
747 1703 879 1748 quam
898 1687 1089 1732 multum
1113 1697 1284 1747 tempus
1306 1697 1370 1733 est
1387 1697 1490 1733 aetas
1510 1690 1639 1734 unius
1658 1691 1743 1735 ho-

350 1760 479 1803 minis
495 1781 506 1817 3
531 1768 574 1803 et
595 1759 703 1819 quid
717 1773 923 1818 magnum
938 1768 1016 1814 est,
1031 1768 1082 1803 ut
1098 1759 1231 1803 homo
1246 1758 1408 1818 positus
1425 1759 1472 1803 in
1488 1775 1576 1804 una
1598 1760 1744 1821 aliqua

350 1839 473 1890 parte
506 1838 720 1874 terrarum
755 1844 833 1889 per
871 1838 1009 1874 totam
1041 1829 1172 1873 vitam
1202 1844 1325 1873 suam
1364 1830 1541 1874 brevem
1556 1865 1567 1885 ‚
1610 1846 1743 1891 quam

350 1902 544 1946 humana
565 1900 652 1944 vita
675 1899 818 1944 brevis
841 1909 926 1954 est,
953 1900 1149 1960 quamvis
1171 1900 1227 1944 ad
1254 1909 1523 1945 senectutem
1544 1915 1568 1944 a
1583 1902 1744 1961 juven-

351 1980 447 2016 tute
467 1971 729 2030 pervenerit,
745 1986 836 2015 non
848 1970 1005 2014 viderit
1015 1971 1184 2031 justum
1206 1969 1480 2025 derelictum,
1498 1986 1579 2015 nec
1596 1986 1744 2016 semen

352 2043 445 2103 ejus
479 2056 679 2103 quaerens
716 2043 906 2100 panem?
930 2044 1028 2087 Non
1062 2050 1125 2085 est
1157 2040 1422 2086 mirandum.
1451 2042 1600 2086 Potuit
1627 2043 1744 2086 enim

352 2114 467 2168 fieri,
494 2122 545 2157 ut
566 2121 666 2156 ante
688 2113 822 2158 vitam
856 2113 989 2172 ipsius
1022 2111 1173 2156 fuisset
1200 2112 1355 2172 aliquis
1378 2113 1521 2172 justus
1543 2128 1744 2173 quaerens

352 2198 533 2243 panem,
558 2183 702 2241 potuit
723 2183 814 2227 fieri
835 2192 885 2227 ut
906 2183 951 2226 in
968 2182 1049 2226 alia
1071 2191 1193 2241 parte
1215 2191 1428 2227 terrarum
1442 2197 1533 2226 non
1554 2183 1631 2226 ubi
1652 2183 1745 2242 ipse

353 2264 477 2299 esset.
498 2253 664 2298 Deinde
686 2253 805 2298 aliud
822 2253 943 2314 quod
964 2263 1133 2308 movet,
1165 2252 1310 2297 audite
1339 2272 1348 2298 ε
1373 2256 1487 2298 Eece
1508 2254 1743 2314 unusquis-

353 2340 440 2385 que
461 2325 506 2368 in
519 2324 665 2379 vobis,
686 2326 762 2385 qui
783 2323 896 2369 forte
903 2325 993 2385 jam
1006 2324 1170 2378 senuit,
1190 2324 1422 2382 respiciens
1434 2339 1584 2368 cursus
1605 2325 1744 2370 aetatis

355 2410 444 2439 suae
466 2396 555 2454 jam
582 2405 775 2454 peractos
797 2395 876 2439 sibi
894 2430 904 2450 ‚
941 2395 1017 2439 ubi
1049 2395 1311 2454 cogitatione
1337 2404 1528 2438 versatus
1543 2394 1676 2438 fuerit
1696 2395 1742 2438 in

354 2465 421 2510 his
442 2481 552 2525 quos
573 2467 716 2521 novit,
748 2466 860 2512 forte
881 2481 971 2512 non
995 2466 1033 2510 ei
1067 2466 1255 2511 occurrit
1271 2467 1412 2524 justus
1442 2481 1642 2525 quaerens
1664 2481 1742 2525 pa-

404 2579 411 2595 ¹
438 2573 516 2605 Psnl.
538 2584 643 2612 xxxvl,
664 2573 716 2605 ’Ξῖ
