1841 3223
455 246 696 276 ENARRA'rlo
725 249 771 276 m
803 246 1005 276 PsALMUM
1038 249 1124 275 Ην.
1387 234 1472 274 517

88 312 273 373 dejicere
287 311 358 357 vel
381 312 552 356 auferre
583 312 742 372 quibus
763 313 966 357 vincitur.
989 315 1046 356 Et
1078 312 1150 355 ille
1168 311 1364 356 occultus
1388 312 1472 356 ini·
1492 353 1496 356 .

87 382 225 427 micus
246 381 357 427 illud
388 383 468 426 tibi
494 382 591 427 vult
624 381 776 427 tollere
809 381 928 425 unde
956 382 1158 426 vincitur.
1187 385 1328 426 Homo
1356 382 1473 425 enim

87 453 309 498 hominem
322 453 458 497 vincis
474 453 665 496 humana
686 451 907 507 felicitate,
930 451 1155 496 diabolum
1177 463 1323 496 autem
1337 452 1473 498 vincis

86 523 250 568 inimici
281 523 528 567 dilectione.
564 522 797 576 Quomodo
831 537 934 581 ergo
972 523 1106 567 homo
1135 523 1271 567 ambit
1301 523 1473 568 auferre

87 594 188 649 tibi,
219 603 262 638 et
284 593 560 649 detruncare,
577 603 651 638 aut
668 602 860 638 evertere
876 592 1124 637 felicitatem
1147 610 1233 654 qua
1248 593 1438 639 vincitur
1458 613 1470 640 ι

87 665 145 708 sic
162 673 205 708 et
222 662 421 709 diabolus
444 665 664 709 hominem
683 663 779 708 vult
793 664 965 707 vincere
981 664 1218 708 auferendo
1241 664 1358 708 unde
1378 665 1475 710 vin-

85 735 212 780 citur.
242 733 326 779 Sed
350 751 451 779 cura
473 735 519 778 in
541 735 672 779 corde
684 749 853 778 servare
868 734 1031 778 inimici
1052 734 1329 778 dilectionem
1347 771 1357 789 ,
1383 752 1471 796 qua

87 804 311 850 diabolum
341 805 492 850 vincis.
521 806 678 850 Saeviat
708 806 839 850 homo
868 815 1083 866 quantum
1110 815 1277 865 potest,
1304 807 1473 852 auferat

86 875 303 936 quidquid
332 885 501 935 potest3
536 876 568 919 si
598 875 793 934 diligitur
826 885 971 935 aperte
999 876 1203 932 saeviens,
1240 876 1379 921 victus
1410 886 1474 922 cst

86 947 256 992 occulte
273 938 468 991 saeviensi

144 1020 244 1062 VII.
260 1021 318 1062 At
333 1018 412 1062 iste
425 1018 711 1062 conturbatus
725 1027 768 1061 et
785 1018 1062 1062 contristatus
1076 1018 1243 1072 orabat,
1262 1027 1472 1079 tanquam

86 1089 264 1134 turbato
284 1104 375 1148 prae
391 1089 453 1132 ira
475 1088 604 1133 oculo
622 1104 715 1133 suo.
743 1092 810 1132 Ira
822 1104 924 1133 vero
941 1088 1083 1132 fratris
1106 1089 1138 1132 si
1155 1088 1285 1132 fuerit
1307 1090 1471 1134 invete-

86 1168 176 1204 rata
192 1195 203 1215 ‚
222 1161 313 1220 jam
328 1159 478 1204 odium
495 1169 572 1203 est.
596 1163 663 1204 Ira
680 1160 829 1204 turbat
846 1159 1040 1214 oculum,
1062 1159 1210 1204 odium
1229 1160 1442 1219 extinguit
1459 1180 1468 1205 :

83 1230 146 1274 ira
162 1229 325 1274 festuca
348 1239 437 1286 est,
458 1228 608 1274 odium
626 1230 769 1275 trabes
788 1240 864 1275 est.
891 1230 1141 1291 Aliquando
1159 1230 1286 1275 odisti
1308 1241 1351 1275 et
1372 1247 1471 1276 cor-

85 1301 185 1361 ripis
207 1301 463 1345 irascentem
489 1320 498 1345 :
522 1300 568 1344 in
586 1310 629 1345 te
651 1310 713 1345 est
735 1301 905 1355 odium,
932 1301 977 1344 in
999 1300 1072 1345 illo
1095 1301 1156 1344 ira
1179 1317 1309 1361 quem
1334 1303 1470 1349 corri-

83 1372 148 1431 pis
175 1391 184 1416 z
203 1371 357 1415 merito
374 1371 454 1415 tibi
475 1369 659 1416 dicitur:
691 1390 709 1412 «
734 1372 851 1431 Ejicc
866 1371 1055 1431 primum
1075 1373 1244 1417 trabem
1265 1372 1319 1416 de
1342 1373 1471 1417 oculo

86 1459 106 1482 »
141 1451 245 1497 tuo,
287 1451 331 1486 et
366 1441 425 1486 sic
458 1440 624 1486 videbis
652 1442 805 1501 ejicere
837 1440 1047 1486 festucam
1079 1441 1134 1486 de
1166 1442 1294 1486 oculo
1327 1442 1470 1488 fratris

85 1530 105 1554 »
126 1513 189 1557 tui
203 1515 232 1556 ².
254 1530 274 1554 n
291 1515 402 1558 Nam
427 1521 478 1556 ut
500 1512 707 1556 noveritis
726 1521 943 1571 quantum
969 1513 1138 1556 intersit
1160 1512 1273 1556 inter
1293 1514 1398 1557 iram
1426 1523 1470 1558 et

18 1594 20 1596 '
81 1582 232 1627 odium
260 1599 268 1623 :
295 1581 491 1643 quotidie
512 1583 710 1626 homines
736 1582 983 1626 irascuntur
1004 1581 1102 1626 filiis
1139 1583 1246 1637 suis,
1272 1582 1371 1627 date
1392 1585 1470 1644 qui

81 1652 255 1697 oderint
271 1651 382 1696 filios
396 1668 510 1696 suos.
528 1652 918 1709 Conturbatusiste
936 1653 1089 1697 orabat
1106 1662 1149 1696 et
1171 1654 1466 1711 contristatus,

79 1723 250 1767 luctans
271 1723 475 1767 adversus
507 1724 651 1767 omnia
686 1724 883 1767 omnium
917 1723 1282 1781 conviciatorum3
1308 1740 1395 1769 non
1419 1735 1469 1770 ut·

79 1793 267 1853 aliquem
289 1809 441 1837 eorum
464 1793 708 1838 convicium
732 1791 959 1836 referendo
981 1794 1193 1847 vinceret,
1215 1793 1290 1837 sed
1313 1810 1367 1838 ne
1387 1794 1468 1839 ali-

78 1877 209 1923 quem
233 1878 383 1906 eorum
406 1861 580 1906 odisset.
608 1863 718 1906 Hinc
736 1871 856 1917 orat,
877 1863 980 1906 hinc
1003 1864 1126 1922 petit.
1159 1883 1178 1905 «
1205 1867 1242 1907 A
1258 1880 1364 1908 voce
1383 1866 1468 1909 ini-

83 1951 103 1974 »
130 1931 252 1986 mici,
273 1940 317 1977 et
337 1947 362 1975 a
383 1930 667 1975 tribulatione
686 1933 922 1990 peccatoris
949 1951 956 1974 :
989 1934 1196 1991 quoniam
1218 1933 1467 1979 declinave-

83 2021 103 2044 »
127 2011 232 2047 runt
247 2002 293 2046 in
313 2017 382 2046 me
402 2002 701 2062 iniquitatem,
715 2012 759 2046 et
779 2003 825 2045 in
843 2002 906 2046 ira
928 2002 1250 2048 adumbrabant
1273 2022 1356 2050 mc.
1381 2010 1468 2052 Cor

83 2090 102 2114 »
127 2087 275 2116 meum
302 2071 615 2117 conturbatum
650 2081 713 2116 est
745 2072 792 2116 in
819 2075 929 2116 me2.
963 2091 982 2114 η
1015 2075 1108 2118 Hoc
1135 2084 1198 2118 est
1224 2074 1334 2119 illud
1363 2076 1468 2122 alibi

80 2142 244 2187 dictum
274 2163 283 2187 :
319 2162 340 2185 «
378 2142 594 2187 Turbatus
621 2151 685 2187 est
702 2158 791 2202 prae
819 2143 882 2186 ira
906 2142 1057 2188 oculus
1087 2159 1209 2188 meus
1225 2146 1257 2189 3.
1292 2164 1312 2187 »
1349 2150 1406 2190 Et
1433 2149 1466 2192 si

79 2212 232 2258 oculus
253 2212 456 2257 turbatus
490 2222 577 2268 est,
619 2212 737 2273 quid
761 2214 986 2274 sequitur?
1012 2233 1032 2256 α
1057 2217 1114 2259 Εῖ
1142 2224 1282 2260 metus
1316 2218 1465 2262 mortis

81 2301 103 2325 »
141 2282 296 2327 cecidit
318 2298 447 2342 super
477 2298 562 2326 me.
591 2300 612 2324 η
634 2283 732 2327 Vita
755 2293 900 2328 nostra
922 2283 1096 2329 dilectio
1118 2293 1207 2329 est:
1236 2285 1269 2328 si
1292 2287 1379 2330 vita
1398 2287 1465 2331 di-

78 2353 230 2408 lectio,
270 2369 387 2397 mors
419 2352 567 2397 odium
601 2362 678 2398 est.
710 2356 823 2398 Cum
848 2355 1030 2413 coeperit
1056 2356 1188 2399 homo
1227 2355 1377 2400 timere
1410 2373 1465 2403 ne

79 2424 218 2469 oderit
245 2439 375 2483 quem
398 2423 631 2483 diligebat,
669 2434 853 2468 mortem
877 2425 1027 2482 timet3
1053 2435 1095 2469 et
1117 2426 1324 2470 acriorem
1346 2443 1464 2472 mor-

79 2503 195 2550 tem,
221 2503 263 2538 et
295 2495 545 2539 interiorem
580 2504 785 2550 mortem,
817 2511 904 2554 qua
933 2494 1142 2540 occiditur
1173 2496 1340 2551 anima,
1372 2514 1461 2542 non

129 2585 136 2600 ¹
163 2578 403 2619 Mat111.x⁷11‚5.
432 2596 472 2600 —-
494 2586 505 2601 ²¹
526 2579 607 2611 Psal.
629 2590 690 2620 mv,
707 2577 738 2620 4,
757 2581 787 2610 5.
806 2596 844 2599 —
867 2577 943 2609 3111.
964 2591 1011 2620 vi,
1026 2580 1071 2610 S..
