1841 3223
370 253 394 289 52
403 251 422 289 4
431 252 453 289 8
791 255 824 284 s.
861 254 1089 284 Aucus-nm
1123 257 1302 284 EPISCOPI

367 330 549 374 duntur.
576 329 683 379 Qum
715 340 817 384 ergo
846 324 1046 381 abyssus,
1081 338 1213 383 quam
1241 323 1413 367 invocat
1446 322 1674 380 abyssum?
1710 321 1753 366 Si

366 397 640 460 profunditas
664 405 726 440 est
748 395 953 453 abyssus,
985 404 1186 452 putamus
1209 410 1297 439 non
1319 409 1394 438 001·
1411 393 1598 438 hominis
1621 392 1752 450 abys-

366 487 436 516 sus
459 471 552 513 est?
575 468 691 522 Quid
713 467 828 511 enim
851 475 913 510 est
931 464 1190 525 profundius
1212 466 1292 509 liae
1310 465 1496 521 abysso?
1516 464 1656 524 Loqui
1676 463 1755 507 110-

365 542 503 585 mines
522 547 727 599 possunt,
759 536 895 581 videri
913 545 1094 596 possunt
1113 551 1190 595 per
1213 535 1510 595 operationem
1534 533 1754 578 membro-

366 627 464 655 rum
481 646 491 665 ,
518 609 659 653 audiri
680 609 725 652 in
748 622 946 652 sermone
978 627 985 650 :
1017 606 1092 650 sed
1115 607 1238 666 eujus
1260 606 1462 663 cogitatio
1480 613 1749 664 penetratur,

365 684 487 742 eujus
510 696 584 726 cor
600 678 856 740 inspicitur?
875 676 991 730 Quid
1013 677 1130 720 intus
1155 686 1299 735 gerat,
1325 676 1433 736 quid
1450 676 1566 719 intus
1590 674 1724 734 possit
1739 710 1750 730 ‚

364 752 473 814 quid
499 753 616 796 intus
650 759 769 809 agat,
802 748 909 808 quid
941 748 1057 791 intus
1080 746 1307 806 disponat,
1341 745 1448 807 quid
1475 747 1592 790 intus
1613 744 1749 803 velit,

363 824 469 885 quid
491 824 607 867 intus
637 821 745 866 nolit
762 856 772 874 ‚
805 819 900 879 quis
924 817 1297 878 comprehendet?
1319 821 1431 862 Puto
1452 833 1542 862 non
1567 817 1754 862 absurde

363 894 546 951 intelligi
579 893 784 949 abyssum
813 889 1062 943 hominem,
1106 888 1160 932 de
1194 904 1283 949 quo
1312 887 1415 932 alibi
1447 888 1614 932 dictum
1643 898 1706 933 est
1741 908 1751 934 :

368 986 389 1008 «
423 962 612 1009 Accedet
634 962 767 1005 homo
789 959 845 1004 ad
875 976 950 1004 eor
975 959 1139 1013 altum,
1177 969 1221 1003 et
1252 958 1511 1003 exaltabitur
1540 961 1698 1003 Deus¹.
1729 977 1750 1001 »

366 1035 410 1080 Si
428 1050 530 1092 ergo
548 1033 681 1076 homo
700 1030 880 1088 abyssus
898 1039 961 1073 est
975 1065 985 1084 ‚
1005 1027 1227 1089 quomodo
1243 1029 1421 1087 abyssus
1439 1029 1613 1073 invocat
1626 1029 1756 1087 abys-

363 1106 484 1149 sum?
515 1106 657 1148 Homo
692 1102 865 1146 invocat
889 1100 1143 1144 hominem?
1173 1099 1346 1143 invocat
1374 1099 1496 1159 quasi
1534 1100 1756 1159 quomodo

363 1180 478 1222 Deus
499 1175 759 1219 invocatur?
786 1175 899 1217 Non.
939 1172 1025 1217 Sed
1052 1172 1246 1226 invocat,
1280 1170 1441 1215 dieitur
1468 1170 1522 1215 ad
1544 1187 1589 1215 se
1609 1181 1752 1216 vocat.

362 1251 473 1292 Nam
500 1246 667 1290 dictum
697 1253 762 1289 est
783 1242 838 1288 de
870 1241 1062 1304 quodam
1084 1262 1094 1287 2
1119 1245 1306 1287 Mortem
1327 1243 1500 1287 invocat
1516 1244 1531 1267 ‘·'
1559 1261 1568 1287 ς
1593 1241 1639 1286 id
1668 1252 1752 1298 est,

363 1318 422 1362 sic
435 1317 563 1370 vivit,
588 1325 638 1360 ut
654 1323 840 1359 mortem
859 1313 915 1357 ad
928 1328 972 1357 se
992 1321 1133 1357 vocet.
1159 1315 1270 1357 Nam
1294 1328 1424 1356 nemo
1444 1313 1673 1356 hominum
1693 1322 1758 1357 est

362 1389 439 1449 qui
462 1389 702 1432 orationem
723 1385 877 1439 faciat,
912 1393 955 1428 et
982 1385 1157 1428 invocet
1179 1392 1364 1428 mortem
1396 1403 1405 1428 ε
1444 1382 1520 1428 sed
1554 1382 1666 1428 male
1696 1384 1760 1429 vi-

363 1459 507 1505 vendo
525 1459 727 1503 homines
749 1466 935 1501 mortem
956 1457 1178 1500 invocant.
1210 1475 1229 1496 α
1245 1456 1438 1513 Abyssus
1461 1455 1663 1514 abyssum
1688 1456 1758 1499 in-

369 1551 387 1573 »
422 1539 572 1583 vocat,
599 1549 616 1570 »
641 1529 774 1572 homo
790 1526 1030 1571 hominem.
1050 1526 1117 1571 Sic
1132 1525 1310 1570 discitur
1331 1526 1540 1586 sapientia
1558 1561 1569 1581 ‚
1590 1526 1648 1570 sic
1670 1525 1758 1570 dis-

364 1602 479 1646 citur
501 1600 629 1655 fides,
657 1615 759 1644 cum
784 1598 964 1655 abyssus
1003 1597 1207 1655 abyssum
1229 1598 1418 1641 invocat.
1445 1597 1664 1654 Abyssum
1685 1597 1757 1640 in-

365 1681 526 1717 vocant
554 1671 691 1715 sancti
722 1668 1025 1729 praedicatores
1053 1667 1176 1711 verbi
1204 1667 1296 1712 Dei.
1319 1667 1546 1727 Numquid
1575 1676 1618 1711 et
1652 1667 1755 1727 ipsi,

364 1759 455 1788 non
479 1743 689 1800 abyssus?
712 1742 769 1784 Ut
789 1738 979 1792 noveris,
1006 1738 1106 1798 quia
1127 1738 1304 1795 abyssus
1327 1747 1370 1781 et
1391 1738 1498 1797 ipsi,
1524 1738 1758 1798 Apostolus

367 1816 426 1859 ait
454 1834 462 1859 :
493 1833 509 1853 «
528 1813 761 1857 Minimum
783 1819 845 1854 est
868 1819 918 1853 ut
940 1825 963 1853 a
992 1809 1116 1853 vobis
1139 1808 1366 1869 dijudicer,
1391 1818 1466 1852 aut
1487 1809 1542 1852 ab
1566 1810 1758 1854 humano

369 1904 390 1927 >›
427 1885 540 1928 die3.
563 1901 583 1924 »
617 1886 790 1936 Quanta
825 1889 970 1924 autem
1008 1879 1186 1937 abyssus
1217 1879 1270 1922 sit
1290 1914 1301 1933 ,
1345 1877 1491 1923 audite
1524 1879 1710 1939 amplius
1745 1900 1754 1926 ε

373 1976 391 1997 «
428 1959 579 2015 Neque
617 1954 733 1997 enim
763 1968 842 2011 ego
870 1967 940 1995 me
973 1951 1115 2010 ipsum
1144 1949 1379 2010 dijudico⁴.
1415 1968 1435 1991 »
1470 1953 1758 1996 Tantam—ne

367 2025 714 2087 profunditatem
740 2023 913 2068 creditis
936 2037 1025 2066 esse
1043 2022 1089 2065 in
1111 2022 1286 2065 homine
1302 2057 1312 2077 ‚
1338 2037 1438 2081 quac
1459 2021 1592 2066 lateat
1615 2023 1757 2083 ipsum

368 2098 590 2143 hominem
614 2097 660 2139 in
688 2111 776 2155 quo
807 2096 896 2137 est?
918 2096 1088 2146 Quanta
1110 2091 1384 2153 profunditas
1404 2094 1630 2138 infirmatis
1645 2093 1758 2139 late-

365 2168 442 2212 bat
459 2168 504 2211 in
523 2170 651 2210 Petro
667 2201 678 2221 ,
705 2163 882 2225 quando
904 2162 1010 2224 quid
1028 2163 1071 2207 in
1094 2179 1137 2207 se
1156 2173 1356 2222 ageretur
1372 2164 1490 2208 intus
1507 2165 1754 2222 nesciebat,

370 2247 413 2282 et
434 2253 478 2282 se
500 2237 760 2281 moriturum
777 2250 878 2279 cum
888 2234 1073 2278 Domino
1090 2233 1156 2278 vel
1180 2250 1259 2293 pro
1273 2234 1459 2280 Domino
1477 2244 1638 2279 temere
1659 2251 1757 2295 pro-

369 2308 570 2352 mittebat
591 2309 632 2350 ⁵?
654 2315 816 2366 quanta
830 2304 1009 2363 abyssus
1026 2307 1142 2348 erat?
1156 2307 1263 2358 Quae
1281 2314 1426 2349 tamen
1444 2305 1624 2364 abyssus
1637 2305 1756 2352 nuda

370 2387 461 2422 erat
483 2377 618 2422 oculis
640 2377 732 2421 Dei.
753 2379 862 2421 Nam
884 2376 967 2420 hoc
988 2374 1049 2419 illi
1065 2375 1260 2420 Christus
1277 2377 1616 2433 praenuntiabat,
1636 2377 1757 2438 quod

369 2450 415 2493 in
437 2465 481 2493 sc
503 2450 592 2508 ipse
615 2448 855 2506 ignorabat.
876 2451 990 2506 Ergo
1010 2447 1148 2492 omnis
1170 2448 1272 2493 hom
1295 2464 1304 2489 1
1326 2447 1426 2493 licet
1441 2458 1635 2505 sanctus,
1654 2448 1757 2494 licet

421 2555 431 2571 ¹
452 2547 533 2579 Psal.
550 2558 634 2579 mn.
659 2558 691 2589 7,
714 2547 746 2578 8.
770 2564 810 2570 --
830 2553 843 2569 ²
861 2546 951 2589 Apud
969 2550 1076 2589 .‹Esop.
1095 2545 1161 2578 fab.
1180 2558 1222 2579 vr.
1244 2564 1285 2570 —-—
1305 2546 1317 2570 3
1336 2559 1348 2580 1
1375 2548 1446 2581 Cor.
1469 2558 1513 2589 iv,
1533 2547 1564 2581 3.
1584 2563 1625 2570 -
1641 2545 1751 2579 4111111.

376 2622 417 2626 —
433 2602 446 2625 5
464 2606 558 2635 10311,
582 2604 719 2645 κ111,3;·.
