1841 3223
398 173 449 211 48
838 184 872 210 s.
909 181 1139 208 AUGUSTINI
1173 180 1351 208 muscom

401 267 420 289 »
447 247 737 307 multiplicata
770 255 833 290 est
860 242 1151 289 misericordia
1180 254 1271 299 tua,
1296 246 1451 289 Deus².
1478 261 1497 285 >›
1524 244 1635 298 Quia
1657 244 1784 291 dixit:

402 339 421 360 «
446 317 740 362 Misericordia
758 326 831 360 tua
845 316 890 359 in
906 314 1064 372 coelo3»
1081 324 1131 359 111
1153 324 1196 359 et
1218 315 1262 358 in
1278 324 1390 359 terra
1404 330 1493 358 esse
1515 315 1690 369 sciatur,
1711 315 1785 367 ait,

401 409 420 430 α
447 388 652 433 Homines
672 396 714 430 01
731 388 929 446 jumenta
952 384 1091 430 salvos
1108 385 1260 441 facies,
1284 385 1483 441 Domine,
1505 385 1617 430 sicut
1640 383 1789 429 multi-

400 479 419 501 >›
437 459 593 520 plicata
606 467 668 502 est
681 457 973 502 misericordia
988 467 1078 512 tua,
1101 461 1213 501 Deus
1230 460 1259 501 ¹.
1277 460 1465 515 »Magna
1479 466 1541 501 est
1553 456 1791 501 misericor-

396 531 465 574 dia
491 540 579 584 tua,
602 538 645 573 01
667 527 898 588 multiplex
919 527 1212 573 misericordia
1236 537 1326 583 tua,
1346 530 1458 571 Deus
1487 547 1495 572 :
1521 537 1564 571 et
1580 528 1693 572 hanc
1714 528 1790 573 das

396 610 439 645 et
467 600 715 644 hominibus
734 608 777 643 01
793 599 1019 659 jumentis.
1044 598 1166 643 Salus
1185 600 1301 642 enim
1324 599 1552 643 hominum
1571 615 1594 642 a
1617 600 1732 659 quo?
1752 602 1790 643 Α

398 676 501 717 Deo.
521 670 747 731 Numquid
763 669 877 714 salus
888 671 1191 731 jumentorum
1209 687 1231 714 a
1250 674 1338 715 Deo
1357 686 1445 715 non
1463 672 1551 714 est?
1566 670 1651 723 Qui
1674 670 1791 714 enim

397 741 500 786 fecit
520 742 742 786 hominem
757 776 767 795 ‚
792 741 881 800 ipse
899 740 1002 785 fecit
1025 750 1068 784 et
1080 742 1280 801 jumenta
1298 760 1306 785 :
1325 742 1400 801 qui
1417 750 1654 800 utrumque
1669 739 1787 795 fecit,

398 824 635 873 utrumque
662 812 827 856 salvat:
853 811 929 855 sed
958 811 1071 856 salus
1094 813 1394 873 jumentorum
1426 810 1673 871 temporalis
1707 820 1785 856 est.

401 887 511 929 Sunt
533 893 677 928 autem
709 883 785 942 qui
809 898 887 942 pro
910 897 1070 940 magno
1094 883 1175 926 hoc
1199 891 1355 941 petunt
1373 898 1395 926 a
1418 885 1508 926 Deo
1525 881 1647 942 quod
1669 880 1792 926 dedit

394 955 617 1016 jumentis.
648 953 972 1013 «Multiplieata
995 962 1059 996 est
1084 952 1375 997 misericordia
1405 962 1505 1008 tua,
1532 956 1669 1008 Deus,
1696 970 1715 993 11
1741 962 1792 997 ut

398 1043 487 1070 non
510 1026 649 1070 solum
673 1024 938 1079 hominibus,
965 1022 1040 1067 sed
1062 1033 1106 1067 et
1122 1024 1329 1083 jumentis
1357 1023 1513 1079 detur,
1540 1039 1639 1084 quae
1662 1023 1791 1068 datur

398 1097 647 1142 hominibus
666 1131 677 1151 ,
699 1097 778 1140 ista
799 1094 981 1140 carnalis
1004 1105 1047 1139 et
1072 1094 1318 1154 temporalis
1336 1097 1465 1139 salus.

456 1172 555 1213 XII.
590 1172 706 1228 Ergo
739 1167 936 1211 homines
973 1182 1062 1211 non
1093 1167 1259 1210 hahent
1292 1165 1460 1227 aliquid
1497 1165 1616 1226 apud
1652 1169 1792 1211 Deum
1836 1187 1841 1208 ι

400 1250 629 1300 exceptum
647 1276 657 1295 ‚
678 1239 799 1300 quod
817 1242 1014 1299 jumenta
1033 1254 1121 1282 non
1139 1248 1409 1293 mereantur⁷
1431 1247 1472 1282 et
1488 1254 1576 1298 quo
1592 1239 1792 1298 jumenta

399 1328 488 1356 11011
505 1312 787 1370 perveniant?
807 1310 981 1354 Habent
1008 1309 1151 1368 plane.
1181 1312 1239 1353 Et
1269 1310 1347 1353 11111
1372 1318 1436 1353 est
1460 1307 1581 1370 quod
1601 1309 1792 1353 habent?

403 1403 422 1425 «
445 1383 539 1427 Filii
561 1392 705 1426 autem
724 1382 950 1426 hominum
965 1381 1045 1425 sul>
1065 1381 1254 1439 tegmine
1272 1381 1438 1425 alarum
1457 1390 1631 1425 tuarum
1654 1396 1792 1440 spera-

402 1473 421 1495 »
450 1454 577 1497 1111111.
607 1473 626 1493 »
649 1451 860 1497 Attendat
891 1452 1087 1496 Charitas
1111 1454 1262 1496 Vestra
1292 1451 1586 1495 dulcissimam
1614 1461 1791 1495 senten-

401 1525 532 1580 ‘tiam3
574 1543 592 1565 «
619 1523 827 1567 Homines
851 1531 894 1565 01
918 1523 1118 1581 jumenta
1157 1522 1296 1566 salvos
1334 1521 1520 1566 facies.»
1553 1525 1649 1566 Jam
1684 1521 1792 1566 dixit

404 1614 422 1637 «
451 1595 658 1640 Homines
676 1595 973 1654 etjtiinenta‚»
991 1592 1150 1636 deinde
1173 1603 1316 1637 autem
1339 1594 1470 1637 «Filii
1491 1594 1746 1638 hominum:
1765 1612 1786 1635 »

400 1666 521 1725 quasi
545 1665 617 1708 3111
654 1665 740 1708 sint
774 1664 998 1717 homines,
1035 1662 1105 1706 alii
1141 1672 1286 1707 autem
1326 1663 1403 1707 filii
1424 1665 1667 1708 hominum.
1698 1664 1791 1708 Ali-

399 1736 577 1796 quando
602 1736 647 1779 in
680 1734 909 1794 Scripturis
941 1733 1019 1776 filii
1053 1734 1280 1777 hominum
1303 1733 1510 1778 dicuntur
1534 1734 1790 1793 generaliter

398 1808 619 1861 homines,
646 1805 882 1866 aliquando
912 1805 1089 1864 proprie
1111 1804 1302 1864 quodam
1324 1805 1455 1850 modo
1483 1805 1690 1850 dicuntur
1712 1806 1789 1850 filii

400 1879 651 1931 hominum,
678 1876 851 1936 propria
875 1875 1065 1936 quadam
1095 1876 1431 1935 significatione„
1457 1886 1507 1921 ut
1528 1893 1617 1922 11011
1638 1893 1787 1922 omnes

398 1950 596 1994 homines
617 1947 915 2005 intelligantur
948 1967 955 1991 ;
980 1947 1163 1990 maxime
1187 1948 1363 2007 quando
1385 1948 1519 1992 habet
1551 1949 1790 1993 distinctio-

398 2037 515 2065 nem.
542 2024 638 2065 Non
659 2021 772 2064 enim
796 2019 885 2062 sine
908 2035 1034 2062 causa
1058 2018 1119 2061 ibi
1138 2019 1326 2078 positum
1357 2029 1440 2064 est:
1472 2039 1491 2061 «
1516 2020 1722 2064 Homines
1745 2030 1789 2066 et

402 2111 422 2133 »
441 2093 639 2152 jumenta
663 2090 801 2135 salvos
825 2089 968 2144 facies,
990 2090 1169 2133 Domine
1189 2109 1197 2133 ;
1218 2089 1295 2133 filii
1316 2100 1463 2135 autem
1480 2091 1705 2135 hominum
1729 2112 1737 2136 ;
1763 2110 1783 2133 »
1803 2109 1807 2112 ·

397 2162 520 2222 quasi
560 2162 623 2205 his
661 2159 935 2221 sequestratis
951 2194 961 2213 ‚
1008 2158 1197 2203 custodit
1240 2161 1456 2220 sejunctos
1497 2161 1607 2206 filios
1644 2162 1788 2207 homi-

397 2249 519 2276 num.
556 2233 780 2293 Sejunctos
796 2248 819 2275 a
848 2231 1033 2291 quibus?
1056 2233 1153 2274 Non
1180 2230 1321 2275 solum
1346 2248 1369 2276 a
1390 2234 1615 2293 jumentis,
1643 2234 1719 2277 sed
1744 2242 1788 2278 et

398 2304 451 2348 31)
476 2304 746 2357 hominibus,
772 2302 847 2362 qui
871 2301 1051 2345 salutem
1074 2303 1374 2361 jumentorum
1400 2313 1605 2364 quaerunt
1626 2321 1649 2348 a
1672 2308 1782 2360 Deo,

397 2384 438 2418 et
457 2390 535 2433 pro
554 2390 709 2431 magno
729 2375 810 2417 1100
825 2372 1086 2416 desiderant.
1112 2373 1195 2424 Qui
1210 2383 1311 2417 sunt
1324 2391 1426 2433 ergo
1441 2375 1516 2418 filii
1531 2376 1785 2420 hominum?

396 2445 479 2498 Qui
497 2445 579 2488 sul)
605 2444 790 2502 tegmine
823 2443 987 2487 alarum
1011 2443 1102 2502 ejus
1126 2454 1314 2502 sperant.
1349 2443 1417 2488 illi
1443 2445 1557 2489 enim
1588 2446 1784 2491 homines

444 2537 450 2552 ¹
476 2529 553 2561 Psal.
572 2539 669 2570 xxxv,
683 2529 749 2561 6-3.
