1841 3223
239 248 482 278 ENARRAno
512 251 528 277 1
559 250 606 277 ΙΝ
636 246 840 277 PsALMUM
870 249 1032 286 xtvm,
1067 248 1193 276 smum⁶
1228 249 1261 274 1.
1355 233 1439 274 375

65 315 211 361 nullus
231 315 364 364 homo
398 314 701 373 redempturus
725 315 816 358 est?
838 314 919 366 Qui
950 322 1048 373 post
1086 311 1443 357 resurrectionem

65 385 174 431 dixit
200 404 209 431 :
239 384 407 439 «Vade,
428 383 497 428 djc
520 382 725 427 fratribus
745 384 851 427 meis
875 387 906 427 ¹.
924 402 944 425 »
971 387 1121 428 Frater
1142 392 1288 428 noster
1306 382 1446 427 voluit

64 471 155 500 esse
173 475 183 500 z
202 461 246 499 et
265 469 366 499 cum
378 457 468 498 Deo
486 452 669 497 dicimus
681 488 691 507 ,
708 456 866 496 «Pater
887 463 1048 509 noster,
1066 474 1083 496 >2
1095 455 1179 499 hoc
1196 454 1448 498 manifesta-

68 535 137 570 tur
164 525 210 568 in
226 523 368 568 nobis.
384 523 466 576 Qui
483 523 600 566 enim
621 522 727 567 dicit
739 525 844 577 Deo,
861 526 1021 567 «Pater
1042 533 1209 581 noster3
1226 542 1248 565 n
1273 524 1446 569 Christo

64 595 194 650 dicit,
219 593 366 638 frater.
397 596 514 652 Ergo
547 593 624 653 qui
649 602 816 652 patrem
848 596 989 636 Deum
1007 628 1018 648 ,
1054 603 1098 637 et
1118 594 1296 638 fratrem
1317 594 1450 639 habet

63 666 286 712 Christum
298 699 309 720 ,
329 680 420 709 non
437 665 587 709 timeat
599 664 645 707 in
667 662 737 708 die
753 663 882 707 mala.
901 665 1000 709 Non
1016 664 1132 707 enim
1147 679 1246 708 eum
1265 665 1450 709 circum-

65 736 190 781 dabit
208 735 414 796 iniquitas
434 734 622 779 calcanei
645 735 762 794 ejus,
789 733 892 793 quia
914 748 1004 777 non
1023 734 1250 792 praesumit
1283 733 1338 778 de
1359 735 1450 779 vir-

64 815 159 851 tute
180 821 259 850 sua
275 841 287 861 ,
304 805 447 849 necin
468 803 736 849 abundantia
760 803 1010 848 divitiarum
1026 818 1202 848 suarum
1222 802 1450 862 gloriatur,

64 892 147 922 nec
163 875 219 920 de
251 875 398 921 amicis
428 875 515 919 suis
534 875 786 934 potentibus
807 889 851 918 se
868 874 1016 934 jactat.
1040 877 1092 918 In
1112 873 1188 918 illo
1211 889 1313 933 ergo
1335 889 1449 934 prae-

64 955 228 1000 sumat,
253 945 331 1006 qui
350 954 529 1004 propter
549 943 673 988 illum
687 953 886 989 mortuus
908 953 972 987 est
989 979 999 998 ,
1025 942 1156 987 utille
1173 944 1325 989 nonin
1343 959 1452 989 sem-

64 1017 286 1077 piternum
317 1025 581 1073 moreretur,
621 1015 697 1076 qui
730 1024 907 1075 propter
935 1013 1060 1058 illum
1088 1014 1341 1059 humiliatus
1363 1025 1449 1072 est,

64 1096 115 1132 ut
133 1086 206 1130 ille
229 1084 514 1142 exaltaretur,
538 1085 615 1145 qui
636 1085 835 1145 quaesivit
850 1084 1056 1144 impium,
1077 1093 1127 1128 ut
1140 1099 1163 1128 a
1184 1083 1303 1128 fideli
1325 1101 1451 1145 quae-

65 1165 247 1202 reretur.
272 1159 389 1214 Ergo
407 1155 442 1199 si
463 1156 552 1215 ipse
574 1171 664 1200 non
684 1154 880 1209 redimit,
897 1155 1028 1198 homo
1044 1154 1347 1214 redempturus
1359 1157 1451 1200 est?

63 1227 233 1288 Aliquis
254 1227 387 1271 homo
409 1226 594 1271 redimet
608 1261 620 1282 ,
647 1226 682 1269 si
703 1225 839 1269 Filius
869 1224 1058 1269 hominis
1076 1240 1166 1269 non
1187 1224 1385 1270 redimit?
1408 1227 1451 1271 Si

65 1298 262 1344 Christus
283 1312 373 1341 non
395 1295 592 1351 redimit,
619 1294 761 1340 Adam
782 1294 966 1339 redimet
985 1296 1004 1339 Ρ
1024 1314 1045 1337 α
1070 1297 1221 1340 Frater
1252 1311 1342 1340 non
1379 1311 1449 1340 re-

67 1387 89 1412 »
123 1368 250 1414 dimit
268 1403 280 1424 ,
300 1368 485 1412 redimet
505 1368 672 1412 homo?
692 1385 712 1409 »
905 1373 911 1376 ”

124 1442 202 1486 IX.
225 1458 246 1482 «
262 1442 362 1485 Non
378 1437 501 1483 dabit
517 1442 607 1483 Deo
623 1437 1030 1498 depropitiationem
1042 1453 1181 1493 suam,
1201 1447 1245 1481 et
1261 1439 1451 1497 pretium

67 1528 90 1554 υ
123 1510 433 1570 redemptionis
454 1510 609 1554 animae
631 1513 759 1553 suae2.
778 1527 799 1550 υ
825 1508 904 1552 Ille
925 1508 1164 1553 confiditin
1174 1509 1337 1553 virtute
1354 1525 1449 1563 sua,

65 1590 109 1627 et
129 1582 175 1626 in
197 1579 465 1625 abundantia
491 1579 740 1624 divitiarum
760 1594 935 1623 suarum
959 1578 1185 1638 gloriatur,
1210 1579 1288 1639 qui
1310 1598 1330 1621 ‹<
1352 1582 1452 1624 Non

67 1669 89 1695 »
123 1651 246 1696 dabit
268 1654 357 1695 Deo
378 1650 788 1710 depropitiationem
816 1664 965 1706 suam3
993 1667 1013 1690 υ
1039 1648 1085 1692 id
1117 1658 1202 1704 est,
1235 1648 1451 1709 placatio-

65 1737 182 1776 nem,
198 1736 286 1781 qua
299 1721 446 1765 flectat
463 1724 603 1764 Deum
615 1735 694 1779 pro
709 1719 896 1778 peccatis
918 1738 926 1762 :
946 1722 1034 1763 Nec
1048 1718 1237 1778 pretium
1253 1718 1456 1779 redemp-

67 1809 88 1835 »
124 1791 253 1836 tionis
268 1791 423 1834 animae
443 1805 559 1843 suae,
588 1808 608 1829 »
636 1789 711 1848 qui
738 1788 960 1847 praesumit
997 1787 1051 1831 de
1071 1788 1233 1832 virtute
1271 1804 1347 1832 sua
1367 1824 1379 1843 ‚
1409 1798 1453 1833 et

64 1860 120 1906 de
149 1860 322 1914 amicis,
361 1868 404 1903 et
435 1858 491 1902 de
513 1857 674 1903 divitiis
703 1858 805 1901 suis.
840 1858 922 1910 Qui
954 1866 1055 1901 sunt
1080 1867 1225 1901 autem
1247 1858 1322 1918 qui
1345 1857 1453 1902 dant

63 1931 254 1991 pretium
286 1928 596 1988 redemptionis
619 1928 775 1971 animae
795 1929 917 1971 suae?
939 1927 1108 1980 Quibus
1131 1928 1190 1971 ait
1212 1928 1421 1972 Dominus
1438 1963 1449 1982 ,

70 2020 91 2045 .«
124 2000 270 2046 Facite
284 1999 408 2044 vobis
430 1998 589 2043 amicos
610 1997 665 2041 de
679 2012 927 2041 mammona
950 1997 1212 2056 iniquitatis,
1237 2005 1287 2041 ut
1310 2006 1352 2041 et
1373 1998 1454 2057 ipsi

68 2089 90 2114 >2
124 2071 335 2130 recipiant
349 2085 426 2115 vos
443 2070 489 2113 in
500 2067 781 2113 tabernacula
798 2077 960 2112 aeterna
977 2070 1008 2111 ³.
1026 2087 1043 2109 »
1059 2067 1127 2112 Illi
1142 2067 1249 2112 dant
1262 2069 1452 2128 pretium

65 2141 375 2202 redemptionis
398 2140 554 2184 animae
575 2155 665 2184 suae
686 2175 696 2195 ,
722 2139 799 2199 qui
827 2155 917 2184 non
950 2148 1117 2183 cessant
1154 2138 1452 2196 eleemosynas

64 2212 221 2258 facere.
247 2212 370 2257 Adeo
389 2210 486 2255 illos
498 2226 607 2271 quos
624 2219 773 2255 monet
790 2225 867 2269 per
891 2209 1169 2253 Timotheum
1186 2208 1420 2268 Apostolus
1438 2244 1449 2264 ,

65 2282 208 2328 noluit
224 2296 313 2327 esse
329 2281 536 2341 superbos
556 2315 568 2335 ,
592 2295 647 2324 ne
663 2281 710 2323 in
725 2279 994 2323 abundantia
1011 2277 1261 2323 divitiarum
1273 2294 1450 2323 suarum

66 2353 356 2413 gloriarentur
386 2372 395 2397 :
420 2351 609 2412 denique
621 2350 741 2411 quod
763 2350 1060 2410 possidebant,
1095 2350 1237 2394 noluit
1259 2349 1375 2410 apud
1395 2349 1452 2394 il-

66 2424 131 2469 los
151 2432 443 2480 veterascere,
467 2421 542 2467 sed
563 2421 728 2482 aliquid
750 2438 801 2466 ex
819 2437 870 2465 eo
891 2421 981 2465 fieri
1004 2456 1014 2475 ,
1051 2429 1100 2465 ut
1127 2430 1236 2465 esset
1258 2421 1450 2481 pretium

67 2493 377 2552 redemptionis
399 2493 553 2537 animae
574 2508 740 2537 eorum.
766 2492 840 2536 Ait
859 2492 1000 2535 enim:
1025 2510 1046 2533 «
1070 2491 1284 2536 Divitibus
1316 2492 1394 2552 huj
1405 2507 1453 2537 us

117 2585 125 2601 ¹
146 2577 260 2610 Matth.
278 2588 394 2620 xxvur,
416 2588 466 2610 ιο.
486 2593 528 2600 *-
552 2584 565 2601 ²
587 2577 669 2610 Psal.
689 2586 794 2617 xtvm,
812 2587 844 2616 9.
861 2592 904 2599 ·—
926 2573 938 2598 ³
956 2577 1032 2608 Luc⁵
1052 2586 1118 2612 νη,
1137 2586 1169 2617 9.
