1841 3223
385 243 626 270 ENARRATIO
658 246 703 271 IN
736 244 938 271 PsALMUM
970 243 1092 269 xxxv.
1373 233 1427 271 49

47 323 147 352 cum
157 307 365 368 jumentis
379 307 707 365 gaudentium,
730 307 808 352 filii
825 316 969 352 autem
991 306 1220 351 hominum
1238 307 1430 366 gaudent

45 379 91 423 in
112 394 186 438 spe
214 399 224 423 ι
254 377 318 422 illi
340 377 569 437 praesentia
594 377 711 422 bona
734 388 955 422 sectantur
977 394 1077 423 cum
1099 379 1309 438 jumentis
1324 414 1334 434 ‚
1361 380 1430 424 isti

45 447 194 492 futura
227 447 342 491 bona
369 455 545 506 sperant
574 462 675 491 cum
704 447 896 505 Angelis.
920 451 1063 500 Quare
1088 463 1190 506 ergo
1220 464 1321 493 cum
1343 448 1431 493 dis-

46 517 257 562 tinctione
278 516 342 560 illi
361 526 576 561 vocantur
596 517 795 561 homines
810 552 820 571 ‚
847 526 890 561 et
912 518 979 562 isti
1008 528 1220 562 vocantur
1246 518 1324 563 filii
1346 520 1430 565 ho-

45 587 242 631 minum?
270 589 381 632 Nam
408 596 452 630 et
480 586 672 647 quodam
696 587 793 632 loco
819 588 877 631 sie
901 587 959 631 ait
987 588 1231 647 Scriptura:
1267 609 1287 631 «
1315 590 1432 643 Quid

48 675 69 698 »
95 665 159 710 est
175 657 307 700 homo
328 655 449 716 quod
471 672 638 701 memor
660 672 703 700 es
725 658 839 716 ejus,
867 666 943 702 aut
969 656 1083 701 filius
1105 658 1292 702 hominis
1316 675 1430 719 quo-

49 744 70 767 »
90 726 206 770 niam
219 726 362 770 visitas
375 729 490 770 eum¹
503 728 521 770 Ξ)
534 727 651 780 Quid
668 735 732 771 est
748 728 879 771 homo
897 726 1018 787 quod
1029 743 1195 771 memor
1215 744 1257 772 es
1276 730 1311 788 ej
1320 745 1365 773 us
1378 732 1396 773 Ξ)
1408 748 1428 773 »

46 800 215 842 Memor
231 797 322 856 ejus
343 811 386 840 es
400 831 411 852 ‚
432 797 555 857 quasi
579 797 766 842 absentis
786 818 797 855 3
823 797 961 841 silium
992 807 1136 841 autem
1159 798 1347 843 hominis
1369 800 1433 843 vi-

47 867 146 911 sitas
168 875 440 926 praesentem.
463 867 582 920 Quid
612 876 701 922 est‚
732 883 899 911 memor
928 882 971 911 es
994 868 1212 912 hominis?
1233 887 1254 910 «
1280 870 1434 913 Homi-

51 954 70 977 »
91 930 167 979 nes
195 945 238 980 et
260 937 458 996 jumenta
482 936 621 981 salvos
652 935 797 990 facies,
833 937 1017 981 Domine
1041 956 1048 981 ε
1072 955 1092 977 »
1120 937 1222 997 quia
1255 947 1297 982 et
1333 939 1433 997 ipsis

47 1004 170 1049 malis
194 1005 271 1049 das
293 1004 499 1061 salutem,
536 1015 579 1050 et
611 1006 711 1065 ipsis
745 1007 820 1066 qui
855 1021 945 1050 non
974 1006 1221 1051 desiderant
1249 1023 1434 1067 regnum

49 1073 278 1118 coelorum.
302 1077 465 1118 Tuetur
477 1076 593 1119 enim
614 1075 726 1130 illos,
747 1085 790 1120 et
805 1092 893 1120 non
907 1075 1003 1120 illos
1020 1077 1179 1120 deserit
1192 1078 1436 1123 seeundum

47 1143 230 1188 modum
246 1159 397 1200 suum,
425 1153 630 1205 tanquam
651 1161 806 1205 pecora
829 1161 905 1189 sua
930 1166 939 1190 ;
965 1155 1009 1190 et
1029 1162 1120 1190 non
1140 1146 1236 1191 illos
1252 1146 1433 1207 deserit3

50 1224 196 1259 tamen
212 1223 422 1274 tanquam
446 1215 690 1259 absentium
709 1230 876 1259 memor
895 1224 973 1260 est.
1000 1219 1057 1260 At
1073 1232 1176 1260 vero
1208 1233 1340 1278 quem
1368 1220 1435 1262 vi-

49 1284 168 1339 sitat,
194 1284 308 1335 filius
324 1285 510 1329 hominis
532 1294 618 1343 est3
637 1294 682 1329 et
701 1285 862 1329 dicitur
883 1286 920 1329 ei
938 1305 946 1329 2
979 1286 1107 1330 «Filii
1125 1296 1271 1331 autem
1294 1289 1437 1333 homi-

52 1372 72 1396 »
98 1369 205 1398 num
225 1353 512 1414 subtegmine
529 1354 696 1399 alarum
719 1364 892 1399 tuarum
906 1355 1159 1414 sperabunt.
1179 1360 1267 1401 »Et
1289 1358 1323 1402 si
1345 1359 1438 1404 vul-

49 1425 102 1468 tis
134 1423 376 1468 discernere
399 1424 479 1469 ista
508 1424 598 1469 duo
626 1441 784 1484 genera
810 1426 1062 1481 hominum,
1101 1426 1211 1471 duos
1240 1428 1437 1473 homines

49 1495 190 1554 primo
217 1493 449 1550 attendite,
484 1495 625 1540 Adam
658 1505 702 1540 et
730 1496 968 1541 Christum.
999 1496 1115 1540 Audi
1138 1499 1398 1557 Apostolum
1424 1519 1434 1545 ι

54 1584 74 1608 «
103 1565 222 1611 Sicut
243 1565 422 1609 enimin
442 1565 583 1610 Adam
605 1581 753 1611 omnes
770 1566 1018 1610 moriuntur
1028 1601 1047 1621 ‚v
1060 1568 1119 1611 sic
1142 1576 1186 1611 et
1202 1569 1247 1611 in
1264 1570 1437 1616 Christo

54 1653 74 1676 »
100 1649 248 1680 omnes
267 1634 647 1679 vivificabuntur&
683 1654 703 1677 »
734 1636 961 1680 Naseimur
986 1635 1041 1680 de
1074 1637 1238 1692 Adam,
1265 1648 1314 1682 ut
1339 1655 1438 1685 mo-

51 1706 213 1750 riamur
233 1724 243 1750 :
264 1705 528 1764 resurgimus
555 1721 632 1766 per
664 1706 886 1751 Christum
904 1742 915 1761 ,
951 1716 1001 1750 ut
1023 1723 1194 1767 semper
1222 1710 1432 1756 vivamus.

51 1774 238 1829 Quando
256 1783 482 1835 portamus
503 1776 736 1834 imaginem
753 1776 914 1820 terreni
932 1776 1137 1831 hominis,
1158 1778 1356 1824 homines
1369 1797 1439 1825 su-

52 1861 150 1889 mus
176 1863 186 1889 2
209 1843 388 1905 quando
414 1854 640 1904 portamus
663 1845 897 1904 imaginem
921 1846 1106 1890 eoelestis
1128 1847 1336 1904 hominis,
1362 1851 1440 1896 filii

52 1916 280 1960 hominum
292 1931 441 1959 sumus
454 1936 464 1972 3
489 1916 591 1976 quia
602 1915 798 1960 Christus
815 1917 952 1960 Filius
971 1917 1158 1962 hominis
1171 1919 1314 1964 dictus
1328 1923 1432 1966 est³.

53 1985 229 2030 Etenim
260 1983 402 2029 Adam
435 1985 568 2034 homo
595 1994 709 2040 erat,
737 1985 813 2029 sed
846 1985 958 2031 filius
986 1987 1173 2031 hominis
1197 2004 1286 2033 non
1314 2001 1435 2037 erat:

53 2055 152 2100 ideo
172 2054 234 2099 illi
256 2055 477 2115 pertinent
490 2056 546 2100 ad
563 2054 704 2100 Adam
725 2056 801 2116 qui
824 2056 1072 2101 desiderant
1093 2058 1281 2104 carnalia
1304 2061 1436 2119 bona,

55 2135 99 2170 et
122 2125 306 2170 salutem
324 2126 449 2170 istam
474 2125 775 2186 temporalem.
802 2129 1041 2171 Hortamur
1067 2127 1163 2172 illos
1188 2139 1235 2173 ut
1256 2130 1333 2174 filii
1353 2132 1440 2177 sint

54 2195 299 2250 hominum,
314 2196 391 2255 qui
406 2194 488 2239 sub
503 2196 693 2254 tegmine
710 2194 876 2240 alarum
889 2201 982 2257 ejus
1003 2208 1192 2257 sperent,
1213 2209 1255 2243 et
1275 2201 1441 2246 miseri-

55 2264 249 2311 cordiam
269 2264 386 2309 illam
400 2256 663 2320 desiderent,
680 2281 779 2325 quae
792 2267 838 2309 in
855 2265 969 2311 coelo
987 2276 1065 2321 est,
1084 2277 1127 2311 et
1145 2284 1245 2327 quae
1265 2285 1440 2317 annun-

56 2337 159 2380 tiata
181 2344 244 2379 est
259 2350 337 2395 per
350 2335 502 2379 nubes.
523 2334 607 2380 Sed
629 2336 662 2380 si
683 2351 773 2380 non
796 2346 977 2396 possunt
998 2337 1159 2392 adhuc,
1176 2339 1347 2385 interim
1365 2344 1436 2388 vel

59 2403 314 2465 temporalia
338 2404 456 2448 bona
477 2419 567 2449 non
584 2403 831 2450 desiderent
844 2441 855 2460 ‚
876 2406 956 2450 nisi
977 2406 1032 2450 ab
1055 2423 1144 2451 uno
1162 2411 1252 2453 Deo
1271 2429 1281 2455 ε
1307 2412 1366 2456 sic
1395 2424 1439 2458 et

59 2477 105 2522 in
125 2474 271 2519 Veteri
294 2477 568 2520 Testamento
586 2476 787 2529 serviant,
809 2485 859 2521 ut
879 2475 933 2520 ad
950 2478 1122 2521 Novum
1139 2482 1408 2538 perveniant.

108 2566 116 2583 ¹
135 2558 213 2593 Psal.
230 2570 307 2600 vm,
325 2558 356 2592 5.
378 2576 418 2582 —-·
440 2567 452 2583 ²
476 2571 487 2591 ι
509 2563 581 2593 Cor.
602 2571 656 2601 xv,
680 2569 734 2592 22.
765 2577 803 2583 --
824 2557 838 2582 3
856 2561 968 2594 Maith.
990 2573 1060 2602 vin,
1082 2574 1136 2602 20,
1155 2568 1218 2595 etc.

222 2623 325 2653 CXV.
1238 2623 1255 2657 ἰ
