1841 3223
388 245 630 274 ENARRATIO
663 247 708 273 IN
741 244 943 273 PSALMUM
975 247 1094 273 XLIX·
1334 234 1416 273 417

35 313 196 357 cientes
230 327 361 372 opera
395 312 731 357 misericordiae?
764 312 939 356 Etenim
974 328 1104 372 opera
1137 310 1209 356 illa
1241 312 1447 372 justitiae.

35 398 166 442 opera
196 391 312 426 sunt.
340 383 482 426 Habes
505 382 820 440 Evangelium:
851 402 867 421 «
897 384 1056 427 Cavete
1082 382 1293 442 justitiam
1325 399 1421 427 vcs-

39 473 57 495 »
95 462 204 496 tram
221 451 361 496 facere
376 467 521 496 coram
538 452 807 506 hominibus,
825 461 875 496 ut
890 453 1124 496 videamini
1139 453 1193 496 ab
1207 453 1264 496 eis
1279 455 1309 496 ¹.
1332 474 1348 494 »
1366 456 1424 497 Et

34 525 157 584 quasi
178 532 463 584 quaereretur,
485 527 623 576 Quam
646 522 891 582 justitiam?
909 542 925 562 «
939 525 1051 567 Cum
1074 539 1176 582 ergo
1198 522 1299 567 facis
1315 522 1424 567 elec-

39 613 58 636 »
75 595 345 652 mosynam²‚
357 614 373 635 »
389 594 548 654 inquit.
561 596 676 651 Ergo
692 593 986 651 eleemosynas
1002 609 1129 653 opera
1141 595 1320 654 justitiae
1336 610 1424 638 esse

35 664 305 722 significavit.
342 668 463 724 Ipsos
488 673 745 723 congregate
761 665 899 723 justos
923 665 1013 724 ejus
1037 684 1045 708 z
1072 680 1142 708 eos
1167 675 1425 724 congregate

35 735 112 795 qui
132 736 342 795 compassi
363 746 465 779 sunt
486 735 605 795 inopi
622 770 632 789 ,
658 734 734 795 qui
754 734 1063 779 intellexeruut
1086 751 1214 794 super
1237 751 1424 794 egenum

35 815 79 850 et
101 821 336 866 pauperem
361 825 369 850 ε
396 815 655 865 congregate
682 804 802 860 illos,
830 816 1052 850 conservet
1081 821 1152 850 eos
1185 807 1394 851 Dominus
1411 843 1422 863 ‚

35 886 79 921 et
99 877 287 921 vivificet
308 877 426 921 eos3.
457 896 474 917 «
501 879 774 935 Congregatc
796 876 857 920 illi
873 878 1011 937 justos
1034 878 1125 937 ejus
1153 897 1160 921 :
1186 877 1262 937 qui
1285 877 1425 937 dispo·

41 969 59 990 »
94 957 208 992 nunt
239 957 547 993 testamentum
580 949 672 1008 ejus
694 964 823 1008 super
845 949 1052 993 sacrificia
1076 968 1083 993 :
1115 972 1131 990 »
1164 948 1210 992 id
1235 959 1322 1004 cst,
1349 949 1426 1009 qui

35 1018 228 1077 cogitant
248 1019 303 1063 de
321 1018 539 1078 promissis
557 1019 647 1078 ejus
662 1053 672 1073 ‚
698 1034 828 1078 super
844 1018 916 1062 ilia
939 1035 1038 1080 quae
1061 1028 1311 1078 operantur.
1329 1023 1347 1064 Ι
1352 1035 1426 1079 psa

36 1089 153 1133 enim
176 1097 278 1133 sunt
310 1087 539 1142 sacrificia,
575 1091 665 1132 Dco
694 1087 889 1143 dicente,
920 1108 936 1127 «
964 1089 1303 1134 Misericordiam
1326 1089 1427 1134 volo

40 1179 59 1201 »
94 1159 192 1219 plus
204 1173 336 1220 quam
348 1158 646 1203 sacrificium4.
665 1159 746 1211 Qui
760 1159 996 1219 disponunt
1010 1169 1317 1205 testamentum
1336 1162 1426 1221 ejus

41 1249 58 1271 »
94 1245 223 1289 super
238 1228 461 1274 sacrificia.
490 1246 510 1269 »

94 1314 217 1356 XIII.
249 1330 267 1352 «
293 1313 351 1355 Et
372 1310 702 1354 annuntiabunt
738 1309 838 1355 coeli
860 1311 1072 1372 justitiam
1096 1314 1228 1373 ejus5.
1260 1333 1276 1354 »
1314 1315 1431 1356 Vere

35 1381 149 1426 hanc
166 1380 380 1442 justitiam
393 1379 581 1427 Deicoeli
597 1381 722 1425 nobis
735 1382 1119 1425 annuntiaverunt.
1136 1382 1426 1440 Evangelistae

34 1451 345 1511 praedixerunt.
387 1453 469 1494 Per
501 1450 599 1495 illos
635 1450 879 1495 audivimus
912 1451 1084 1495 futuros
1121 1451 1333 1511 quosdam
1369 1451 1425 1496 ad

36 1522 231 1566 dextram
251 1556 262 1577 ‚
301 1520 462 1582 quibus
496 1520 602 1565 dicit
629 1520 938 1580 paterfamilias
965 1541 974 1566 ε
1005 1541 1021 1561 «
1062 1522 1217 1566 Venite
1236 1557 1246 1577 ‚
1288 1523 1425 1566 bene-

41 1612 60 1636 »
95 1593 201 1638 dicti
229 1592 366 1637 Patris
400 1591 506 1647 mei,
541 1591 764 1651 percipite.
801 1612 818 1633 »
852 1592 965 1646 Quid
998 1593 1242 1653 percipite?
1266 1613 1282 1633 «
1306 1597 1424 1652 Reg-

39 1681 60 1704 »
94 1678 217 1707 num.
248 1682 266 1705 »
292 1666 377 1707 Pro
398 1678 485 1723 qua
521 1664 595 1705 re?
621 1681 638 1703 «
667 1661 863 1716 Esurivi,
901 1671 944 1706 et
972 1661 1148 1707 dedistis
1170 1663 1278 1707 mihi
1301 1679 1427 1708 man-

42 1753 60 1775 »
95 1732 300 1793 ducareG.
329 1753 347 1774 »
373 1733 487 1786 Quid
514 1742 603 1776 tam
630 1732 737 1787 vile,
776 1732 884 1792 quid
908 1742 997 1777 tam
1020 1743 1241 1778 terrenum
1258 1769 1267 1787 ‚
1291 1751 1425 1795 quam

36 1803 234 1862 frangere
255 1817 413 1863 panem
442 1802 678 1846 esurienti?
703 1803 831 1845 Tanti
855 1802 970 1845 valet
986 1819 1169 1860 regnum
1193 1803 1421 1848 coelorum.

42 1895 59 1916 «
87 1879 255 1933 Frange
276 1873 482 1919 esurienti
498 1889 653 1934 panem
673 1882 816 1928 tuum,
842 1883 885 1918 et
906 1889 1088 1932 egenum
1113 1875 1204 1919 sine
1227 1885 1342 1920 tecto
1363 1877 1428 1919 in-

43 1965 60 1988 »
86 1946 173 1990 duc
195 1946 242 1989 in
263 1944 447 1990 domum
479 1953 626 2001 tuam3
651 1944 685 1988 si
707 1943 863 1988 videris
891 1944 1084 1999 nudum,
1110 1945 1262 1989 vesti⁷.
1294 1968 1310 1987 »
1341 1946 1426 1991 Sed

38 2031 128 2061 non
164 2016 296 2060 habes
327 2014 581 2060 facultatem
613 2012 841 2071 frangendi
869 2016 1052 2073 panem,
1079 2031 1169 2059 non
1191 2016 1323 2060 habes
1346 2016 1429 2061 do-

38 2101 161 2130 mum
182 2101 271 2146 quo
292 2085 474 2129 inducas
492 2120 502 2140 ,
529 2100 619 2128 non
639 2083 774 2128 habes
800 2094 962 2130 vestem
987 2102 1074 2145 qua
1091 2087 1310 2146 cooperias
1337 2107 1344 2131 z
1373 2088 1428 2131 da

39 2156 217 2201 calicem
239 2172 364 2216 aquae
386 2154 586 2215 frigidaess
602 2190 612 2210 ‚
639 2155 762 2199 mitte
785 2154 874 2199 duo
898 2156 1065 2200 minuta
1087 2157 1132 2200 in
1162 2157 1426 2216 gazophyla-

39 2227 156 2271 cium
176 2228 209 2269 9.
251 2228 440 2270 Tantum
472 2225 577 2269 emit
606 2224 739 2270 vidua
778 2224 949 2269 duobus
983 2226 1185 2281 minutis,
1210 2237 1427 2287 quantum

41 2297 146 2341 emit
166 2299 318 2340 Petrus
339 2294 588 2355 relinquens
616 2295 767 2339 retia¹⁰
784 2331 794 2351 ‚
827 2305 1041 2356 quantum
1066 2297 1171 2341 omit
1193 2297 1426 2342 Zacchaeus

88 2416 98 2432 ¹
119 2408 295 2449 Matth.v1,
323 2419 406 2440 1.—
425 2415 437 2430 ²
455 2407 536 2440 Ibid.
557 2416 590 2439 ἓ.
606 2424 647 2430 —
664 2405 677 2430 3
696 2407 777 2440 Psal.
799 2419 851 2449 XL,
869 2418 902 2449 2,
921 2408 950 2439 3.
969 2407 1036 2437 —4
1055 2411 1143 2441 Oseae
1156 2419 1201 2450 vi,
1216 2409 1250 2450 6,
1266 2414 1299 2442 et
1311 2411 1427 2443 Matih.

42 2475 86 2505 ix,
119 2465 170 2497 13.
195 2481 235 2487 —
254 2461 270 2487 5
302 2463 385 2496 Psal.
417 2474 502 2504 ηις,
521 2462 555 2495 6.
581 2480 624 2485 -
642 2460 657 2485 ⁶
675 2463 789 2494 Matth.
812 2473 886 2503 xxv,
917 2461 968 2504 34.
997 2480 1038 2485 —
1060 2471 1073 2496 7
1109 2465 1292 2507 lsa1.Lv111‚
1327 2477 1358 2508 ς.
1386 2483 1429 2489 -

44 2517 59 2542 ⁸
77 2518 190 2552 Matth.
207 2529 240 2562 x,
262 2518 316 2560 42.
336 2535 378 2541 —
397 2525 412 2550 9
433 2520 532 2550 Marc.
551 2529 610 2559 xit,
632 2517 683 2559 42.
706 2534 746 2539 —
768 2523 798 2540 ¹0
821 2517 934 2550 Matth.
958 2529 1001 2558 iv,
1021 2528 1074 2551 20.

256 2594 361 2625 cxv.
1167 2587 1217 2624 27
