1841 3223
459 202 701 234 ENARRATIO
733 208 779 234 IN
810 205 1014 235 PsALMUM
1046 210 1133 237 L1v.
1389 199 1471 238 533

89 272 135 315 in
155 272 246 332 ipsa
265 271 565 332 perversitate,
600 271 647 314 in
667 271 760 330 ipso
778 272 1028 328 schismate,
1053 289 1142 318 non
1165 282 1228 319 est
1249 274 1333 319 iltis
1350 290 1473 320 com-

87 343 289 389 mutatio.
321 342 580 387 Humiliabit
605 341 702 386 illos
727 346 841 388 Deus
856 379 867 398 ,
892 343 1143 390 humiliabit
1169 345 1266 390 illos
1288 346 1333 390 in
1353 346 1477 392 dam-'

87 414 286 468 natione,
317 413 420 473 quia
451 413 583 457 erecti
609 421 712 457 sunt
734 413 779 456 in
801 413 1080 459 dissensione.
1118 434 1138 458 «
1168 419 1266 461 Non
1295 426 1359 461 est
1389 417 1474 462 illis

89 502 111 527 η
145 483 454 538 commutatio,
484 501 504 524 »
536 483 638 543 quia
663 499 753 528 non
781 494 1009 529 mutantur
1035 486 1081 529 in
1108 486 1288 542 melius,
1319 488 1395 531 sed
1429 489 1475 533 in

85 555 236 615 pejus3
259 569 340 598 nec
361 569 463 598 eum
484 553 555 598 hic
580 563 703 609 sunt,
727 569 807 598 nec
831 555 877 598 in
904 556 1232 601 resurrectione.
1262 576 1282 599 «
1313 559 1475 603 Omnes

87 643 108 667 »
144 625 260 669 enim
296 640 594 684 resurgemus,
632 624 707 669 sed
744 640 835 669 non
864 640 1013 669 omnes
1050 627 1424 671 immutabimur1.
1448 646 1471 670 »

84 698 253 749 Quare?
267 696 378 749 Quia
397 715 417 738 «
435 698 534 742 Non
555 704 619 740 est
635 695 718 739 illis
737 696 1042 741 commutatio:
1064 706 1106 740 et
1122 713 1211 741 non
1232 698 1474 743 timuerunt

86 785 106 809 υ
143 771 298 812 Deum.
327 784 348 808 »
375 769 547 811 Fratres
574 766 688 822 mei,
723 782 863 810 unum
888 766 1128 811 remedium
1158 777 1223 812 est
1254 787 1262 812 :
1292 769 1475 814 timeant

83 840 221 883 Deum
237 872 248 893 ,
278 837 479 882 deserant
495 840 730 881 Donatum.
756 836 870 881 Dicis
890 836 954 880 illi
979 856 988 882 ε
1023 838 1139 882 Peris
1160 838 1207 882 in
1228 839 1402 894 haeresi,
1427 839 1474 883 in

82 909 333 954 schismate:
353 924 525 953 necesse
537 918 601 952 est
616 917 667 953 ut
682 911 795 953 Deus
813 908 1027 953 retribuat
1047 909 1137 952 istis
1156 908 1278 953 malis
1298 928 1306 954 :
1326 910 1475 954 venies

81 979 128 1022 in
150 978 474 1022 damnationem
490 1013 501 1033 ‚
541 977 631 1023 noli
663 979 742 1022 tibi
769 976 956 1022 blandiri
980 978 1123 1023 verbis
1154 978 1263 1033 tuis,
1288 994 1379 1023 non
1401 995 1469 1023 se-

80 1048 226 1110 quaris
254 1064 417 1094 caecum
446 1049 604 1094 ducem
632 1069 642 1094 ε
677 1068 696 1091 «
719 1051 871 1094 Caecus
909 1058 1053 1093 autem
1085 1065 1250 1094 caecum
1283 1049 1470 1106 ducens,

84 1139 104 1162 »
139 1121 268 1165 simul
285 1121 331 1164 in
349 1120 522 1166 foveam
543 1119 748 1165 cadunt&
767 1139 786 1162 υ
806 1120 918 1174 Quid
940 1121 996 1164 ad
1020 1136 1112 1175 me,
1139 1121 1228 1165 ait?
1248 1122 1472 1182 quomodo

80 1192 165 1237 vixi
184 1192 294 1247 heri,
317 1192 375 1236 sic
393 1201 436 1236 et
456 1191 589 1236 hodie
607 1201 832 1252 :parentes
854 1192 939 1236 mei
961 1192 1082 1252 quod
1100 1192 1279 1236 fuerunt
1295 1228 1306 1247 ,
1327 1194 1410 1237 hoe
1428 1202 1471 1237 et

79 1278 175 1322 ego.
199 1266 295 1308 Non
318 1263 442 1307 times
464 1266 620 1307 Deum.
651 1266 714 1307 Da
732 1263 932 1307 timorem
954 1264 1060 1320 Dei3
1085 1264 1246 1322 cogitet
1267 1264 1368 1324 quia
1390 1265 1471 1308 ista

79 1334 225 1378 omnia
245 1349 346 1378 vera
363 1343 466 1378 sunt
487 1349 585 1394 quae
608 1333 832 1392 leguntur,
854 1333 956 1393 quia
981 1343 1044 1378 est
1065 1333 1171 1378 fides
1189 1334 1349 1379 Christi
1371 1347 1470 1394 quae

78 1403 171 1449 falti
193 1420 283 1448 non
304 1413 473 1464 potest3
493 1404 716 1464 quomodo
730 1404 776 1447 in
795 1405 948 1448 haeresi
963 1405 1204 1448 remanebit
1226 1404 1280 1448 ad
1302 1413 1469 1447 tantam

78 1476 341 1520 evidentiam
371 1484 531 1520 sanctae
562 1475 825 1529 Catholicae,
861 1490 995 1535 quam
1033 1474 1213 1519 diffudit
1246 1478 1360 1519 Deus
1392 1491 1470 1534 per

77 1555 222 1590 totum
243 1546 394 1590 orbem
416 1554 656 1602 terrarum,
675 1560 808 1605 quam
830 1554 1066 1604 antequam
1088 1544 1357 1590 diffunderet
1373 1561 1469 1604 pro-

76 1615 222 1671 misit,
254 1615 591 1676 praenuntiavit,
618 1616 677 1659 sic
699 1614 897 1659 exhibuit
920 1624 971 1658 ut
992 1615 1219 1674 promisit?
1250 1618 1366 1673 Ergo
1395 1631 1468 1659 ca-

78 1695 208 1730 veant
222 1695 266 1729 et
287 1687 520 1731 observent
542 1686 618 1747 qui
641 1702 732 1730 non
754 1686 911 1730 timent
932 1689 1089 1731 Deum.
1110 1705 1130 1728 «
1149 1685 1356 1731 Extendit
1376 1702 1469 1730 ma-

78 1774 100 1798 »
135 1772 243 1800 num
268 1771 392 1800 suam
410 1756 456 1800 in
479 1756 763 1800 retribuendo
781 1758 812 1800 3.
843 1774 862 1797 »

135 1829 258 1871 xxi.
297 1845 317 1869 «
348 1825 608 1870 Polluerunt
640 1834 950 1869 testamentum
977 1827 1098 1885 ejus,
1137 1843 1156 1866 η
1194 1830 1307 1883 Lege
1338 1835 1470 1871 testa-

75 1906 274 1942 mentum
295 1896 416 1958 quod
433 1895 688 1956 polluerunt
710 1915 718 1940 z
745 1915 765 1938 «
794 1899 846 1940 In
868 1896 1031 1940 semine
1052 1905 1129 1940 tuo
1154 1896 1469 1942 benedicentur

79 1988 98 2011 »
134 1983 284 2013 omnes
302 1969 487 2027 gentes4.
501 1967 760 2012 Polluerunt
776 1977 1081 2012 testamentum
1098 1969 1305 2028 ejusmTu
1318 1979 1469 2014 contra

74 2040 152 2084 ista
175 2038 309 2083 verba
335 2039 551 2083 testatoris
568 2038 678 2099 quid
706 2037 837 2082 dieis?
859 2036 1004 2082 Africa
1027 2038 1115 2082 sola
1137 2039 1262 2082 istam
1286 2040 1467 2098 gratiam

74 2110 235 2154 meruit
263 2110 400 2155 sancti
427 2109 612 2163 Donati,
639 2109 685 2152 in
711 2109 804 2168 ipso
837 2108 1044 2152 remansit
1070 2108 1260 2152 Ecclesia
1288 2110 1465 2154 Christi.

74 2181 153 2225 Dic
169 2179 337 2236 saltem,
362 2179 555 2225 Ecclesia
577 2180 750 2225 Donati.
778 2184 919 2232 Quare
943 2178 1142 2239 adjungis
1158 2214 1168 2233 ,
1189 2179 1383 2224 Christi?
1406 2184 1467 2225 De

74 2266 163 2311 quo
184 2250 352 2294 dictum
368 2260 451 2294 est:
468 2269 489 2293 «
502 2253 556 2294 In
577 2250 741 2294 semine
762 2259 840 2294 tuo
861 2249 1180 2294 benedicentur
1193 2265 1342 2295 omnes
1358 2267 1467 2310 gen-

77 2340 98 2362 »
133 2330 243 2365 tes.»
255 2324 358 2365 Post
370 2324 590 2365 Donatum
605 2322 669 2366 vis
682 2321 770 2364 ire?
784 2327 898 2364 Pone
910 2320 1148 2375 Christum,
1165 2329 1208 2364 et
1222 2320 1281 2364 sic
1295 2322 1464 2366 recede.

74 2391 231 2436 Videte
263 2406 365 2450 ergo
398 2392 507 2453 quid
540 2392 736 2453 sequitur
768 2412 777 2436 z
818 2411 838 2433 «
865 2390 1125 2435 Polluerunt
1158 2400 1465 2436 testamentum

123 2493 132 2509 ¹
156 2498 169 2519 1
191 2488 266 2519 Cor.
285 2498 341 2529 xv,
362 2487 417 2519 5¹.
439 2505 481 2510 —
501 2495 515 2511 ²
533 2487 646 2520 Matth.
667 2499 720 2527 xv,
745 2486 794 2528 14.
811 2503 853 2509 -
873 2484 1063 2527 3Psa1.t1v‚
1088 2495 1142 2518 21.
1162 2504 1204 2509 —
1223 2485 1238 2516 l.
1255 2489 1332 2519 Gen.
1355 2498 1409 2529 xii,
1431 2488 1462 2529 3,

27 2544 40 2551 '⁴
77 2545 110 2573 et
130 2552 222 2581 xxvr,
237 2542 268 2583 4.
