1841 3223
252 255 492 285 ENAnRATlo
525 259 538 284 1
570 259 616 285 m
649 255 851 285 PsALMUM
883 260 1046 296 xxxvr,
1081 256 1206 285 SERM.
1244 259 1274 284 1.
1381 246 1434 284 57

57 323 204 380 docet,
228 322 273 366 id
296 332 375 378 est,
401 323 563 366 nescire
581 321 739 366 dicitur
760 322 880 383 quod
900 324 1062 367 nescire
1084 338 1162 367 nos
1183 321 1301 377 facit,
1320 337 1434 382 quo-

51 393 183 438 modo
197 394 390 454 quotidie
400 393 638 453 loquimur,
649 393 781 437 modo
795 393 985 453 quodam
999 393 1247 449 locutionis,
1264 402 1314 437 ut
1328 393 1430 437 dixi.

50 467 220 509 Laetum
232 464 347 508 enim
361 463 692 518 diemtdicimus,
707 465 809 524 quia
830 464 951 509 laetos
968 481 1046 510 nos
1068 465 1195 523 facit,
1211 475 1254 509 et
1267 464 1434 508 tristem
1457 479 1459 481 ’

49 533 180 589 diem,
200 535 301 595 quia
319 535 460 578 tristes
482 549 560 578 nos
582 532 684 578 facit
698 555 710 591 3
726 543 770 578 et
791 533 924 592 frigus
946 536 1115 594 pigrum
1132 571 1142 590 ,
1168 536 1268 596 quia
1290 535 1434 594 pigros

48 619 128 649 nos
145 604 262 649 facit.
281 605 513 658 Quomodo
526 613 677 649 contra
694 604 852 648 dicitur
873 620 896 648 a
917 605 1104 649 Domino
1123 624 1132 650 :
1154 623 1173 646 «
1188 608 1314 650 Nunc
1329 619 1433 663 cog-

50 694 71 717 »
105 676 222 721 novi.
243 676 454 721 »Dictum
466 685 530 720 est
543 676 752 720 Abrahae:
774 695 794 717 «
810 678 936 721 Nunc
951 676 1135 735 cognovi
1148 675 1269 736 quod
1284 677 1434 721 timeas

51 763 73 788 »
107 748 339 790 tuDeum1.
356 764 376 787 »
390 749 482 791 Hoc
496 750 608 791 Deus
621 755 800 790 noverat
813 755 855 790 et
866 755 965 790 ante
978 745 1095 790 illam
1111 745 1431 806 probationem.

47 818 157 861 Nam
186 815 258 860 illa
282 816 480 876 probatio
503 815 602 861 ideo
632 814 745 861 facta
773 826 860 872 est,
892 826 943 861 ut
969 832 1047 861 nos
1069 831 1290 861 nossemus
1314 815 1435 877 quod

50 889 164 931 Deus
170 887 260 947 jam
274 895 469 942 noverat,
486 895 529 930 et
544 896 722 946 propter
734 902 813 932 nos
832 886 1053 931 docendos
1071 887 1431 941 conscriberetur,

50 957 172 1017 quod
197 965 298 1001 ante
324 956 639 1001 documentum
660 957 732 1001 ille
755 966 936 1002 noverat
957 977 966 1002 :
997 967 1041 1002 et
1068 956 1248 1002 fortasse
1275 966 1319 1001 et
1345 957 1435 1017 ipse

49 1027 270 1071 Abraham
293 1026 492 1071 nondum
513 1036 693 1071 noverat
715 1043 823 1087 quas
843 1028 953 1072 vires
973 1027 1156 1072 haberet
1184 1027 1290 1072 fides
1312 1028 1402 1087 ejus
1422 1046 1430 1071 :

48 1095 373 1156 (unusquisque
401 1096 518 1140 enim
547 1111 591 1140 se
624 1097 866 1140 tentatione
902 1106 1113 1157 tanquam
1145 1097 1435 1155 interrogatus

48 1166 242 1224 agnoscit
263 1184 272 1210 ε
291 1170 305 1221 )
326 1166 438 1210 sicut
457 1169 610 1209 Petrus
631 1181 738 1225 quas
758 1166 870 1210 vires
892 1165 1074 1209 haberet
1100 1164 1207 1210 fides
1229 1167 1320 1225 ejus
1342 1167 1433 1210 uti-

48 1251 134 1295 que
151 1235 384 1290 nesciebat,
409 1234 586 1295 quando
603 1235 712 1279 dixit
727 1236 912 1280 Domino
929 1255 938 1281 z
960 1255 979 1278 α
1000 1239 1161 1280 Tecum
1179 1251 1276 1279 sum
1298 1251 1435 1296 usque

51 1323 72 1347 »
108 1305 163 1351 ad
179 1308 409 1350 mortem2.
431 1326 450 1347 »
477 1306 687 1351 Dominus
707 1316 852 1350 autem
875 1308 951 1367 qui
974 1316 1153 1351 noverat
1172 1322 1271 1350 eum
1288 1342 1299 1361 ,
1321 1322 1435 1366 prae-

48 1369 157 1420 dixit
190 1376 267 1420 ubi
302 1377 528 1431 deficeret,
559 1377 858 1436 praenuntians
894 1376 957 1420 illi
989 1377 1287 1421 infirmitatem
1320 1378 1432 1437 ejus,

48 1456 258 1507 tanquam
283 1455 393 1491 tacta
422 1463 530 1491 vena
549 1446 690 1492 cordis
712 1448 818 1507 ejus.
844 1447 1033 1491 Proinde
1057 1451 1210 1491 Petrus
1234 1447 1311 1507 qui
1336 1456 1437 1491 ante

49 1517 331 1561 tentationem
348 1517 623 1576 praesumpsit
638 1517 693 1561 de
710 1533 769 1570 se,
791 1518 835 1561 in
858 1518 1096 1561 tentatione
1119 1517 1271 1562 didicit
1287 1533 1344 1561 se.
1368 1517 1436 1562 Sic

48 1602 149 1645 ergo
170 1603 260 1631 non
283 1587 469 1631 absurde
491 1587 699 1631 sentimus
721 1596 764 1631 et
786 1596 954 1646 patrem
983 1597 1179 1632 nostrum
1214 1587 1437 1632 Abraham

48 1657 299 1716 cognovisse
325 1658 436 1702 vires
460 1656 561 1701 fidei
582 1673 693 1712 suae,
724 1658 799 1701 ubi
823 1659 967 1717 jussus
1001 1658 1229 1703 immolare
1256 1657 1437 1702 unicum

48 1727 188 1772 filium
215 1742 364 1782 suum,
389 1743 479 1771 non
500 1726 718 1770 dubitavit
749 1742 828 1770 nec
851 1726 1081 1786 trepidavit
1109 1728 1146 1771 ei
1175 1727 1332 1771 offerre
1360 1727 1437 1786 qui

47 1797 253 1856 dederat3
278 1798 379 1857 quia
401 1797 774 1857 quemadmodum
803 1798 983 1842 nescivit
1002 1798 1121 1841 unde
1143 1797 1323 1841 daturus
1346 1806 1438 1841 erat

48 1867 246 1912 nondum
269 1877 444 1922 natum,
476 1867 534 1911 sic
556 1866 742 1911 credidit
771 1882 893 1926 posse
922 1882 1119 1926 reparare
1143 1867 1432 1911 immolatum.

49 1938 162 1983 Dixit
185 1953 288 1997 ergo
311 1941 450 1983 Deus:
481 1957 501 1980 «
524 1940 651 1983 Nunc
679 1938 863 1995 cognovi
886 1957 895 1982 ε
926 1956 946 1979 »
972 1937 1093 1998 quod
1122 1931 1437 1997 intelligimus,

48 2011 175 2054 Nunc
207 2024 466 2067 cognoscere
507 2017 550 2052 te
591 2007 674 2052 feci
716 2027 724 2052 :
766 2007 1007 2052 secundum
1051 2008 1294 2053 locutiones
1330 2024 1437 2068 quas

47 2077 469 2133 commendavimus,
495 2079 674 2136 Pigrum
701 2077 857 2136 frigus,
889 2078 1010 2138 quod
1035 2079 1179 2138 pigros
1207 2077 1363 2130 faciat3
1395 2088 1438 2123 et

48 2147 200 2191 laetum
231 2147 373 2202 diem,
405 2146 524 2207 quod
553 2147 675 2192 laetos
703 2146 832 2191 faciat
861 2163 870 2188 z
905 2148 964 2191 sic
992 2163 1280 2205 cognoscens,
1317 2148 1438 2208 quod

49 2226 356 2276 cognoscentes
377 2216 519 2261 faciat.
547 2217 656 2261 Inde
675 2227 740 2261 est
759 2216 872 2261 illud
889 2237 898 2262 :
918 2237 938 2259 ‹<
956 2221 1112 2262 Tentat
1132 2234 1209 2262 vos
1226 2219 1437 2262 Dominus

53 2304 74 2328 »
109 2290 224 2331 Deus
254 2296 410 2342 vester,
444 2296 495 2331 ut
522 2287 628 2331 sciat
652 2287 685 2331 si
714 2286 889 2345 diligitis
921 2303 1023 2331 eum
1041 2290 1074 2331 ³.
1103 2307 1123 2329 n
1157 2288 1287 2332 Dabis
1320 2288 1436 2332 enim

49 2355 244 2417 profecto
267 2357 452 2401 Domino
474 2360 563 2401 Deo
585 2366 749 2411 nostro,
770 2360 859 2401 Deo
877 2372 1063 2411 summo,
1086 2360 1174 2400 Deo
1196 2372 1299 2401 vero
1320 2372 1437 2416 mag-

49 2442 152 2471 nam
168 2427 472 2485 ignorantiam,
497 2426 618 2486 quod
640 2427 790 2487 utique
811 2426 1068 2484 sacrilegum
1091 2441 1180 2470 esse
1201 2425 1430 2484 intelliges,

49 2497 84 2541 si
110 2497 169 2541 sic
191 2498 402 2557 acceperis
424 2517 433 2543 :
462 2516 483 2539 «
510 2501 665 2542 Tentat
687 2514 760 2542 vos
795 2497 1025 2552 Dominus,
1052 2506 1103 2541 ut
1124 2498 1252 2552 sciat,
1285 2515 1305 2540 »
1331 2506 1435 2541 tan-

99 2588 107 2604 ¹
130 2583 208 2613 Gen.
223 2592 298 2622 xxii,
317 2592 366 2613 12.
388 2598 429 2606 —-
444 2588 457 2604 ²
475 2584 551 2614 Luc.
569 2593 635 2623 xxi,
662 2582 714 2614 33.
729 2598 769 2604 —-
794 2580 806 2604 ³
825 2584 918 2613 Dcut.
944 2592 1010 2621 xm,
1027 2580 1057 2612 3.
