1841 3223
374 244 457 285 458
813 253 847 282 s.
883 254 1114 284 Aceus'nm
1147 257 1328 284 Emscom

376 341 396 363 »
432 323 563 381 que1.
588 339 607 361 »
635 323 686 364 In
717 319 793 364 illo
825 329 1020 381 tempore
1047 330 1139 365 erat
1169 322 1327 377 David,
1352 321 1529 382 quando
1551 320 1758 366 sacrificia

372 392 648 436 victimarum
671 389 923 436 animalium
946 392 1243 436 offerebantur
1266 396 1377 447 Deo,
1403 402 1446 436 et
1462 391 1638 435 videbat
1664 391 1758 434 haee

372 460 521 506 sutura
555 471 764 521 tempora.
797 464 951 507 Nonne
980 463 1025 507 in
1057 463 1121 506 his
1143 462 1324 507 vocibus
1352 478 1430 506 nos
1453 462 1759 520 agnoscimus?

372 535 510 577 Erant
528 531 605 575 illa⁴
619 533 824 576 sacrificia
839 533 1038 592 figurata,
1061 533 1397 592 prcenuntiantia
1412 547 1550 576 unum
1573 531 1761 575 salutare

371 602 646 648 sacrificium.
681 605 769 648 Nec
798 618 875 647 nos
899 603 1061 648 dimissi
1083 605 1174 646 sine
1202 603 1409 646 sacrificio
1436 618 1608 657 sumus,
1641 600 1762 661 quod

371 677 463 719 Deo
484 673 733 718 offeramus.
759 673 872 718 Audi
901 674 1017 717 enim
1044 673 1152 733 quid
1180 673 1294 717 dicat
1325 688 1474 717 curam
1504 688 1655 731 gerens
1683 687 1762 730 pro

372 753 550 805 peccato
585 759 688 797 suo,
713 753 757 788 et
784 744 951 802 ignosci
982 743 1064 787 sibi
1097 743 1244 788 volens
1274 742 1438 787 malum
1467 741 1588 802 quod
1626 742 1760 786 fecit:

377 835 398 859 «
435 816 477 860 Si
506 814 733 869 voluisses,
773 814 941 874 inquit,
973 814 1231 859 sacrificium
1253 813 1468 858 dedissem
1485 813 1654 873 utique.
1679 815 1765 857 Ho-

376 905 396 928 »
430 885 632 930 locaustis
661 901 750 929 non
773 884 1070 929 delectaberis.
1097 904 1116 926 »
1141 885 1258 930 Nihil
1288 901 1391 944 ergo
1413 885 1676 929 offeremus?
1705 884 1764 928 sic

373 956 597 1000 veniemus
624 953 679 998 ad
706 957 876 1000 Deum?
906 958 962 1000 Et
988 955 1107 999 unde
1138 955 1263 999 illum
1291 955 1588 1015 placabimus?
1619 954 1761 1009 Oss'er,

374 1041 476 1071 sane
494 1026 539 1071 in
552 1035 594 1070 te
614 1025 748 1069 habes
766 1026 888 1086 quod
905 1026 1075 1070 offeras.
1094 1026 1192 1072 Noli
1215 1026 1478 1071 extrinsecus
1501 1026 1629 1069 thura
1650 1040 1768 1070 com-

375 1112 553 1158 parare,
588 1095 664 1140 sed
696 1095 796 1141 dic:
833 1116 853 1138 «
880 1100 931 1141 In
962 1112 1032 1140 me
1058 1106 1187 1148 sunt,
1221 1100 1357 1152 Deus,
1389 1105 1491 1141 vota
1529 1105 1629 1150 tua,
1666 1111 1766 1156 quae

378 1186 398 1210 »
435 1166 615 1211 reddam
629 1165 770 1210 laudis
784 1166 897 1210 tibi³.
908 1165 1030 1212 »Noli
1048 1167 1311 1211 extrinsecus
1328 1182 1460 1227 pecus
1475 1166 1595 1226 quod
1607 1175 1766 1210 mactes

376 1238 619 1299 inquirere,
650 1236 784 1281 habes
817 1237 863 1280 in
898 1246 937 1281 te
965 1236 1085 1299 quod
1113 1236 1297 1282 occidas.
1332 1237 1642 1282 «Sacrificium
1678 1240 1766 1280 Deo

381 1328 400 1351 »
435 1309 611 1368 spiritus
646 1309 991 1364 contribulatus,
1025 1325 1100 1353 cor
1133 1309 1370 1353 contritum
1409 1318 1453 1352 et
1489 1308 1768 1352 humiliatum

379 1398 399 1421 »
436 1383 549 1423 Deus
572 1394 661 1423 non
679 1379 889 1438 spernit&
914 1397 934 1420 >›
962 1383 1138 1423 Prorsus
1161 1380 1325 1438 spernit
1349 1388 1545 1432 taurum,
1571 1379 1765 1432 hircum,

379 1451 557 1495 arietem
585 1470 593 1495 z
615 1451 704 1510 jam
727 1465 816 1494 non
840 1460 903 1494 est
933 1460 1102 1510 tempus
1136 1460 1186 1494 ut
1214 1451 1308 1494 haec
1331 1450 1585 1494 offerantur.
1612 1448 1770 1493 Oblata

377 1532 480 1567 sunt
501 1538 602 1566 cum
625 1521 790 1582 aliquid
822 1522 1086 1575 indicarent,
1115 1538 1217 1566 cum
1246 1521 1415 1582 aliquid
1444 1522 1766 1581 promitterent,

377 1593 654 1637 venientibus
680 1592 810 1636 rebus
846 1593 1088 1652 promissis,
1125 1592 1431 1652 promissiones
1465 1591 1621 1636 ablatae
1649 1601 1765 1636 sunt.

382 1682 402 1704 «
437 1665 523 1708 Cor
537 1664 775 1707 contritum
793 1672 834 1707 et
855 1662 1132 1707 humiliatum
1152 1666 1265 1707 Deus
1288 1678 1376 1706 non
1395 1662 1573 1721 spernit.
1594 1680 1614 1703 »
1631 1662 1771 1707 Nostis

378 1736 481 1796 quia
504 1735 698 1779 excelsus
716 1744 779 1779 est
802 1738 916 1779 Deus
934 1751 942 1775 :
961 1735 995 1778 si
1012 1744 1054 1778 te
1078 1733 1294 1778 excelsum
1314 1733 1481 1788 feceris,
1505 1732 1770 1793 longinqua-

378 1806 444 1851 bit
466 1822 489 1850 a
511 1816 555 1850 te
574 1827 584 1864 3
608 1807 643 1851 si
664 1815 707 1850 te
724 1805 1041 1860 humiliaveris,
1065 1805 1380 1865 propinquabit
1397 1804 1452 1848 ad
1468 1813 1524 1848 te.

437 1879 582 1921 XXII.
610 1876 764 1921 Videte
793 1876 888 1935 quis
915 1876 993 1920 iste
1017 1877 1069 1919 sit
1097 1895 1105 1919 :
1134 1878 1253 1919 Unus
1285 1874 1515 1919 videbatur
1550 1874 1772 1933 deprecari

380 1946 520 1992 David
535 1982 546 2001 ‚
569 1946 713 1990 videte
736 1947 804 1990 hic
826 1946 1062 2004 imaginem
1086 1954 1279 1989 nostram
1301 1954 1345 1988 et
1369 1954 1522 2004 typum
1548 1943 1768 1988 Ecclesiae.

384 2037 405 2060 «
439 2018 631 2074 Benigne
649 2016 718 2061 fac
734 2052 744 2071 ,
776 2017 981 2070 Domine,
1007 2016 1052 2059 in
1077 2017 1191 2061 bona
1212 2016 1437 2061 voluntate
1464 2024 1538 2060 tua
1571 2015 1672 2060 Sion
1688 2017 1719 2057 ⁵.
1748 2033 1767 2055 n

382 2087 496 2132 Huic
512 2087 614 2131 Sion
633 2087 817 2144 benigne
840 2085 922 2130 fac.
950 2092 1054 2140 Quae
1072 2096 1135 2130 est
1156 2088 1284 2131 Sion?
1302 2087 1461 2132 Civitas
1482 2095 1645 2131 sancta.
1668 2088 1773 2137 Quae

383 2168 447 2203 est
463 2158 611 2202 civitas
631 2162 802 2202 sancta?
813 2160 920 2211 Quae
938 2157 1145 2202 abscondi
1163 2174 1252 2203 non
1274 2167 1416 2217 potest
1433 2172 1562 2216 super
1579 2165 1773 2200 montem

384 2230 620 2275 constituta
636 2230 667 2273 ⁰.
696 2229 800 2273 Sion
834 2229 880 2272 in
911 2229 1204 2289 speculatione
1224 2265 1235 2283 ,
1269 2229 1370 2289 quia
1405 2227 1570 2288 aliquid
1608 2235 1773 2286 spectat

385 2301 506 2361 quod
528 2302 1026 2365 sperat3Interpretatur
1045 2299 1160 2342 enim
1184 2300 1285 2343 Sion
1303 2297 1541 2358 speculatio
1557 2333 1568 2352 ,
1593 2305 1637 2341 et
1654 2299 1774 2340 Jeru-

386 2369 518 2414 salem
541 2370 647 2413 visio
670 2371 799 2429 pacis.
826 2370 1067 2427 Agnoscitis
1089 2386 1192 2428 ergo
1213 2385 1287 2413 vos
1314 2369 1360 2412 in
1390 2371 1491 2413 Sion
1513 2378 1555 2411 et
1578 2368 1623 2412 in
1645 2371 1774 2412 Jeru-

390 2440 521 2484 salem
538 2476 548 2496 ,
573 2442 606 2484 si
626 2442 730 2486 certi
754 2441 984 2502 expectatis
1004 2455 1123 2499 spem
1146 2439 1336 2483 futuram
1357 2474 1367 2494 ‚
1395 2448 1439 2483 et
1463 2439 1497 2482 si
1521 2453 1670 2498 pacem
1694 2439 1772 2482 ha-

438 2543 446 2560 ¹
470 2537 548 2568 Psat.
565 2548 594 2578 L,
617 2537 850 2569 18.—21bid.
876 2547 925 2578 ¹9·
947 2553 988 2559 —-
1011 2534 1083 2568 3I‹l.
1111 2546 1161 2576 ιν,
1185 2544 1235 2567 12.
1257 2534 1385 2566 -41d.
1407 2545 1437 2575 L,
1453 2545 1501 2577 ¹9·
1526 2550 1567 2556 -
1585 2532 1696 2565 51bid.
1715 2542 1770 2565 20.

392 2609 433 2615 —-
458 2589 601 2624 finlatth.
620 2603 651 2632 v,
673 2591 723 2633 14.
