1841 3223
410 197 489 232 112
837 203 870 230 s.
908 204 1136 230 Ateus‘rim
1170 203 1349 230 El‘tSCOPl

404 268 684 328 temporalem
704 268 757 311 ad
780 266 1112 311 confundendos
1144 265 1371 321 infideles3
1408 266 1503 310 illos
1539 275 1684 310 autem
1716 282 1787 312 oe-

403 339 517 383 culte
550 338 773 383 coronavit
798 336 851 380 ad
875 336 1156 396 judicandam
1176 336 1441 396 impietatem
1464 337 1745 396 persecutoris
1772 356 1782 382 ε

401 425 482 454 nee
514 409 608 453 illos
630 419 773 452 tamen
789 443 799 462 ,
821 424 900 452 nee
923 407 1019 453 illos
1047 409 1299 468 dereliquit,
1329 428 1348 450 «
1371 408 1450 460 Qui
1475 424 1562 452 non
1599 407 1786 452 derelin-

406 497 426 520 »
452 489 557 538 quet
588 488 756 522 sanctos
788 492 902 522 suos.
932 497 951 519 »
974 481 1030 523 Et
1052 479 1160 522 nihil
1183 493 1388 536 magnum
1409 487 1673 537 aeceperunt
1701 487 1785 523 tres

403 549 547 608 pueri,
574 548 608 592 si
639 564 726 593 non
748 549 793 592 in
815 558 1026 593 aeternum
1049 557 1422 594 conservarentur.
1452 567 1473 590 «
1499 551 1550 593 In
1573 557 1787 593 aeternum
1827 544 1831 550 ⁴

404 637 425 661 »
458 619 844 663 conservabuntur.
874 638 894 661 »

460 702 517 745 X.
557 720 577 743 ‹<
604 700 757 760 Injusti
777 710 922 745 autem
944 703 1198 761 punientur,
1225 711 1267 745 et
1283 716 1428 745 semen
1452 700 1686 760 impiorum
1706 716 1787 761 pe-

405 791 425 813 »
462 772 578 816 ribit.
603 790 622 812 n
650 773 881 825 Quomodo
901 789 1048 818 semen
1076 773 1189 817 illius
1212 773 1257 816 in
1278 772 1582 817 benedictione
1604 773 1705 828 erit,
1729 773 1788 817 sie

407 861 428 884 «
465 846 618 887 Semen
655 843 889 902 impiorum
925 844 1096 903 peribit.
1126 862 1145 884 »
1181 846 1336 888 Semen
1365 843 1481 886 enim
1525 843 1755 903 impiorum
1771 877 1784 898 ,

402 928 533 973 opera
555 914 803 972 impiorum.
824 916 932 959 Nam
950 913 1194 958 invenimus
1216 929 1387 957 rursum
1405 909 1541 957 filium
1561 913 1682 973 impii
1706 913 1789 957 sso-

404 999 496 1027 rere
518 984 564 1027 in
585 983 744 1028 saeeulo
765 1019 776 1039 ,
808 993 850 1028 et
877 984 1112 1044 aliquando
1143 984 1234 1027 fieri
1260 985 1448 1043 justum,
1479 993 1522 1027 et
1555 984 1708 1028 florere
1743 984 1789 1027 in

403 1054 590 1098 Christo.
617 1053 726 1097 Vide
748 1070 850 1114 ergo
872 1054 1095 1114 quomodo
1118 1055 1321 1114 accipias,
1348 1064 1398 1098 ut
1418 1063 1583 1099 tectum
1606 1054 1785 1113 aperias,

403 1132 447 1167 et
469 1123 524 1167 ad
541 1123 762 1169 Christum
786 1124 1037 1184 pervenias¹
1067 1124 1182 1169 :noli
1205 1124 1450 1179 carnaliter,
1476 1140 1576 1168 nam
1595 1123 1786 1183 decipie-

403 1195 474 1238 ris.
524 1195 607 1239 Sed
642 1211 788 1239 semen
821 1195 1081 1255 impiorum,
1108 1196 1252 1240 onmia
1276 1211 1405 1255 opera
1428 1195 1659 1254 impiorum
1677 1194 1788 1254 peri-

403 1265 544 1321 bunt,
580 1264 774 1310 fructum
796 1282 884 1310 non
907 1266 1150 1310 habebunt.
1189 1266 1257 1310 Ad
1279 1275 1449 1325 tempus
1480 1265 1594 1308 enim
1622 1263 1788 1324 aliquid

404 1335 577 1393 valent,
606 1345 754 1395 postea
776 1345 1001 1396 quaerent,
1030 1346 1073 1380 et
1107 1351 1196 1380 non
1218 1335 1441 1379 invenient
1473 1334 1594 1395 quod
1621 1334 1788 1394 operati

401 1416 517 1451 sunt.
546 1410 654 1452 Nam
672 1406 950 1467 perdentium
974 1408 1096 1468 quod
1117 1407 1281 1467 operati
1302 1415 1429 1460 sunt,
1461 1422 1543 1450 vox
1568 1405 1648 1450 erit
1675 1405 1747 1449 illa
1773 1424 1784 1451 ι

405 1496 426 1519 «
460 1476 577 1530 Quid
597 1477 721 1521 nobis
744 1477 908 1537 profuit
925 1478 1149 1536 superbia,
1176 1486 1251 1521 aut
1272 1475 1375 1537 quid
1393 1476 1640 1521 divitiarum
1654 1478 1788 1536 jacta-

403 1565 423 1589 »
459 1548 519 1592 tio
541 1547 728 1592 contulit
749 1548 1197 1592 nohis?Transierunt
1219 1549 1363 1592 omnia
1380 1546 1452 1591 illa
1473 1556 1678 1607 tanquam
1693 1562 1789 1591 um-

403 1636 422 1659 »
459 1619 536 1662 bra
551 1622 583 1662 ²².
610 1622 726 1677 Ergo
749 1633 896 1662 semen
917 1619 1152 1677 impiorum
1174 1618 1347 1677 peribit.
1374 1636 1393 1658 »

456 1702 537 1745 XI.
578 1718 597 1741 «
620 1702 643 1743 J
650 1699 731 1743 usti
751 1698 1005 1743 haereditate
1034 1698 1321 1759 possidebunt
1343 1708 1500 1742 terram
1515 1699 1546 1742 ³.
1569 1717 1588 1740 »
1622 1701 1787 1744 Rursus

399 1769 575 1813 avaritia
605 1785 693 1814 non
716 1770 946 1828 subrepat,
984 1784 1064 1813 nee
1094 1769 1171 1812 tibi
1201 1768 1391 1828 aliquam
1413 1763 1560 1813 villam
1582 1784 1785 1828 magnam
1830 1800 1833 1802 -

398 1841 646 1899 promittat,
680 1855 734 1883 ne
772 1839 891 1900 quod
923 1840 993 1883 hic
1011 1840 1177 1899 juberis
1206 1849 1510 1894 contemnere,
1535 1840 1595 1883 ibi
1623 1856 1781 1899 speres.

400 1914 530 1954 Terra
548 1919 610 1954 est
631 1909 832 1969 quaedam
850 1908 921 1953 illa
944 1910 1158 1964 vivorum,
1174 1919 1630 1969 regnumsanetorum.
1659 1910 1785 1955 Unde
1822 1903 1826 1909 ¹

397 1982 558 2026 dieitur
578 2001 584 2025 z
608 2001 623 2020 «
641 1984 744 2040 Spes
764 1996 858 2024 mea
876 1996 918 2024 es
932 1989 979 2023 tu
994 2015 1004 2035 ,
1024 1981 1165 2039 portio
1182 1996 1274 2024 mea
1297 1981 1340 2024 in
1364 1990 1475 2024 terra
1490 1981 1690 2025 vivorum
1706 1983 1736 2024 4.
1761 1999 1780 2022 »

396 2054 506 2097 Nam
522 2061 564 2095 et
586 2051 619 2095 si
641 2052 728 2095 vita
750 2060 825 2095 tua
847 2050 918 2094 illa
941 2060 1019 2105 est,
1045 2050 1236 2108 intellige
1257 2051 1431 2111 qualem
1457 2060 1611 2094 terram
1629 2066 1783 2110 aecep-

399 2132 520 2166 turus
555 2122 623 2166 sis.
653 2121 731 2165 Illa
757 2131 820 2165 est
852 2131 964 2164 terra
985 2120 1225 2166 viventium
1259 2140 1267 2165 :
1304 2122 1397 2165 haec
1419 2130 1483 2165 est
1504 2130 1648 2165 autem
1670 2130 1782 2165 terra

396 2193 674 2237 morientium
692 2227 702 2246 ,
722 2200 947 2250 receptura
969 2201 1163 2235 mortuos
1185 2207 1293 2251 quos
1311 2191 1493 2236 nutrivit
1505 2191 1638 2236 vivos.
1667 2194 1781 2245 Qua-

394 2262 446 2306 lis
478 2277 580 2321 ergo
622 2261 694 2304 illa
732 2270 870 2316 terra,
920 2260 1017 2305 talis
1047 2270 1089 2305 et
1123 2261 1213 2320 ipsa
1245 2261 1331 2305 vita
1364 2281 1373 2306 z
1407 2262 1440 2305 si
1475 2271 1636 2306 aeterna
1662 2261 1776 2317 vita,

396 2342 556 2376 aeterna
586 2342 714 2376 terra.
747 2335 803 2376 Et
831 2331 1052 2392 quomodo
1077 2340 1237 2376 aeterna
1265 2341 1377 2376 terra
1399 2334 1416 2374 ?
1442 2351 1459 2372 «
1482 2335 1538 2377 Et
1559 2332 1778 2377 inhabita-

398 2421 418 2445 »
456 2404 569 2447 bunt
590 2403 635 2446 in
656 2402 866 2447 saeeulum
898 2403 1044 2447 saeculi
1073 2418 1201 2462 super
1228 2417 1338 2446 earn.
1366 2421 1385 2444 »
1419 2402 1515 2447 Alia
1538 2418 1639 2461 ergo
1666 2413 1780 2448 terra

443 2518 452 2533 ¹
478 2513 553 2543 Luc.
570 2522 614 2553 v,
643 2521 694 2553 19:
722 2528 762 2533 -·
784 2517 796 2535 ²
816 2513 892 2554 Sap.
912 2522 953 2553 v,
968 2510 999 2543 8.
1022 2527 1063 2534 —-
1083 2509 1096 2532 3
1114 2510 1193 2542 Psal.
1214 2520 1308 2542 xxxvr
1325 2534 1333 2551 ,
1353 2519 1407 2552 29.
1427 2509 1498 2540 -4
1518 2511 1564 2543 Id.
1584 2522 1664 2553 cxm,
1681 2512 1713 2543 6.
