1841 3223
360 263 600 294 ENARRATIO
631 266 678 293 nv
709 263 911 294 PsALMUM
943 266 1080 293 XLvn.
1339 250 1424 289 357

43 341 190 376 tamen
211 339 387 387 notum,
419 347 520 376 cum
543 340 586 375 et
606 331 729 386 hinc,
761 331 844 375 hoc
866 339 952 382 est,
977 345 1026 374 ex
1046 329 1110 374 his
1136 328 1329 373 versibus
1350 342 1426 372 ex-

43 401 261 461 sculptum
287 401 418 446 fuerit
438 410 481 445 et
501 410 675 444 erutum
697 400 816 460 quod
837 400 971 444 nostis
987 435 997 454 ,
1030 415 1119 444 non
1144 399 1225 443 crit
1248 398 1424 455 rudius,

42 471 117 516 sed
144 471 327 515 dulcius
360 473 485 516 Nunc
517 471 679 530 quippe
708 469 895 529 populus
917 469 995 513 Dei
1017 478 1246 514 censentur
1276 484 1427 513 omnes

43 542 118 602 qui
144 550 319 601 portant
339 549 602 585 sacramenta
619 541 709 600 ejus
725 575 736 594 ,
759 540 835 583 sed
856 555 945 583 non
967 555 1115 584 omnes
1133 540 1349 599 pertinent
1371 538 1427 583 ad

41 610 377 656 misericordiam
399 612 506 671 ejus.
527 612 686 654 Omnes
702 609 864 670 quippe
886 619 1202 653 sacramentum
1224 609 1428 668 baptismi

43 682 203 727 Christi
224 682 480 741 accipientes
496 717 506 737 ,
532 681 765 727 Christiani
787 688 1028 737 vocantur,
1054 679 1128 723 sed
1152 695 1239 724 non
1277 695 1426 724 omnes

43 752 173 809 digne
193 751 269 795 illo
291 760 558 797 sacramento
580 752 746 795 vivunt.
776 753 884 795 Sunt
904 749 1019 793 enim
1047 749 1226 809 quidam
1250 750 1304 793 de
1328 749 1429 809 qui-

43 821 124 865 bus
145 821 250 866 dicit
274 821 505 881 Apostolus
532 841 540 866 :
570 821 824 865 «Habentes
847 819 1029 864 formam
1058 819 1225 879 pietatis
1242 854 1253 874 ,
1285 820 1428 864 virtu-

47 910 68 934 »
103 901 188 936 tem
222 901 368 936 autem
396 892 486 952 ejus
513 892 819 949 abnegantes1.
839 909 859 932 »
892 893 1055 934 Tamen
1083 899 1260 950 propter
1292 890 1429 949 ipsam

44 963 230 1022 speciem
251 963 421 1022 pietatis
442 962 485 1006 in
508 961 672 1022 populo
697 962 772 1006 Dei
792 962 1074 1005 nominantur
1099 981 1106 1005 :
1133 960 1355 1022 quomodo
1372 960 1430 1005 ad

44 1048 184 1077 aream
203 1068 214 1088 ,
246 1031 441 1092 quandiu
474 1033 717 1087 trituratur,
746 1047 834 1076 non
856 1031 995 1076 solum
1022 1046 1152 1089 grana
1169 1067 1179 1085 ,
1204 1030 1279 1075 sed
1300 1031 1430 1075 etiam

43 1102 166 1162 palea
187 1102 389 1161 pertinet.
407 1101 631 1162 Numquid
650 1111 692 1145 et
706 1100 760 1145 ad
775 1102 977 1145 horreum
996 1101 1256 1161 pertinebit?
1278 1104 1328 1145 In
1345 1102 1430 1145 hoc

44 1172 189 1216 medio
209 1181 353 1216 autem
374 1171 525 1232 populi
542 1171 644 1216 mali
661 1181 724 1215 est
747 1171 936 1231 populus
956 1171 1119 1221 bonus,
1145 1172 1220 1232 qui
1241 1172 1430 1231 suscepit

44 1241 381 1287 misericordiam
398 1243 489 1287 Dei.
508 1242 626 1286 Vivit
642 1240 773 1300 digne
788 1240 1076 1285 misericordia
1096 1243 1193 1295 Dei,
1214 1242 1289 1302 qui
1308 1241 1430 1286 audit

44 1321 88 1357 et
109 1321 228 1357 tenet
251 1321 294 1356 et
315 1311 418 1357 facit
439 1310 558 1373 quod
587 1312 646 1356 ait
669 1311 901 1371 Apostolus
926 1330 935 1356 ;
965 1331 983 1353 «
1000 1312 1302 1371 Praecipientes
1325 1327 1430 1371 ergo

49 1402 67 1425 »
101 1398 327 1442 rogamus,
348 1398 404 1428 ne
423 1382 470 1426 in
488 1398 675 1427 vacuum
695 1382 876 1441 gratiam
894 1382 971 1426 Dei
989 1383 1267 1442 suscipiatis'2.
1296 1401 1317 1424 »
1343 1383 1428 1437 Qui

43 1468 144 1512 ergo
166 1469 256 1497 non
277 1454 323 1497 in
337 1468 522 1498 vacuum
546 1452 728 1512 gratiam
749 1452 826 1496 Dei
842 1453 1044 1512 suscipit,
1069 1453 1158 1512 ipsc
1174 1462 1263 1497 tam
1286 1469 1430 1498 sacra-

42 1533 242 1568 mentum
259 1539 390 1584 quam
420 1524 549 1568 etiam
571 1523 907 1568 misericordiam
927 1523 1004 1568 Dei
1027 1523 1218 1583 suscipit.
1244 1526 1302 1567 Et
1322 1524 1431 1583 quid

42 1593 106 1638 illi
137 1594 282 1649 obest,
319 1593 420 1654 quia
443 1594 489 1637 in
521 1593 663 1637 medio
685 1593 838 1654 populi
860 1592 1150 1639 inobedientis
1173 1602 1259 1649 est,
1290 1593 1430 1638 donec

42 1679 139 1709 area
160 1665 236 1708 ista
266 1663 517 1718 ventiletur,
543 1663 682 1708 donec
706 1664 811 1708 boni
832 1680 856 1707 a
878 1663 1001 1707 malis
1018 1666 1299 1723 separentur?
1321 1663 1430 1724 quid

41 1735 81 1778 ei
107 1734 231 1778 obest
252 1734 298 1778 in
324 1734 469 1778 medio
495 1733 645 1793 populi
664 1733 886 1777 habitare?
910 1734 972 1778 Sit
994 1733 1048 1777 de
1070 1732 1152 1777 illis
1174 1734 1251 1794 qui
1281 1734 1432 1794 appel-

41 1805 188 1849 lantur
214 1806 566 1860 firmamentum,
606 1804 842 1864 suscipiens
872 1804 1209 1849 misericordiam
1238 1806 1342 1863 Dei3
1378 1805 1433 1850 sit

41 1875 181 1920 lilium
208 1875 254 1919 in
286 1874 431 1919 medio
454 1875 691 1934 spinarum.
722 1877 832 1919 Nam
859 1884 902 1919 et
934 1875 1036 1934 ipsae
1059 1876 1194 1935 spinae
1223 1876 1431 1936 quoniam

42 1944 97 1989 ad
117 1945 331 2005 populum
355 1944 432 1988 Dei
453 1944 698 2003 pertinent,
720 1944 783 1988 vis
805 1945 986 1989 audire?
1008 1949 1070 1989 lta
1089 1946 1227 2006 posita
1249 1955 1312 1991 est
1338 1947 1431 2007 ipsa

41 2014 279 2059 similitudo
300 2034 309 2059 ε
331 2033 350 2057 «
371 2015 491 2059 Sicut
508 2013 666 2068 lilium,
691 2015 849 2074 inquit,
871 2015 916 2059 in
938 2014 1083 2060 medio
1099 2016 1340 2075 spinarum,
1370 2017 1430 2062 ita

45 2104 65 2127 »
101 2086 298 2145 proxima
317 2100 413 2129 mea
434 2085 479 2129 in
502 2084 645 2130 medio
665 2086 937 2130 filiai-umss.'»
970 2087 1197 2148 Numquid
1225 2086 1357 2143 dixit,
1383 2088 1430 2133 in

41 2156 186 2201 medio
212 2157 479 2201 alienarum?
507 2159 628 2211 Non,
658 2155 734 2201 sed
763 2160 848 2202 «In
875 2157 1021 2202 medio
1049 2159 1288 2202 filiarum.»
1318 2161 1430 2203 Sunt

42 2242 145 2285 ergo
172 2226 272 2270 filiae
290 2226 417 2271 malae
433 2261 444 2282 ‚
473 2236 516 2270 et
536 2226 648 2271 inter
669 2226 763 2271 illas
781 2237 843 2272 est
870 2247 879 2273 2
905 2247 924 2269 «
943 2227 1102 2271 Lilium
1122 2229 1165 2271 in
1183 2228 1326 2272 medio
1345 2229 1429 2289 spi-

44 2314 66 2338 »
101 2311 271 2341 narum.
299 2315 320 2337 »
348 2299 501 2357 Itaque
529 2296 592 2340 illi
617 2297 693 2357 qui
715 2306 983 2342 sacramenta
1003 2297 1168 2342 habent
1187 2333 1197 2353 ‚
1223 2309 1265 2343 et
1286 2314 1427 2344 mores

42 2368 181 2412 bonos
203 2383 291 2412 non
303 2367 484 2422 habent,
505 2377 547 2412 et
560 2368 638 2412 Dei
659 2367 880 2424 dicuntur,
906 2377 948 2412 et
970 2384 1060 2413 non
1077 2370 1176 2427 Doi3
1198 2378 1240 2413 et
1257 2371 1349 2430 ejus
1366 2370 1428 2414 di-

43 2446 203 2482 cuntur
216 2447 259 2481 et
278 2437 406 2481 alieni
428 2457 436 2482 :
456 2438 561 2497 ejus,
576 2447 754 2497 propter
766 2438 899 2497 ipsius
916 2448 1256 2498 sacramentum,
1278 2439 1422 2496 alieni,

43 2516 220 2567 propter
237 2507 459 2566 proprium
474 2507 645 2562 vitium,
662 2508 721 2552 ita
734 2517 777 2552 et
788 2506 888 2551 filiae
910 2507 1062 2552 alienae
1083 2528 1091 2553 ;
1107 2508 1221 2564 filiae,
1247 2519 1425 2570 propter

97 2597 105 2613 ¹
126 2599 145 2623 2
169 2591 248 2623 Tim.
268 2601 314 2633 ιιι,
330 2591 361 2623 5.
382 2608 422 2614 —
449 2599 461 2614 ²
481 2600 500 2623 2
521 2593 593 2625 Cor.
613 2603 660 2632 vr,
684 2602 712 2623 1.
733 2608 774 2613 —-
792 2589 805 2614 3
827 2593 917 2625 cant.
941 2602 974 2633 11,
998 2601 1030 2624 9..
