1841 3223
211 250 455 279 ENARRA‘no
488 253 521 278 11
554 253 601 279 m
634 251 838 279 PSALMUM
869 252 1032 289 XLvm,
1066 249 1192 278 SERM.
1228 253 1276 278 11.
1352 240 1437 280 397

51 325 244 360 remanet
259 315 323 360 illi
338 315 517 360 laudare
539 316 659 377 quod
680 315 816 372 videt,
837 326 880 361 et
894 316 1155 360 manducare
1175 332 1264 361 non
1283 332 1406 376 posse
1424 337 1434 362 :
1460 354 1462 356 ,

49 387 109 431 sic
131 395 175 431 et
195 386 272 447 qui
287 385 514 445 iniquitate
536 402 638 430 usus
659 395 748 441 est,
769 396 812 431 et
833 396 978 446 pastus
1000 387 1186 447 peccatis
1209 387 1254 431 in
1274 387 1406 432 corde
1419 424 1436 444 ,

50 457 203 517 incipit
222 472 312 501 non
334 471 457 516 posse
474 456 740 501 manducare
761 472 941 516 panem,
965 457 1116 503 laudat
1132 459 1317 503 verbum
1332 459 1435 514 Dei,

51 535 94 571 et
122 542 212 571 non
239 525 355 571 facit.
383 526 509 570 Unde
533 541 624 571 non
645 525 775 571 facit?
807 527 915 580 Quia
943 544 1042 572 cum
1062 529 1244 588 coeperit
1272 528 1436 585 facere,

49 596 246 656 laborat,
284 597 507 658 quomodo
543 597 754 642 sentimus
782 597 981 643 laborare
1013 598 1164 644 dentes
1196 609 1294 659 post
1334 616 1440 645 uvas

50 668 242 724 acerbas,
267 683 369 712 cum
391 668 651 727 coeperimus
667 683 824 728 panem
841 668 1123 713 manducare.
1148 669 1231 714 Sed
1248 670 1356 730 quid
1373 670 1440 715 fa-

50 739 173 784 ciunt
188 737 251 783 illi
268 738 428 799 quibus
456 738 780 798 obstupuerunt
802 739 985 784 dentes?
1008 742 1270 799 Temperaut
1297 756 1340 784 se
1360 741 1440 785 ali-

48 819 263 872 quantum
281 810 336 854 ab
353 810 447 854 uvis
465 810 644 865 acerbis,
659 819 703 854 et
716 809 902 854 redeunt
914 809 1065 854 dentes
1089 809 1144 854 ad
1161 810 1440 856 stabilitatem

50 896 194 937 suam,
214 889 258 925 et
278 881 542 925 incumbunt
562 882 682 941 pani.
707 881 773 925 Sic
790 890 834 925 et
855 896 932 925 nos
953 879 1182 925 laudamus
1197 881 1409 941 justitiam
1427 896 1438 924 ε

49 953 125 997 sed
145 953 180 996 si
198 952 400 997 volumus
421 951 685 996 manducare
705 952 917 1012 justitiam
934 988 944 1006 ,
965 962 1259 1012 temperemus
1281 969 1359 997 nos
1384 954 1439 997 ab

50 1022 380 1083 iniquitatibus,
405 1031 450 1066 et
474 1022 666 1066 nascitur
687 1022 732 1066 in
764 1021 895 1066 corde
925 1038 1015 1066 non
1036 1021 1175 1067 solum
1208 1021 1439 1068 delectatio

48 1091 256 1137 laudandi
272 1093 485 1153 justitiam
503 1128 513 1148 ,
539 1092 614 1137 sed
639 1093 769 1137 etiam
790 1091 972 1137 facilitas
995 1092 1304 1137 manducandi.
1330 1097 1440 1139 Nam

50 1164 85 1209 si
105 1164 210 1208 dicit
230 1164 523 1209 Christianus:
544 1168 658 1209 Deus
680 1164 804 1209 novit
824 1165 926 1225 quia
943 1164 1129 1208 delectat
1145 1179 1229 1219 me,
1253 1164 1328 1209 sed
1350 1181 1440 1210 non

51 1250 228 1296 possum
249 1233 391 1280 facere
418 1251 428 1276 ι
455 1245 676 1296 quassatos
704 1236 855 1279 dentes
878 1235 1034 1290 habet,
1061 1235 1137 1279 diu
1159 1236 1442 1280 manducavit

51 1304 343 1366 iniquitatem.
362 1308 479 1364 Ergo
501 1315 545 1350 et
555 1305 722 1365 justitia
743 1305 1059 1349 manducatur?
1079 1306 1121 1350 Si
1143 1321 1232 1350 non
1250 1305 1440 1350 mandu-

51 1384 236 1431 caretur,
261 1391 351 1420 non
372 1375 536 1420 diceret
557 1376 768 1420 Dominus
788 1395 797 1420 ι
826 1375 981 1420 «Beati
1003 1376 1080 1437 qui
1104 1376 1300 1420 esuriunt
1317 1385 1359 1420 et
1383 1376 1441 1421 si-

54 1464 74 1488 »
109 1445 226 1490 tiunt
243 1446 496 1506 justitiam¹.
524 1464 544 1487 »
564 1449 682 1505 Ergo
710 1465 730 1488 «
753 1446 967 1499 Quoniam
989 1446 1131 1490 anima
1148 1446 1263 1491 illius
1285 1447 1330 1490 in
1350 1447 1440 1492 vita

53 1534 75 1559 »
109 1516 242 1576 ipsius
258 1516 568 1562 benedicetur:
590 1535 610 1558 »
627 1517 675 1561 in
688 1516 776 1561 vita
798 1515 1099 1573 benedicetur,
1122 1517 1169 1561 in
1191 1526 1331 1562 morte
1347 1526 1441 1562 tor-

0 1639 1 1643 ,
49 1587 276 1648 quebitur.-

0 1751 1 1758 l

0 1857 2 1867 >

0 2008 5 2071 l

1 2082 6 2094 ί

2 2128 5 2138 ι

3 2142 5 2150 v

3 2154 8 2199 3

9 2614 12 2629 ..,
9 2597 11 2603 .
0 2290 11 2584 ,Ξ-Ἷῴῑῇ-,ε-Αμῳμιςε
0 2203 7 2278 ;,,,-Ὢ

109 1660 186 1702 ΙΧ.
218 1677 238 1700 «
265 1657 560 1703 Confitebitur
579 1657 682 1713 tibi,
720 1672 821 1702 cum
848 1657 960 1701 bene
983 1656 1134 1702 feceris
1163 1658 1218 1702 ei.
1242 1676 1263 1700 »
1288 1661 1441 1703 Atten-

0 1715 1 1742 ³
50 1728 155 1784 dite,
175 1737 218 1773 et
234 1728 474 1789 pascimini,
494 1728 658 1772 haereat
679 1727 725 1771 in
743 1727 948 1772 cordibus
970 1728 1136 1783 vestris,
1156 1730 1436 1785 manducate,

49 1798 193 1843 videte
212 1799 334 1854 tales,
354 1807 397 1843 et
413 1797 549 1842 nolite
565 1813 656 1843 esse
678 1798 784 1843 tales
805 1818 813 1842 z
830 1807 978 1843 cavete
1001 1798 1103 1843 talia
1119 1799 1268 1843 verba.
1292 1819 1311 1841 «
1327 1802 1441 1844 Con·

53 1888 74 1912 »
107 1870 303 1914 fitebitur
324 1870 425 1923 tibi,
451 1885 552 1914 cum
574 1870 688 1913 bene
709 1867 861 1914 feceris
890 1869 944 1913 ei.
974 1887 993 1910 »
1020 1873 1158 1922 Quam
1179 1870 1307 1914 multi
1337 1879 1441 1914 sunt

51 1939 310 1994 Christiani,
336 1937 509 1993 fratres,
534 1938 611 1998 qui
637 1947 744 1982 tunc
768 1941 858 1982 Deo
887 1938 1042 1996 gratias
1068 1948 1229 1996 agunt,
1258 1939 1440 2000 quando

51 2009 134 2054 illis
157 2008 314 2054 accidit
329 2009 530 2053 lucrum?
552 2010 646 2052 Hoc
663 2016 726 2051 est
744 2026 753 2052 z
774 2008 1067 2052 Confitebitur
1084 2008 1180 2063 tibi,
1204 2025 1306 2053 cum
1328 2010 1442 2055 bene

53 2098 76 2122 »
109 2079 259 2125 feceris
280 2080 320 2124 ei
342 2099 351 2125 :
375 2098 395 2122 n
419 2079 616 2124 laudabit
633 2088 691 2134 te,
709 2088 752 2123 et
773 2077 890 2123 dicet
911 2098 920 2123 ε
941 2081 1053 2123 Vere
1075 2080 1178 2140 quia
1193 2089 1243 2124 tu
1265 2096 1307 2124 es
1328 2085 1444 2126 Deus

51 2166 174 2196 meus
201 2171 211 2197 z
245 2151 448 2197 liberavit
474 2166 545 2195 me
567 2150 622 2195 de
643 2166 836 2206 carcere,
862 2150 1103 2195 confitebor
1123 2150 1200 2195 illi.
1227 2153 1357 2196 Venit
1378 2152 1443 2197 illi

52 2222 223 2268 lucrum
238 2259 249 2279 ,
273 2223 536 2281 confitetur3
560 2222 681 2267 venit
706 2222 935 2266 haereditas
951 2257 962 2277 ,
987 2222 1221 2266 confitetur
1245 2242 1255 2268 2
1279 2225 1444 2283 patitur

52 2292 262 2338 damnum
273 2329 283 2348 ‚
307 2292 592 2353 blasphemat.
609 2291 755 2345 Qualis
767 2291 882 2337 filius
900 2308 959 2347 es,
976 2293 1052 2353 qui
1069 2292 1248 2353 quando
1265 2302 1307 2337 te
1319 2304 1442 2354 pater

53 2365 278 2420 emendat,
299 2373 405 2409 tunc
426 2363 508 2408 tibi
528 2362 752 2424 displicet?
766 2363 1053 2419 Emendaret,
1075 2365 1154 2408 nisi
1167 2364 1443 2425 displiceres?

54 2438 144 2481 Aut
159 2435 195 2480 si
216 2435 276 2480 sic
295 2434 540 2495 displiceres
562 2443 613 2479 ut
634 2433 794 2479 odisset
807 2469 818 2490 ,
841 2433 973 2479 vellet
996 2434 1252 2480 emendare?
1273 2437 1440 2482 Gratias

55 2518 132 2565 age
159 2521 261 2565 ergo
287 2504 580 2561 emendatori,
603 2515 656 2551 ut
676 2505 857 2566 accipias
878 2504 1177 2552 haereditatem
1198 2522 1223 2553 a
1246 2510 1335 2554 Deo
1360 2508 1438 2568 qui

106 2596 115 2614 ¹
131 2590 246 2623 Matth.
265 2601 300 2632 V,
321 2590 354 2623 6.
