1841 3223
411 228 494 265 238
839 238 871 264 s.
909 237 1140 265 Avensa-im
1173 239 1354 265 Emscom

408 313 536 363 potus
554 337 564 357 ‚
603 316 656 345 ne
693 301 806 360 ipsas
828 299 1090 346 desiderasse
1119 302 1341 346 videretur
1363 303 1476 347 sicut
1497 302 1638 347 fontes
1663 318 1800 363 aqua-

409 388 507 416 rum
542 391 550 416 :
577 370 652 415 sed
673 380 838 416 servata
865 370 936 416 illa
959 372 1052 427 siti,
1078 388 1164 432 qua
1186 372 1433 428 inardesco,
1465 389 1551 434 qua
1582 373 1725 433 rapior
1747 372 1802 417 ad

409 443 552 488 fontes
589 456 827 501 aquarum,
864 442 1115 501 paliissmihi
1144 442 1272 488 factae
1305 452 1406 488 sunt
1427 442 1633 501 lacrymae
1664 459 1798 499 meae,

410 514 517 558 dum
539 512 732 558 diss'eroin
752 516 808 557 Et
830 512 983 574 utique
1006 512 1315 559 manducando
1332 514 1544 572 lacrymas
1567 531 1686 571 suas,
1711 515 1803 559 sine

409 583 548 628 dubio
570 584 667 643 plus
685 584 777 628 sitit
803 584 859 628 ad
876 584 1033 629 fontes.
1057 585 1134 629 Die.
1152 585 1316 644 quippe
1342 601 1390 629 ae
1411 594 1540 630 nocte
1557 584 1683 630 factae
1703 594 1805 630 sunt

409 655 516 699 mihi
538 654 742 713 lacrymae
764 670 872 699 meae
891 655 1030 714 panis.
1049 655 1210 699 Cibum
1232 655 1365 699 istum
1387 656 1461 716 qui
1485 657 1608 716 panis
1625 655 1802 711 dicitur,

411 724 482 770 die
504 725 742 771 comedunt
754 725 952 771 homines
969 761 980 781 ,
1006 734 1134 770 nocte
1156 725 1407 771 dormiunt:
1424 726 1547 787 panis
1570 736 1717 771 autem
1734 726 1803 771 la-

410 812 659 855 crymarum
682 806 725 841 et
746 795 816 840 die
838 805 881 840 et
903 805 1031 840 nocte
1054 795 1325 854 comeditur3
1351 796 1440 841 sive
1466 805 1606 842 totum
1630 805 1802 857 tempus

411 867 593 927 accipias
626 866 743 911 diem
769 876 812 910 et
834 875 1035 925 noctem3
1066 867 1154 912 sive
1185 864 1303 911 diem
1331 866 1544 925 intelligas
1566 883 1647 927 pro
1670 868 1799 927 hujus

411 938 558 983 saeculi
581 938 891 998 prosperitate,
918 948 1092 984 noctem
1113 954 1215 984 vero
1236 953 1316 999 pro
1338 939 1466 999 hujus
1484 938 1630 984 saeculi
1649 938 1804 984 adver-

410 1010 551 1054 sitate.
577 1010 695 1063 Sive,
726 1009 889 1069 inquit,
910 1009 956 1053 in
970 1010 1184 1069 prosperis
1203 1009 1332 1054 rebus
1354 1010 1500 1054 saeculi
1515 1045 1525 1065 ‚
1544 1010 1632 1054 sive
1653 1009 1699 1054 in
1721 1008 1800 1054 ad-

414 1080 545 1125 versis
573 1080 703 1124 rebus
733 1079 907 1134 saeculi,
945 1095 1026 1139 ego
1053 1078 1254 1125 desiderii
1277 1081 1363 1125 mei
1396 1080 1610 1139 lacrymas
1633 1080 1774 1126 fundo
1791 1115 1802 1135 ‚

415 1166 496 1210 ego
533 1149 734 1195 desiderii
760 1153 870 1206 mei,
912 1150 1162 1195 aviditatem
1199 1167 1289 1195 non
1324 1152 1475 1196 desero
1511 1171 1521 1196 t
1559 1160 1602 1195 et
1634 1166 1736 1196 cum
1761 1151 1807 1195 in

414 1221 582 1267 mundo
614 1222 727 1266 bene
760 1231 849 1277 est,
889 1222 995 1266 mihi
1032 1222 1145 1267 male
1178 1231 1268 1278 est,
1311 1232 1546 1284 antequam
1587 1222 1807 1283 apparebo

415 1303 515 1338 ante
550 1294 707 1338 faciem
727 1294 823 1339 Dei.
858 1292 975 1347 Quid
997 1310 1100 1353 ergo
1125 1295 1210 1338 diei
1244 1295 1365 1354 quasi
1395 1293 1599 1353 gratulari
1626 1309 1697 1338 me
1729 1309 1807 1339 co-

416 1365 501 1424 gis,
542 1365 575 1409 si
610 1365 754 1426 aliqua
787 1366 918 1426 hujus
949 1366 1095 1410 saeculi
1133 1366 1391 1425 prosperitas
1423 1366 1640 1409 arriserit?
1660 1380 1807 1409 nonne

415 1436 664 1496 deceptoria
690 1438 790 1480 est?
823 1452 970 1481 nonne
1003 1437 1146 1492 fluxa,
1183 1436 1368 1492 caduca,
1404 1435 1630 1481 mortalis?
1661 1450 1808 1481 nonne

419 1507 690 1567 temporalis⁷
727 1506 934 1562 volatica,
974 1507 1244 1551 transitoria?
1272 1522 1419 1552 nonne
1444 1506 1540 1567 plus
1565 1507 1700 1551 habet
1727 1506 1808 1550 de-

416 1578 627 1637 ceptionis
660 1594 792 1639 quam
830 1577 1162 1623 delectationis?
1198 1581 1288 1623 Cur
1319 1594 1422 1637 ergo
1450 1594 1540 1623 non
1567 1587 1612 1623 et
1638 1578 1682 1621 in
1718 1578 1809 1638 ipsa

418 1650 526 1693 fiant
560 1649 665 1693 mihi
695 1648 901 1706 lacrymae
929 1664 1039 1692 meae
1076 1649 1226 1708 panis?
1267 1647 1488 1709 Siquidem
1529 1657 1574 1692 et
1603 1663 1706 1693 curn
1743 1645 1808 1692 fc—

417 1719 554 1764 lieitas
590 1718 734 1764 saeculi
764 1718 1091 1778 circumfulget,
1117 1719 1314 1779 quandiu
1345 1734 1494 1763 sumus
1524 1718 1570 1762 in
1599 1733 1804 1778 corpore,

416 1790 744 1850 peregrinamur
765 1807 789 1834 a
811 1790 1020 1835 Domino¹
1040 1811 1051 1847 3
1075 1799 1120 1834 et
1144 1808 1161 1829 «
1180 1789 1346 1834 Dicitur
1367 1789 1475 1833 mihi
1497 1789 1693 1849 quotidie
1707 1788 1807 1833 :Ubi

421 1879 439 1901 »
476 1869 539 1905 est
561 1865 675 1906 Deus
693 1862 825 1906 tuus?
845 1881 862 1902 »
884 1861 994 1914 Quia
1016 1875 1209 1920 paganus
1231 1860 1265 1904 si
1287 1860 1371 1904 hoc
1392 1859 1500 1903 mil-ii
1516 1858 1697 1915 dixerit,
1717 1874 1808 1903 non

416 1932 477 1976 illi
511 1942 554 1976 et
586 1949 666 1992 ego
695 1948 870 1993 possum
897 1932 1041 1977 dicere
1067 1952 1075 1976 :
1106 1951 1122 1972 «
1143 1931 1225 1976 Ubi
1247 1941 1311 1975 est
1328 1934 1442 1975 Deus
1465 1933 1592 1975 tuus?
1618 1951 1636 1973 »
1667 1934 1807 1975 Deum

415 2003 579 2064 quippe
601 2019 729 2048 suum
760 2002 894 2061 digito
928 2001 1134 2047 ostendit.
1168 2001 1364 2046 Intendit
1385 2002 1502 2045 enim
1522 2001 1720 2061 'digitum
1752 2000 1808 2045 ad

417 2074 606 2135 aliquem
627 2074 818 2134 lapidem
831 2110 841 2129 ‚
868 2083 911 2118 et
927 2074 1058 2118 dicit:
1079 2077 1193 2118 Ecce
1211 2082 1275 2117 cst
1289 2076 1402 2118 Deus
1422 2089 1570 2129 meus,
1601 2093 1618 2114 «
1638 2073 1722 2118 Ubi
1744 2081 1808 2117 est

418 2164 439 2188 »
476 2150 590 2191 Deus
613 2148 740 2191 tuus?
766 2166 784 2187 »
816 2148 930 2191 Cum
957 2144 1147 2205 lapidem
1173 2145 1343 2189 irrisero
1360 2180 1371 2201 ‚
1406 2154 1449 2189 et
1477 2144 1701 2189 erubuerit
1730 2144 1808 2205 qui
1840 2194 1841 2205 η

415 2217 753 2272 demonstravit,
783 2216 896 2261 tollit
911 2215 1089 2260 oculum
1112 2232 1134 2260 a
1157 2215 1324 2275 lapide,
1349 2216 1527 2275 suspicit
1548 2215 1738 2275 coelum,
1763 2224 1808 2259 et

416 2288 529 2333 forte
550 2289 595 2332 in
616 2287 752 2333 solem
771 2286 954 2346 digitum
975 2285 1205 2330 intendens
1220 2321 1230 2340 ,
1247 2286 1405 2330 iterum
1419 2284 1526 2329 dixit
1545 2287 1677 2330 :Ecce
1694 2288 1808 2330 Deus

413 2375 537 2404 meus
563 2379 572 2404 :
596 2379 615 2401 «
636 2360 718 2404 Ubi
736 2368 800 2403 est
824 2361 936 2402 Deus
955 2359 1082 2401 tuus?
1105 2377 1121 2398 »
1144 2357 1315 2400 Invenit
1329 2356 1402 2400 ille
1419 2357 1540 2416 quod
1559 2356 1807 2401 ostenderet

416 2429 551 2474 oculis
570 2430 709 2475 carnis
738 2449 746 2474 :
772 2443 851 2487 ego
875 2437 1019 2473 autem
1037 2443 1124 2472 non
1142 2428 1265 2488 quasi
1288 2443 1375 2472 non
1393 2428 1577 2471 habeam
1597 2443 1728 2488 quem
1742 2443 1807 2471 os·
1836 2483 1837 2486 Ἴ

415 2501 591 2547 tendam
609 2537 619 2554 ‚
646 2500 721 2546 sed
745 2517 833 2546 non
856 2499 989 2545 habet
1010 2499 1083 2544 illc
1105 2498 1254 2545 oculos
1274 2500 1432 2560 quibus
1453 2500 1694 2544 ostendam.
1716 2502 1803 2544 Po·
1836 2491 1838 2493 ,

465 2595 473 2612 ⁸
492 2598 511 2621 2
531 2590 603 2621 Cor.
623 2600 655 2630 v,
673 2588 705 2620 6.
