1841 3223
0 2558 6 2787 ι
131 2571 139 2589 ¹
160 2567 240 2598 Gen.
256 2575 305 2606 m,
331 2575 357 2597 1.
374 2581 416 2587 --
438 2570 451 2587 ²
469 2563 580 2606 Philip.
598 2574 644 2605 111,
669 2571 723 2595 20,

231 220 472 266 ENARnAno
503 225 536 251 11
567 225 613 252 ΙΝ
643 220 847 251 PsALMUM
878 223 1042 259 xus-111,
1077 217 1203 248 SERM.
1238 221 1286 247 11.
1369 208 1454 248 387

78 304 194 334 mors
213 288 397 334 dicenda
425 297 502 332 est.
527 290 625 334 Non
646 287 777 346 igitur
796 285 1012 331 immerito
1038 294 1247 345 tanquam
1282 298 1381 329 oves
1411 284 1457 327 in

77 358 248 404 inferno
262 394 273 416 ,
297 367 482 402 mortem
502 358 665 401 habent
686 366 918 416 pastorem.
943 355 1060 408 Quid
1072 363 1136 399 est
1149 390 1160 410 ‚
1177 363 1361 399 mortem
1377 354 1466 398 ha-‘

77 429 184 475 bent
202 430 447 489 pastorem?
467 430 583 472 Mors
605 427 720 470 enim
743 425 887 487 aliqua
907 441 972 470 res
993 434 1081 480 est,
1107 433 1182 469 aut
1213 424 1357 485 aliqua
1376 439 1460 484 po-

56 540 60 544 .
78 509 205 552 testas
217 501 308 545 est?
321 502 438 549 Mors
459 513 615 557 nempe
633 506 707 541 aut
727 497 939 557 separatio
956 506 1020 541 est
1034 496 1188 541 animae
1205 511 1229 539 a
1249 510 1430 555 corpore
1446 530 1458 554 ,

78 579 121 623 et
142 586 191 623 ea
208 569 387 631 quidem
409 584 540 629 quam
563 568 720 612 timent
738 568 960 623 homines,
983 567 1194 626 separatio
1221 575 1285 610 θεῖ
1306 567 1462 610 animae

78 657 102 686 a
125 655 306 700 corpore
332 658 341 684 z
366 654 481 684 mors
508 647 653 686 autem
674 653 775 682 vera
797 653 930 697 quam
952 653 1041 681 non
1062 637 1219 681 timent
1238 638 1434 681 homines
1448 671 1460 693 ,

78 712 288 772 separatio
318 720 382 755 est
415 710 571 760 animae
605 725 629 753 a
660 711 765 753 Deo.
799 711 855 752 Et
884 708 1143 767 plerumque
1174 723 1275 751 cum
1308 709 1464 752 timent

78 782 274 834 homines
308 781 433 826 istam
467 789 636 840 separat
672 779 858 823 animam
888 795 911 822 a
943 793 1150 837 corpore,
1182 777 1382 821 incidunt
1417 778 1465 821 in

78 853 197 902 illam
216 853 294 903 ubi
306 853 449 898 anima
463 860 686 911 separatur
706 866 730 895 a
748 853 856 894 Deo.
874 852 978 894 Haec
993 859 1056 893 est
1069 863 1170 907 ergo
1192 863 1322 892 mors.
1349 851 1467 902 Quo-

77 923 210 969 modo
232 932 378 974 autem
399 942 420 966 «
438 925 554 967 Mors
577 930 721 982 pastor
745 930 810 965 est
825 919 934 965 illis?
959 939 979 961 »
1007 920 1050 965 Si
1062 920 1152 965 vita
1168 920 1365 964 Christus
1383 928 1462 975 θεῖ,

79 1009 194 1039 mors
215 993 430 1038 diabolus.
458 993 679 1037 Habemus
697 1001 843 1036 autem
861 990 1009 1035 multis
1031 990 1136 1035 locis
1152 991 1199 1034 in
1222 989 1463 1049 Scriptura,

80 1066 181 1126 quia
203 1065 291 1110 vita
312 1074 376 1109 est
392 1065 603 1109 Christus.
628 1066 745 1109 Mors
764 1072 911 1107 autem
929 1061 1128 1106 diabolus
1150 1070 1241 1119 θεῖς
1262 1077 1350 1105 non
1364 1061 1469 1121 quia

78 1136 168 1196 ipse
181 1152 295 1183 mors
311 1145 390 1190 est,
404 1134 479 1185 sed
491 1135 593 1195 quia
608 1150 684 1194 per
703 1133 830 1178 illum
846 1149 973 1177 mors.
996 1133 1092 1178 Sive
1108 1133 1221 1176 enim
1235 1132 1308 1176 illa
1321 1132 1366 1176 in
1381 1147 1468 1192 qua

77 1206 221 1267 lapsus
238 1216 302 1251 est
317 1206 458 1252 Adam
472 1241 483 1262 ,
500 1205 633 1265 ipsius
650 1204 930 1265 persuasione
952 1204 1120 1248 homini
1133 1203 1358 1263 propinata
1377 1211 1465 1260 θεῖς

78 1277 166 1323 sive
186 1278 265 1323 ista
286 1278 332 1322 in
353 1292 440 1338 qua
461 1285 683 1336 separatur
705 1275 848 1319 anima
866 1290 889 1319 a
912 1289 1115 1333 corpore,
1136 1274 1279 1333 ipsum
1300 1273 1467 1318 habent

79 1358 299 1400 auctorem
326 1349 403 1409 qui
424 1348 565 1408 primo
581 1363 658 1408 per
679 1347 928 1407 superbiam
946 1345 1104 1390 cadens
1132 1345 1287 1390 invidit
1308 1345 1463 1400 stanti,

79 1429 122 1465 et
141 1429 282 1465 morte
302 1419 507 1467 invisibili
528 1419 684 1479 dejecit
704 1427 889 1463 stantem
905 1453 915 1473 ,
941 1426 991 1462 ut
1013 1417 1141 1460 etiam
1164 1425 1351 1460 mortem
1371 1416 1469 1460 visi-

78 1490 208 1536 bilem
228 1490 478 1552 penderet1.
501 1490 570 1535 Ad
592 1506 693 1535 eum
723 1490 990 1550 pertinentes
1005 1523 1016 1543 ‚
1042 1496 1259 1547 pastorem
1281 1496 1468 1532 mortem

77 1562 276 1611 habent:¹
304 1578 383 1607 nos
413 1570 559 1606 autem
591 1561 668 1621 qui
688 1559 744 1605 de
776 1560 923 1605 futura
949 1557 1273 1604 immortalitate
1301 1559 1466 1618 cogita-

78 1649 190 1688 mus,
208 1642 252 1678 et
271 1634 468 1679 non'sine
479 1649 606 1678 causa
620 1633 666 1678 in
680 1632 822 1678 fronte
844 1633 1014 1690 signum
1038 1631 1176 1676 erucis
1187 1631 1347 1676 Christi
1362 1647 1466 1692 por-

81 1713 236 1760 tamus,
250 1720 340 1749 non
352 1705 564 1749 habemus
574 1713 790 1764 pastorem
803 1703 883 1752 nisi
894 1702 1026 1747 vitam
1035 1736 1044 1745 .
1060 1701 1310 1746 Infidelium
1321 1711 1467 1761 pastor

78 1789 193 1819 mors
208 1809 220 1829 ‚
252 1773 448 1819 fidelium
485 1783 632 1834 pastor
651 1774 754 1818 vita.
782 1774 825 1819 Si
848 1788 949 1831 ergo
970 1773 1017 1817 in
1037 1770 1210 1816 inferno
1242 1781 1343 1816 sunt
1364 1788 1465 1817 oves

77 1845 236 1905 quibus
257 1853 403 1905 pastor
435 1860 550 1889 mors
571 1853 636 1889 est
654 1879 666 1900 ‚
691 1844 737 1888 in
758 1842 872 1888 coelo
898 1851 1001 1888 sunt
1021 1858 1121 1887 oves
1138 1843 1298 1902 quibus
1320 1852 1466 1902 pastor

78 1917 165 1960 vita
185 1924 264 1960 est.
281 1914 399 1969 Quid
414 1915 577 1973 igitur?
593 1918 690 1959 Jam
707 1915 752 1958 in
770 1914 884 1958 coelo
906 1915 1083 1957 sumus?
1100 1915 1151 1956 In
1171 1912 1285 1957 coelo
1306 1928 1464 1958 secun-

77 1985 183 2030 dum
206 1985 352 2030 fidem.
369 1985 542 2030 sienim
564 2000 654 2029 non
674 1984 720 2028 in
737 1983 867 2039 coelo,
889 1984 981 2039 ubi,
1006 1985 1183 2028 Sursum
1200 1985 1299 2027 cor?
1314 1984 1357 2028 Si
1373 2000 1465 2029 non

78 2058 124 2102 in
154 2055 290 2112 coelo,
313 2053 433 2100 unde
472 2053 690 2115 apostolus
728 2052 887 2099 Paulus
919 2053 1025 2098 dicit
1044 2072 1053 2097 :
1099 2072 1118 2095 «
1156 2056 1309 2099 Nostra
1347 2055 1462 2100 enim

81 2145 101 2170 »
128 2126 394 2172 conversatio
410 2126 457 2169 in
473 2124 593 2170 coelis
608 2134 671 2169 est
682 2127 724 2166 ²?
739 2143 759 2166 »
776 2126 967 2184 Corpore
980 2122 1255 2168 ambulamus
1272 2124 1317 2168 in
1331 2134 1461 2182 terra,

78 2196 209 2242 corde
229 2197 475 2242 habitamus
493 2195 541 2239 in
564 2193 692 2239 coelo.
719 2194 978 2238 Habitamus
994 2193 1075 2248 ibi,
1102 2193 1135 2237 si
1163 2192 1268 2238 illuc
1297 2193 1465 2254 aliquid

79 2268 306 2323 mittimus,
326 2267 447 2328 quod
462 2266 524 2311 ibi
539 2282 617 2310 nos
629 2274 787 2310 teneat.
807 2268 944 2311 Nemo
959 2265 1075 2308 enim
1085 2264 1301 2309 inhabitat
1313 2264 1458 2322 corde,

79 2340 161 2385 nisi
185 2338 303 2384 unde
329 2339 490 2397 cogitat
515 2357 524 2383 2
548 2337 652 2382 inde
683 2345 830 2382 autem
858 2337 1018 2396 cogitat
1036 2371 1047 2391 ‚
1076 2335 1155 2379 ubi
1183 2336 1455 2382 thesaurizat.

82 2410 400 2456 'thesaurizavit
438 2408 485 2452 in
515 2417 655 2463 terra,
685 2423 760 2452 cor
793 2407 926 2466 ipsius
952 2422 976 2450 a
1007 2415 1119 2450 terra
1152 2422 1242 2451 non
1270 2406 1457 2466 recedit3

80 2479 380 2526 thesaurizavit
400 2479 446 2523 in
478 2477 592 2523 coelo
607 2513 618 2535 ‚
644 2494 718 2522 cor
734 2477 866 2538 ipsius
890 2477 944 2521 de
960 2476 1072 2522 coelo
1089 2493 1179 2522 non
1196 2476 1420 2523 descendit
1446 2498 1455 2523 :

1231 2616 1298 2655 25.
