1841 3223
353 218 435 257 156
786 228 819 258 s.
857 229 1086 259 Acecsnm
1119 231 1300 259 EPISCOPI

347 293 490 338 silium
514 309 674 338 meum.
702 294 808 340 Silui
831 296 946 339 enim
970 312 993 340 a
1016 297 1155 341 boniS.
1186 300 1243 341 Et
1270 295 1395 342 dolor
1415 311 1538 342 meus
1564 315 1584 340 «
1604 312 1734 342 reno-—

350 382 371 406 »
407 374 529 408 vatus
552 374 629 408 est.
658 383 678 405 »
706 368 743 409 A
765 365 914 410 dolore
940 368 1102 427 quippe
1124 367 1316 428 quodam
1335 404 1345 423 ‚
1383 383 1515 428 quem
1537 368 1645 412 mihi
1665 368 1735 411 in-

349 436 545 479 flixerant
579 434 911 481 calumniatores
943 447 986 482 et
1025 440 1356 498 reprehensores
1376 474 1386 494 ‚
1427 448 1637 498 tanquam
1667 453 1737 482 re-

349 506 596 566 quieveram
620 506 665 549 in
697 506 867 552 silentio
883 543 894 563 ‚
921 518 965 554 et
987 519 1224 554 cessaverat
1253 509 1378 554 dolor
1399 509 1472 553 ille
1495 509 1570 570 qui
1599 507 1739 553 factus

348 585 440 619 crat
462 592 485 619 a
507 575 873 622 calumniantibus
902 598 910 623 :
947 579 1022 623 sed
1056 579 1131 623 ubi
1161 578 1259 623 silui
1282 594 1305 623 a
1335 578 1481 634 bonis,
1508 588 1739 623 renovatus

350 656 414 691 est
434 646 557 691 dolor
581 662 718 692 meus.
749 650 875 708 Coepi
894 649 990 709 plus
1013 649 1160 694 dolere
1186 650 1368 694 tacuisse
1386 665 1455 692 me
1477 666 1576 709 quae
1598 649 1741 694 dicere

348 717 577 772 deberem,
614 734 745 778 quam
769 718 994 763 dolueram
1018 719 1171 764 dixisse
1195 735 1292 781 quse
1317 719 1459 765 dicere
1488 735 1578 765 non
1607 717 1742 765 debe-

353 803 461 832 rem.
494 807 513 830 «
535 792 784 834 Renovatus
805 799 868 834 est
890 789 1015 835 dolor
1033 806 1168 834 meus.
1190 807 1210 832 >›

408 863 460 904 V.
493 879 512 902 «
529 862 543 886 1
564 864 621 905 Et
641 861 684 904 in
704 861 983 906 meditatione
1000 878 1096 906 mea
1118 861 1364 907 exardescet
1381 863 1488 921 ignis
1506 865 1538 907 ².
1559 881 1579 905 »
1597 862 1744 923 Coepit

348 946 436 975 esse
458 931 703 992 inquietum
725 948 800 977 cor
822 949 984 978 mcum.
1004 933 1218 979 Videbam
1242 934 1478 979 insensatos
1495 970 1506 990 ,
1531 943 1572 979 et
1598 934 1745 980 tabes-

348 1003 500 1046 cebam
530 1004 563 1058 3,
589 1019 677 1048 non
695 1004 931 1062 arguebam
956 1024 964 1050 z
990 1014 1034 1049 et
1050 1021 1120 1049 me
1137 1007 1196 1051 sic
1218 1014 1432 1050 tacentem
1451 1006 1566 1050 zelus
1589 1005 1745 1051 domus

347 1082 435 1118 tuce
457 1070 716 1119 comedebat
739 1075 770 1119 ⁴.
798 1077 981 1136 Respexi
1003 1076 1119 1120 enim
1143 1076 1198 1121 ad
1230 1078 1466 1121 Dominum
1494 1092 1642 1121 meum
1676 1075 1746 1121 di-

348 1154 517 1189 centem
531 1181 541 1201 ,
568 1165 587 1187 «
615 1148 743 1191 Serve
766 1162 956 1207 nequam
973 1157 1016 1191 et
1038 1148 1177 1208 piger,
1206 1147 1330 1193 dares
1350 1148 1582 1208 pecuniam
1603 1163 1747 1192 meam

353 1234 374 1257 >›
400 1217 719 1273 nummulariis,
745 1227 788 1262 et
800 1234 881 1278 ego
899 1219 1076 1263 veniens
1099 1235 1200 1264 cum
1224 1220 1366 1264 usuris
1389 1219 1620 1278 exigerem.
1640 1237 1661 1260 »
1691 1221 1749 1263 Et

351 1288 471 1348 quod
488 1289 699 1349 sequitur,
721 1299 886 1335 avertat
908 1294 1021 1335 Deus
1045 1307 1067 1335 a
1085 1290 1455 1351 dispensatoribus
1469 1291 1577 1345 suis,
1603 1309 1623 1332 «
1648 1294 1751 1335 Pro-

355 1377 375 1400 »
395 1359 570 1419 jiciatur
591 1361 636 1404 in
658 1361 855 1405 tenebras
872 1362 1102 1406 exteriores
1123 1381 1141 1403 η
1173 1361 1316 1420 ligatis
1337 1361 1540 1405 manibus
1562 1369 1606 1404 ct
1623 1360 1750 1420 pedi-

350 1429 447 1484 bus,
461 1446 623 1486 servus,
638 1447 724 1476 non
736 1432 969 1476 eversorad
981 1431 1269 1491 perdendum,
1286 1431 1362 1476 sed
1374 1432 1494 1491 piger
1504 1431 1559 1476 ad
1569 1446 1748 1489 erogan-

353 1499 460 1544 dum
471 1503 501 1544 ⁵.
514 1500 630 1554 Quid
647 1511 870 1561 expectare
883 1501 1063 1557 debent,
1082 1503 1158 1563 qui
1177 1518 1278 1547 cum
1291 1502 1462 1547 luxuria
1476 1516 1751 1561 consumpse-

355 1580 484 1626 runt,
507 1571 541 1616 si
571 1572 835 1616 damnantur
858 1573 934 1632 qui
966 1588 1068 1617 cum
1105 1574 1276 1633 pigritia
1299 1580 1582 1618 servaverunt
1604 1574 1622 1616 P
1649 1591 1669 1614 «
1699 1574 1752 1616 In

354 1641 637 1686 meditatione
660 1658 753 1686 mea
776 1642 1026 1687 exardescet
1047 1644 1171 1701 ignis.
1190 1662 1210 1684 »
1227 1647 1283 1688 Et
1299 1644 1464 1704 positus
1479 1644 1525 1687 in
1538 1644 1620 1687 hac
1637 1642 1752 1687 ssuc-

356 1712 552 1756 tuatione
565 1712 738 1757 dicendi
767 1722 810 1756 et
835 1713 1027 1768 tacendi,
1044 1714 1158 1758 inter
1171 1730 1244 1758 eos
1258 1715 1333 1774 qui
1346 1714 1602 1758 calumniari
1616 1713 1753 1772 parati

354 1793 470 1839 sunt,
493 1793 536 1828 et
553 1799 624 1828 eos
647 1784 723 1844 qui
741 1784 949 1828 affectant
972 1785 1142 1839 instrui,
1168 1785 1280 1828 inter
1295 1785 1570 1829 abundantes
1590 1795 1634 1828 et
1655 1785 1754 1830 ino-

355 1871 458 1915 pes3
480 1855 618 1900 factus
636 1855 922 1915 opprobrium
944 1856 1009 1899 his
1028 1856 1105 1915 qui
1132 1856 1445 1911 abundabant,
1472 1865 1514 1900 et
1532 1855 1754 1916 despectio

356 1926 552 1985 superbis
567 1928 599 1981 ὓ,
624 1926 854 1985 respiciens
876 1941 947 1970 eos
962 1926 1112 1970 beatos
1131 1927 1208 1985 qui
1226 1926 1424 1970 esuriunt
1446 1936 1490 1970 et
1506 1928 1658 1971 sitiunt
1666 1927 1754 1986 jus-

352 1997 489 2042 titiam
502 1999 517 2023 ⁷
531 2018 542 2054 3
558 1996 760 2041 laborans
779 1997 823 2041 in
845 2006 1032 2057 utroque
1049 2032 1059 2051 ‚
1077 1997 1261 2041 afflictus
1277 1997 1323 2040 in
1341 2007 1553 2058 utroque·7
1580 1996 1752 2057 pericli-

355 2077 449 2112 tans
465 2083 519 2111 ne
537 2067 736 2128 projiciat
746 2067 994 2125 margaritas
1013 2076 1113 2111 ante
1129 2083 1306 2127 porcos,
1326 2067 1576 2127 periclitans
1594 2082 1649 2110 ne
1664 2082 1755 2112 non

325 2159 331 2167 ·
354 2147 503 2198 eroget
517 2139 676 2183 cibaria
693 2138 912 2182 conservis
931 2158 938 2182 ;
958 2138 1002 2181 in
1022 2139 1103 2182 boc
1119 2148 1226 2182 festu
1241 2139 1439 2198 quaesivit
1454 2138 1588 2182 alium
1603 2136 1755 2183 metio-

354 2225 444 2254 rem
462 2209 610 2255 locum
625 2209 678 2252 ab
694 2209 774 2253 hac
788 2208 1123 2268 dispensatione,
1141 2209 1186 2252 in
1202 2224 1287 2269 qua
1301 2209 1358 2252 sic
1373 2208 1545 2253 laborat
1562 2209 1696 2252 homo
1711 2217 1754 2253 et

354 2280 652 2340 periclitaturj.
677 2289 720 2324 et
742 2280 958 2339 suspirans
981 2279 1027 2322 in
1048 2279 1181 2322 finem
1198 2277 1433 2339 quemdam
1451 2314 1461 2333 ,
1482 2279 1557 2322 ubi
1574 2278 1654 2323 ista
1665 2294 1755 2324 non

355 2361 446 2396 crat
467 2366 685 2411 passurus,
704 2351 750 2395 in
771 2350 897 2395 illum
915 2385 925 2405 ‚
952 2349 1130 2410 inquam
1147 2384 1157 2404 ‚
1187 2349 1320 2393 finem
1341 2364 1430 2409 quo
1463 2348 1658 2393 dicturus
1691 2358 1754 2394 est

402 2474 410 2490 ¹
429 2466 560 2498 Silentio
580 2466 722 2508 preterit
750 2465 850 2498 verba
868 2464 919 2497 illa
938 2474 1019 2496 vers.
1041 2461 1072 2505 4.
1099 2462 1281 2495 Concaluz'c
1304 2474 1366 2495 col·
1380 2474 1487 2495 meum
1505 2463 1599 2495 intra
1626 2474 1686 2496 me.
1712 2479 1753 2487 —-

357 2530 369 2547 ²
386 2523 468 2556 Psal.
490 2534 622 2564 xxxviii,
649 2522 680 2554 3.
702 2540 743 2544 —
756 2521 769 2545 3
790 2522 836 2554 Id.
856 2532 965 2563 cxviii,
984 2519 1057 2553 158.
1079 2536 1122 2542 —
1138 2518 1153 2548 4
1171 2519 1218 2551 Μ.
1238 2529 1351 2562 imvm,
1376 2530 1426 2552 ιο.
1443 2536 1486 2543 -
1503 2517 1518 2544 ⁵
1537 2519 1650 2552 Mauh.
1672 2530 1749 2560 xxv,

355 2579 410 2620 26,
429 2588 469 2621 27
486 2584 518 2612 ct
536 2579 588 2612 30.
610 2595 650 2602 ν·-
664 2576 679 2599 6
694 2578 772 2611 Psal.
793 2589 893 2619 cun,
913 2577 943 2619 4.
973 2594 1014 2601 -
1033 2584 1047 2610 7
1067 2575 1180 2609 Matth.
1199 2586 1232 2618 v,
1260 2575 1293 2607 6.
