1841 3223
422 221 503 260 108
859 229 892 259 s.
929 229 1159 259 Avensnm
1192 230 1372 258 Emscom

418 294 650 349 Quomodo
681 295 821 339 solent
846 295 988 338 dicere
1030 293 1328 355 fidejussores?
1353 290 1460 354 quid
1483 291 1672 337 dicunt?
1710 293 1802 349 Ego

417 366 570 418 reddo,
597 381 676 422 ego
701 365 864 423 accipio
883 399 893 419 ‚
920 364 1130 409 niihidas.
1168 368 1458 409 Putamus-ne
1491 371 1534 406 ct
1576 363 1659 407 hoc
1697 361 1805 406 dicit

420 440 555 481 Deus:
584 438 676 493 Ego
693 435 857 494 accipio
873 470 883 489 ,
905 436 1010 479 mihi
1034 434 1143 479 das?
1180 434 1311 479 Plane
1353 435 1386 478 si
1427 437 1540 478 Deus
1577 432 1773 478 Christus
1789 467 1800 487 ‚

419 505 539 565 quod
555 521 642 549 non
664 505 906 560 dubitatur,
922 506 1011 566 ipse
1033 506 1161 550 dixit:
1191 524 1211 547 (ι
1231 505 1399 549 Esurivi
1415 539 1425 559 ‚
1441 513 1484 548 et
1501 503 1676 547 dedistis
1698 502 1805 546 mihi

423 594 443 616 »
469 575 745 620 manducare.
764 595 782 617 υ
800 580 972 621 Etcum
995 576 1058 620 illi
1081 575 1294 620 dicerent:
1315 594 1333 615 «
1351 574 1536 627 Quando
1555 583 1598 617 te
1619 571 1806 617 vidimus

421 664 442 687 >›
468 647 758 692 esurientem?
779 667 797 688 υ
824 656 872 691 ut
888 648 1134 692 ostenderet
1155 662 1198 691 se
1220 660 1461 705 pauperum
1485 645 1777 704 fidejussorem
1791 678 1803 700 ,

420 717 616 761 omnium
638 718 932 761 membrorum
952 732 1129 762 suorum
1151 731 1401 775 sponsorem
1419 736 1429 773 ς
1446 715 1548 776 quia
1570 714 1642 758 iile
1657 723 1805 774 caput,

420 787 481 832 illi
506 789 716 843 membra,
740 798 783 832 et
815 804 914 832 cum
945 789 1165 847 accipiunt
1198 787 1394 831 membra
1412 821 1422 841 ‚
1448 796 1579 846 caput
1617 786 1772 847 accipit
1795 804 1804 830 ε

424 879 444 902 «
470 862 582 904 Cum
604 861 680 904 uni
701 895 711 915 ,
742 860 907 920 inquit,
949 876 1000 904 ex
1027 860 1092 903 his
1123 858 1312 902 minimis
1346 857 1450 901 meis
1485 857 1668 912 fecistis⁷
1703 856 1809 901 mihi

424 947 444 970 »
471 929 642 974 fecistis.
675 950 690 971 »
718 930 794 974 Eia
810 945 936 974 avare
958 929 1211 983 foenerator,
1243 927 1342 972 vide
1372 926 1477 988 quid
1500 926 1687 982 dedisti,
1711 926 1810 971 vide

421 1000 528 1060 quid
550 1009 804 1059 accepturus
822 1015 864 1044 es
887 1001 895 1044 1
926 1001 967 1045 Si
986 999 1172 1044 dedisses
1189 1015 1373 1059 paucam
1396 998 1625 1058 pecuniam
1641 1031 1652 1052 ‚
1679 1006 1723 1041 et
1737 995 1811 1040 ille

420 1071 492 1114 cui
521 1069 730 1127 dederas,
756 1086 834 1130 pro
866 1087 997 1129 parva
1037 1070 1222 1130 pecunia
1254 1079 1328 1113 tua
1351 1068 1474 1112 daret
1500 1068 1579 1112 tibi
1608 1081 1812 1126 magnam

419 1139 567 1185 villam
587 1176 598 1196 ‚
619 1141 1016 1201 incomparabiliter
1039 1140 1223 1200 amplius
1241 1140 1455 1184 valentem
1479 1154 1609 1199 quam
1633 1136 1812 1181 dederas

422 1220 472 1254 tu
493 1212 722 1270 pecuniam
745 1233 755 1269 3
781 1221 964 1272 quantas
987 1212 1142 1270 gratias
1164 1226 1332 1269 ageres,
1353 1218 1516 1271 quanta
1545 1208 1696 1253 laetitia
1725 1207 1812 1252 tol-

421 1280 593 1325 lereris!
639 1281 755 1326 Audi
783 1298 914 1342 quam
934 1283 1243 1341 possessionem
1276 1281 1351 1325 det
1382 1264 1513 1341 qutem
1557 1278 1810 1324 foenerasti:

425 1370 444 1393 ι(
471 1353 641 1407 Venite,
667 1352 885 1397 benedicti
913 1353 1048 1396 Patris
1071 1352 1179 1406 mei,
1199 1352 1422 1411 percipite.
1454 1371 1470 1392 »
1508 1349 1656 1404 Quid?
1693 1347 1815 1409 quod

420 1420 597 1466 dedistis
619 1424 637 1466 Ξ)
658 1423 782 1466 absit.
807 1425 991 1466 Terrena
1014 1422 1190 1466 dedistis
1206 1457 1216 1476 ‚
1242 1438 1341 1481 quae
1371 1422 1405 1465 si
1440 1437 1530 1465 non
1566 1419 1810 1475 dedissetis,

421 1491 466 1535 in
489 1502 600 1536 terra
623 1502 934 1551 putrescerent.
962 1491 1078 1545 Quid
1104 1492 1220 1535 enim
1253 1491 1355 1536 inde
1388 1490 1581 1536 facturus
1604 1505 1714 1534 esses
1731 1525 1741 1538 ,
1781 1491 1815 1534 si

421 1578 510 1607 non
533 1563 719 1608 dedisses
741 1565 759 1607 P
777 1563 906 1616 Quod
923 1563 1166 1622 periturum
1189 1563 1341 1606 eratin
1363 1572 1492 1616 terra,
1518 1570 1736 1606 servatum
1752 1569 1816 1606 est

420 1632 466 1676 in
482 1632 611 1677 coelo.
638 1636 752 1691 Ergo
777 1634 897 1693 quod
914 1642 1133 1676 servatum
1153 1641 1239 1687 est,
1270 1633 1354 1676 hoc
1392 1631 1612 1691 accepturi
1649 1646 1812 1675 sumus.

422 1706 649 1748 Servatum
671 1714 734 1749 est
756 1704 958 1748 meritum
988 1723 996 1748 :
1025 1702 1165 1748 factus
1183 1712 1248 1747 est
1279 1704 1507 1746 thesaurus
1550 1712 1651 1747 tuus
1683 1702 1816 1746 meri-

420 1783 515 1817 tum
530 1783 672 1818 tuum.
702 1794 722 1816 «
748 1777 857 1820 Nam
873 1774 973 1817 vide
999 1773 1106 1834 quid
1129 1774 1183 1817 sis
1205 1782 1462 1832 accepturus
1494 1791 1503 1817 :
1544 1791 1564 1814 «
1604 1772 1816 1831 Percipite

423 1863 443 1886 »
471 1860 679 1903 regnum,
719 1844 840 1904 quod
867 1844 990 1888 vobis
1021 1853 1223 1904 paratum
1260 1852 1323 1887 est
1357 1844 1412 1887 ab
1439 1843 1563 1887 initio
1592 1841 1761 1886 mundi.
1791 1861 1810 1883 »

420 1916 600 1968 Contra,
618 1915 681 1958 illi
697 1915 773 1975 qui
786 1914 1001 1958 foenerare
1025 1913 1278 1968 noluerunt,
1294 1912 1403 1974 quid
1425 1912 1632 1957 audient?
1654 1932 1673 1955 (ι
1693 1912 1816 1956 Itein

422 2004 443 2027 n
470 1985 616 2045 ignem
631 1995 861 2041 aeternum,
884 1986 959 2045 qui
973 1994 1147 2044 paratus
1160 1993 1223 2029 est
1238 1984 1414 2029 diabolo
1431 1994 1475 2028 et
1491 1983 1651 2042 angelis
1673 1985 1811 2044 ejus.»

419 2059 476 2101 Et
498 2056 605 2117 quid
639 2066 821 2101 vocatur
837 2070 1019 2113 regnum
1042 2054 1163 2114 quod
1191 2055 1426 2114 accipimus
1447 2056 1465 2098 P
1492 2054 1717 2099 Attendite
1750 2069 1817 2098 se-

418 2127 596 2187 quentia
618 2146 627 2172 :
648 2127 758 2170 «Isti
779 2127 908 2170 ibunt
926 2126 970 2169 in
987 2125 1332 2170 combustionem
1360 2134 1568 2169 aeternam
1585 2160 1596 2180 ,
1617 2124 1724 2186 justi
1738 2140 1816 2168 au-

422 2216 441 2240 »
468 2206 556 2241 tem
570 2197 614 2241 in
636 2197 769 2241 vitam
792 2206 1000 2241 aeternam
1018 2199 1049 2239 ¹.
1086 2216 1103 2238 n
1141 2195 1210 2240 Ad
1226 2196 1309 2241 hoc
1331 2196 1494 2239 ambite
1509 2231 1520 2251 ,
1545 2196 1629 2240 hoc
1655 2195 1784 2240 emite
1800 2230 1812 2250 ,

419 2268 474 2312 ad
492 2269 574 2314 hoc
592 2266 822 2312 soenerate.
846 2267 1023 2313 Habetis
1041 2267 1264 2312 Christum
1285 2267 1330 2311 in
1356 2266 1471 2311 coelo
1494 2265 1719 2311 sedentem
1736 2301 1747 2322 ,
1768 2266 1815 2310 in

421 2348 533 2384 terra
576 2348 814 2398 petentem.
868 2338 1119 2383 Invenimus
1160 2337 1382 2398 quomodo
1430 2336 1618 2382 foeneret
1647 2338 1806 2397 justus.

425 2428 443 2450 «
470 2412 578 2453 Tota
595 2409 666 2454 die
683 2409 925 2464 miseretur,
950 2417 994 2452 et
1015 2406 1217 2452 foenerat.
1241 2428 1258 2450 »

479 2482 578 2523 VII.
607 2498 628 2522 «
655 2483 712 2525 Et
731 2495 878 2525 semen
905 2481 996 2540 ejus
1022 2480 1069 2524 in
1098 2478 1402 2524 benedictione
1430 2478 1558 2522 erit2.
1588 2496 1608 2518 »
1639 2479 1695 2521 Et
1735 2476 1806 2521 hic

471 2572 478 2587 ¹
501 2565 614 2597 Manli.
636 2575 713 2597 xxv.
733 2563 852 2606 34-46,
869 2582 911 2587 —-
932 2571 943 2586 ²
964 2564 1042 2595 Psai.
1064 2574 1168 2602 xxxvr,
1186 2564 1237 2595 26<
