1841 3223
365 219 450 260 246
796 231 828 258 s.
865 229 1094 258 Auensnm
1128 232 1309 260 131>1scor1

370 315 389 338 ι)
426 305 572 350 tuum,
607 304 647 339 et
671 295 833 339 sustine
853 294 1088 339 Dominum
1104 297 1117 322 ¹
1143 315 1151 340 ε
1178 296 1384 357 quoniam
1407 296 1483 357 qui
1502 310 1750 356 persevera-

369 385 389 409 »
425 367 533 411 verit
559 365 749 425 usquein
772 364 925 421 finem,
952 365 1023 410 hic
1041 364 1181 410 salvus
1201 366 1322 410 erit2.
1344 368 1487 420 Quare
1503 380 1604 424 ergo
1622 364 1752 410 tristis

369 455 389 478 >›
426 452 468 481 es
488 436 625 479 anima
651 451 744 479 mea
763 470 774 490 ‚
799 444 843 480 et
864 451 998 496 quare
1015 436 1250 481 conturbas
1272 439 1367 480 me?
1390 438 1520 496 Spera
1533 435 1579 479 in
1593 438 1750 491 Deum,

369 525 390 548 »
426 506 633 567 quoniam
656 505 897 550 confitebor
918 505 995 550 illi.
1022 527 1038 547 »
1063 508 1167 551 Haee
1183 515 1247 551 est
1268 506 1479 553 confessio
1502 522 1619 562 mea,
1650 508 1755 552 «Sa-

369 594 390 618 »
425 577 565 622 lutare
581 576 728 622 vultus
748 576 848 631 mei,
866 580 980 621 Deus
1002 593 1139 621 meus.
1172 597 1187 618 »

425 652 529 693 XII.
570 669 590 692 «
616 650 682 693 Ad
700 665 768 692 me
790 649 931 708 ipsum
955 648 1097 693 anima
1123 664 1219 694 mea
1241 647 1417 693 turbata
1439 649 1548 694 est³.
1573 666 1594 690 »
1618 649 1757 696 Num-

368 720 476 782 quid
504 721 559 765 ad
588 724 727 765 Deum
760 720 992 765 turbatur?
1014 720 1083 763 Ad
1100 735 1169 763 me
1191 719 1366 764 turbata
1393 728 1471 764 est.
1496 718 1565 765 Ad
1587 719 1758 764 incom-

367 791 578 835 mutabile
588 791 878 846 reficiebatur,
891 790 942 835 ad
955 789 1164 835 mutabile
1173 790 1526 851 perturbabatur.
1538 791 1648 836 Novi
1656 790 1758 851 quia

362 862 530 923 justitia
545 863 620 906 Dei
635 863 718 905 mei
737 870 908 906 manet:
927 871 1077 906 utrum
1099 876 1195 906 mea
1213 869 1401 917 maneat,
1422 861 1582 906 neseio.
1608 863 1762 906 Terret

370 934 489 977 enim
511 949 580 977 me
594 936 841 993 Apostolus,
864 931 1010 977 dicens
1030 952 1038 978 :
1064 933 1179 986 «Qui
1193 948 1236 977 se
1249 942 1375 993 putat
1392 942 1524 988 stare,
1538 931 1684 977 videat
1706 948 1760 977 ne

376 1022 396 1043 υ
413 1002 576 1047 eadat4.
587 1005 728 1062 »Ergo
742 1003 843 1063 quia
854 1019 943 1048 non
957 1012 1020 1048 est
1030 1003 1074 1047 in
1084 1019 1152 1047 me
1166 1003 1344 1048 firmitas
1356 1003 1478 1059 mihi,
1493 1018 1572 1048 nee
1580 1011 1643 1047 est
1655 1000 1763 1046 mihi

371 1090 466 1134 spes
484 1074 538 1118 de
558 1090 641 1129 me,
662 1091 681 1116 «
694 1074 762 1119 Ad
775 1090 844 1118 me
858 1075 1000 1135 ipsum
1015 1075 1410 1120 turbataestanima
1424 1090 1566 1120 mea.»
1584 1075 1658 1120 Vis
1672 1090 1762 1120 non

371 1147 686 1191 conturbetur?
706 1149 804 1191 Non
824 1147 1100 1190 remaneatin
1114 1156 1154 1191 te
1166 1147 1259 1208 ipso
1271 1183 1281 1203 ,
1299 1157 1341 1192 et
1358 1146 1428 1192 die
1447 1166 1455 1192 ε
1479 1166 1499 1189 «
1513 1145 1582 1192 Ad
1599 1156 1658 1202 te,
1678 1149 1763 1192 Do-

374 1235 395 1258 »
431 1218 548 1260 mine
565 1252 576 1272 ‚
596 1216 735 1261 levavi
751 1217 937 1261 animam
954 1232 1097 1261 meam
1111 1220 1141 1262 ⁵.
1171 1237 1190 1259 »
1218 1221 1311 1263 Hoc
1333 1217 1504 1278 planius
1526 1216 1643 1262 audi.
1664 1214 1763 1263 Noli

371 1305 542 1349 sperare
565 1288 619 1332 de
643 1298 700 1344 te,
726 1288 800 1333 sed
823 1287 877 1333 de
896 1292 984 1334 Deo
1003 1299 1094 1334 tuo.
1119 1293 1230 1336 Nam
1252 1291 1285 1334 si
1303 1306 1446 1351 speras
1468 1291 1522 1335 de
1540 1299 1598 1345 te,
1619 1291 1762 1335 anima

372 1369 447 1404 tua
470 1360 760 1404 conturbatur
782 1360 836 1404 ad
859 1369 928 1417 te3
956 1361 1056 1421 quia
1078 1361 1277 1406 nondum
1300 1362 1467 1407 invenit
1489 1360 1607 1406 unde
1628 1362 1683 1406 sit
1704 1377 1764 1406 se-

370 1446 474 1474 cura
504 1430 558 1473 de
581 1439 637 1474 te.
664 1433 781 1489 Ergo
811 1431 1019 1490 quoniam
1052 1432 1106 1475 ad
1135 1447 1204 1476 me
1233 1432 1494 1477 conturbata
1520 1441 1583 1476 est
1620 1431 1765 1476 anima

371 1516 484 1555 mea7
510 1499 618 1560 quid
640 1510 770 1545 restat
797 1501 876 1545 nisi
900 1502 1121 1546 humilitas
1138 1537 1149 1558 ,
1175 1512 1224 1547 ut
1254 1501 1309 1547 de
1332 1518 1376 1547 se
1398 1503 1488 1563 ipsa
1511 1502 1654 1547 anima
1676 1518 1766 1547 non

371 1573 634 1630 praesumat?
651 1570 768 1624 Quid
792 1580 923 1615 restat
944 1572 1023 1616 nisi
1042 1581 1091 1616 ut
1113 1573 1292 1618 omnino
1309 1573 1533 1617 minimam
1551 1588 1594 1618 se
1612 1571 1763 1629 faeiat,

372 1642 453 1685 nisi
488 1650 538 1685 ut
559 1657 603 1685 se
626 1640 851 1696 humiliet,
886 1651 935 1686 ut
961 1641 1139 1687 exaltari
1169 1644 1412 1688 mereatur?
1446 1643 1557 1687 nihil
1583 1643 1663 1688 sibi
1686 1643 1766 1688 tri-

371 1710 502 1767 buat,
529 1721 578 1755 ut
600 1712 637 1755 ei
660 1711 713 1755 ab
737 1710 812 1755 illo
840 1711 963 1772 quod
985 1712 1091 1756 utile
1114 1722 1178 1757 est
1196 1713 1428 1758 tribuatur.
1450 1716 1565 1772 Ergo
1587 1713 1689 1774 quia
1711 1713 1767 1758 ad

372 1797 442 1826 me
465 1782 636 1826 turbata
672 1791 735 1826 est
762 1782 904 1827 anima
927 1798 1022 1826 mea
1039 1819 1049 1838 ‚
1075 1792 1118 1828 et
1139 1784 1251 1827 hane
1270 1784 1643 1843 perturbationem
1664 1782 1767 1829 facit

371 1853 575 1913 superbia
607 1872 615 1897 ;
645 1856 909 1912 «Propterea
926 1863 1188 1897 memoratus
1207 1870 1328 1898 suam
1348 1855 1438 1910 tui,
1468 1856 1649 1899 Domine
1665 1891 1676 1911 ‚
1712 1853 1768 1900 de

376 1942 396 1964 »
432 1932 543 1967 terra
573 1923 773 1967 Jordanis
801 1931 844 1966 et
868 1924 1137 1967 Hermoniim
1168 1941 1191 1968 a
1222 1934 1370 1969 monte
1396 1926 1569 1985 parvo⁰.
1595 1944 1614 1968 »
1641 1925 1767 1972 Unde

373 2003 636 2038 memoratus
656 2009 753 2037 sum
773 1994 869 2037 tui?
889 1997 924 2038 Α
944 2003 1091 2039 monte
1108 2011 1241 2054 parvo
1259 2031 1269 2050 ‚
1292 2005 1335 2040 et
1352 1995 1406 2040 de
1423 2005 1533 2040 terra
1547 1996 1762 2042 Jordanis.

373 2067 504 2108 Forte
522 2064 576 2108 de
600 2065 837 2124 baptismo,
862 2064 937 2108 ubi
963 2074 1023 2109 est
1057 2067 1248 2111 remissio
1270 2076 1565 2127 peecatorum.
1592 2069 1764 2112 Etenim

372 2150 502 2178 nemo
531 2135 665 2178 currit
688 2133 742 2178 ad
777 2134 1068 2179 remissionem
1091 2146 1367 2196 peccatorum
1386 2172 1396 2192 ,
1422 2138 1501 2181 nisi
1518 2137 1593 2197 qui
1615 2135 1766 2198 displi-

373 2215 442 2250 cet
467 2207 577 2264 sibi3
613 2221 741 2250 nemo
774 2207 909 2250 eurrit
939 2205 994 2250 ad
1027 2208 1320 2252 remissionem
1354 2221 1651 2268 peecatorum,
1687 2210 1768 2254 nisi

371 2277 447 2337 qui
476 2292 520 2320 se
547 2276 782 2321 confitetur
804 2286 1103 2335 peecatorem3
1135 2293 1263 2322 nemo
1286 2294 1330 2322 se
1353 2279 1585 2323 confitetur
1608 2294 1765 2338 pecea-

371 2356 532 2401 torem‚
575 2348 656 2392 nisi
687 2346 961 2392 humiliando
986 2363 1030 2392 se
1063 2348 1206 2408 ipsum
1231 2352 1335 2394 Deo.
1379 2351 1530 2408 «Ergo
1564 2349 1618 2393 de
1649 2359 1762 2395 terra

376 2435 396 2458 »
432 2417 631 2462 Jordanis
647 2429 910 2463 memoratus
931 2434 1025 2463 sum
1048 2419 1131 2477 tui,
1152 2428 1195 2463 et
1207 2418 1261 2463 de
1280 2428 1427 2465 monte
1445 2436 1578 2480 parvo
1599 2439 1608 2465 ε
1629 2438 1648 2461 »
1674 2437 1766 2466 non

421 2521 429 2535 ¹
451 2514 780 2556 Psat.xxv1,14.—
801 2522 812 2537 ²
834 2515 944 2547 matth.
969 2526 1009 2555 x,
1031 2524 1091 2556 22,
1119 2520 1152 2547 et
1174 2527 1272 2557 xviv,
1302 2517 1351 2548 13.
1376 2533 1415 2539 -
1441 2515 1453 2539 3
1475 2517 1552 2548 psat.
1576 2528 1638 2558 xm,
1660 2528 1691 2559 ς.
1724 2534 1763 2540 -·-

374 2569 420 2599 41
445 2572 515 2601 Cor.
540 2581 570 2605 r,
590 2579 635 2600 ¹12.
657 2587 695 2592 ἢ
715 2569 727 2592 5
750 2570 826 2601 Pcnt.
844 2582 931 2608 xxm,
956 2582 981 2602 ι,
1011 2588 1050 2592 -—
1071 2567 1085 2590 Ε
1111 2571 1155 2601 m.
1182 2579 1245 2609 xm,
1267 2582 1299 2611 's⁴
