1841 3223
431 207 671 237 ENARnAno
703 211 747 236 m
781 208 983 237 PsALMUM
1016 209 1102 235 ων.
1372 196 1454 232 513

76 281 120 317 et
140 272 251 317 nihil
272 274 377 319 boni
403 274 457 318 de
487 275 571 319 illis
593 291 719 333 agere
741 279 894 319 Deum.
920 275 1071 318 Omnis
1104 271 1242 316 malus
1265 281 1340 315 aut
1361 271 1459 314 ideo

76 342 182 387 vivit
206 352 256 387 ut
269 345 530 403 corrigatur,
557 353 631 388 aut
651 344 748 388 ideo
765 345 930 389 vivitut
945 359 1020 403 per
1038 343 1164 386 illum
1182 342 1324 386 bonus
1347 348 1469 384 exer*

76 422 240 458 ceatur.
266 415 442 459 Utinam
464 430 565 473 ergo
583 417 658 475 qui
685 431 764 459 nos
785 414 917 459 modo
940 422 1161 468 exercent,
1199 421 1461 456 convertan-

76 493 170 539 tur,
195 493 238 528 et
269 484 498 529 nobiscum
526 494 837 530 exerceantur:
862 493 1007 529 tamen
1038 482 1236 544 quandiu
1261 483 1318 526 ita
1360 490 1462 525 sunt

77 562 128 598 ut
148 564 400 610 exerceant,
426 571 516 600 non
541 570 612 600 eos
630 554 849 600 oderimus
876 574 884 598 :
911 554 1013 614 quia
1034 554 1080 597 in
1102 569 1153 597 eo
1184 552 1305 613 quod
1322 552 1462 595 malus

78 633 143 669 est
158 625 252 685 quis
275 640 428 670 eorum
444 661 455 681 ,
480 634 630 670 utrum
652 640 790 686 usque
807 625 855 668 in
872 625 1004 668 finem
1025 632 1373 683 perseveraturus
1392 622 1461 677 sit,

77 695 350 754 ignoramus,
376 705 420 740 et
447 695 706 756 plerumque
728 711 828 740 cum
861 694 942 738 tibi
974 694 1129 739 videris
1158 693 1296 738 odisse
1318 693 1465 737 inimi-

77 781 178 811 cum
198 801 209 821 ,
230 765 407 811 {latrem
430 766 579 822 odisti,
601 776 644 811 et
660 766 811 810 nescis.
837 764 1042 810 Diabolus
1067 774 1110 809 et
1140 764 1281 822 angeli
1309 765 1399 823 ejus
1421 764 1468 807 in

79 836 310 896 Scripturis
329 837 486 881 sanctis
512 834 773 880 manifestati
795 844 896 879 sunt
918 835 1043 880 nobis
1057 870 1068 890 ,
1095 833 1215 895 quod
1237 833 1292 878 ad
1321 833 1468 892 ignem

77 916 290 952 aeternum
318 907 402 952 sint
423 907 639 951 destinati.
666 910 864 966 Ipsorum
899 914 1071 949 tantum
1108 904 1377 964 desperanda
1404 912 1468 947 est

78 978 288 1023 correctio
306 997 315 1022 :
331 987 482 1022 contra
493 994 603 1038 quos
616 977 827 1021 habemus
840 976 1058 1021 occultam
1071 976 1252 1031 luctam,
1268 975 1322 1019 ad
1336 990 1470 1035 quam

77 1049 241 1094 luctam
263 1064 341 1093 nos
357 1058 497 1094 armat
516 1047 749 1108 Apostolus
763 1083 774 1104 ,
798 1048 946 1092 dicens
966 1068 974 1092 :
997 1067 1017 1090 «
1040 1050 1139 1093 Non
1159 1056 1223 1091 est
1243 1046 1368 1091 nobis
1385 1045 1471 1090 col=

81 1138 102 1162 »
123 1119 305 1165 luctatio
318 1119 521 1164 adversus
542 1134 718 1164 carnem
738 1128 780 1163 et
797 1119 1049 1176 sanguinem
1062 1154 1072 1174 ,
1090 1118 1137 1162 id
1158 1127 1222 1162 est
1239 1153 1249 1173 ,
1267 1117 1471 1161 adversus

82 1209 102 1232 »
117 1191 315 1237 homines
328 1206 438 1251 quos
450 1190 622 1245 videtis,
641 1189 718 1234 sed
732 1189 935 1234 adversus
951 1189 1171 1249 principes
1184 1198 1228 1232 et
1241 1197 1473 1248 potestates

83 1280 103 1304 »
129 1270 173 1306 et
189 1269 376 1305 rectores
394 1259 574 1315 mundi,
600 1261 880 1304 tenebrarum
896 1260 1071 1303 harum¹
1090 1293 1098 1302 .
1122 1277 1143 1300 »
1164 1261 1228 1304 Ne
1245 1257 1358 1302 forte
1370 1273 1472 1301 cum

81 1330 273 1386 dixisset,
304 1329 531 1385 «mundi,
567 1347 587 1371 »
613 1329 875 1388 intelligeres
911 1328 1130 1373 daemones
1162 1344 1252 1373 esse
1284 1337 1473 1372 rectores

82 1400 183 1446 coeli
204 1410 247 1445 et
272 1410 395 1445 terrae
421 1419 431 1445 ε
460 1419 480 1443 «
505 1399 661 1444 mundi
686 1418 705 1440 »
732 1398 860 1455 dixit,
890 1418 910 1441 (ι
942 1399 1221 1442 tenebrarum
1243 1398 1399 1441 harum
1415 1431 1425 1451 ,
1450 1415 1471 1437 »

87 1491 107 1514 «
136 1471 290 1515 mundi
325 1489 344 1513 »
381 1470 518 1526 dixit,
556 1479 799 1515 amatorum
834 1468 1010 1524 mundi,
1045 1487 1064 1511 «
1101 1468 1255 1512 mundi
1285 1486 1304 1508 »
1337 1466 1472 1522 dixit,

86 1543 321 1602 impiorum
354 1551 398 1586 et
430 1542 711 1602 iniquorum,
743 1539 973 1584 «mundi»
1000 1539 1127 1594 dixit,
1166 1539 1221 1583 de
1243 1554 1332 1599 quo
1369 1537 1477 1582 (licit

81 1611 393 1672 Evangelium,
422 1631 443 1654 «
471 1615 528 1656 Et
561 1610 752 1655 mundus
782 1625 882 1654 eum
918 1628 937 1650 »
974 1625 1064 1653 non
1089 1609 1295 1668 cognovit
1317 1611 1348 1651 ²2.
1384 1626 1403 1648 »
1432 1608 1475 1652 Si

85 1683 201 1728 enim
223 1682 414 1727 mundus
443 1698 533 1727 non
555 1681 759 1740 cognovit
780 1680 924 1725 lucem
941 1715 951 1734 ,
987 1680 1088 1739 quia
1119 1679 1195 1723 lux
1215 1679 1259 1722 in
1284 1678 1477 1722 tenebris

82 1753 222 1809 lucet,
245 1763 290 1798 et
305 1753 498 1798 tenebrae
521 1768 615 1797 eam
639 1768 728 1796 non
751 1749 1179 1810 comprehenderunt
1199 1783 1210 1803 ,
1236 1749 1392 1807 etipsae
1414 1757 1476 1791 te-

85 1826 232 1870 ncbrae
270 1841 369 1885 quae
401 1840 492 1868 non
530 1822 960 1883 comprehenderunt
997 1820 1141 1864 lucem
1184 1828 1438 1879 praesentem
1462 1854 1476 1872 ,

85 1894 241 1939 mundi
276 1894 454 1940 nomine
480 1892 783 1953 appellantur,
803 1893 958 1935 harum
984 1890 1264 1935 tenebrarum
1292 1898 1393 1933 sunt
1415 1887 1480 1931 illi

86 1974 289 2010 rectores.
331 1967 394 2008 De
425 1963 525 2022 ipsis
558 1976 659 2020 ergo
697 1961 938 2005 rectoribus
970 1960 1181 2003 habemus
1215 1959 1483 2003 determina-

87 2045 178 2082 tam
207 2035 526 2094 Scripturarum
557 2033 838 2086 sententiam,
876 2030 998 2091 quod
1027 2031 1206 2074 omnino
1236 2029 1338 2072 inde
1370 2028 1481 2072 redi»

89 2115 159 2150 tus
191 2104 370 2165 alicujus
402 2119 552 2148 eorum
585 2100 823 2162 sperandus
853 2117 944 2145 non
972 2109 1048 2144 est.
1084 2103 1142 2144 At
1172 2114 1275 2143 vero
1298 2097 1352 2141 de
1380 2098 1482 2157 ipsis

90 2175 280 2221 tenebris
304 2190 491 2236 quarum
510 2173 575 2218 illi
605 2181 790 2218 rectores
817 2181 940 2225 sunt,
972 2186 1060 2214 non
1096 2184 1242 2213 sumus
1271 2168 1397 2223 certi,
1424 2183 1481 2211 116

91 2246 205 2291 forte
239 2246 316 2306 qui
356 2254 479 2290 erant
516 2244 707 2289 tenebrae
733 2278 743 2298 ,
779 2243 886 2286 fiant
925 2240 1012 2284 lux.
1055 2238 1278 2283 Fidelibus
1319 2239 1481 2299 quippe

93 2317 185 2377 jam
229 2314 352 2360 factis
397 2315 503 2359 dicit
534 2313 768 2374 Apostolus
803 2332 812 2357 :
842 2331 861 2353 «
898 2310 1056 2355 Fuistis
1090 2308 1325 2368 aliquando
1360 2318 1484 2352 tenc-

95 2406 115 2429 »
142 2387 256 2442 hrae,
285 2401 403 2430 nunc
426 2385 573 2430 autem*
598 2384 673 2428 lux
693 2384 739 2427 in
763 2382 975 2427 1)0111ἰι1ο3
999 2399 1007 2424 2
1029 2380 1219 2424 tenebrae
1249 2380 1294 2422 in
1320 2379 1443 2423 vobis
1460 2415 1472 2432 ,

97 2457 210 2503 »lux
231 2457 278 2501 in
294 2456 496 2502 Domino.
525 2474 545 2498 1)
563 2458 703 2514 Ergo,
731 2452 883 2498 fratres
898 2487 908 2506 ,
934 2466 1082 2495 omnes
1103 2450 1231 2506 mali,
1259 2466 1360 2495 cum
1380 2450 1484 2496 mali

145 2549 153 2565 ¹
175 2541 351 2585 Ephes.v1‚
380 2549 431 2574 12.
452 2556 492 2563 --
511 2546 523 2562 ²
539 2541 631 2572 Joan.
647 2549 670 2581 1,
689 2548 739 2571 10.
760 2553 800 2560 —-
821 2534 963 2578 3Ep11es.
981 2545 1012 2577 v,
1031 2533 1063 2566 8.

287 2605 394 2636 cxv.
1247 2587 1297 2626 33
