1841 3223
396 172 482 213 400
830 180 864 209 s.
901 179 1132 210 Atousnm
1165 182 1345 210 Eplscom

393 267 482 295 non
505 264 652 294 amans
686 248 801 292 bona
828 263 954 304 vera3
985 256 1027 291 ct
1049 247 1147 292 ideo
1169 248 1273 292 hinc
1296 246 1353 291 ad
1375 255 1583 291 tartarum
1612 247 1695 292 ibit
1723 266 1732 292 ε
1759 263 1783 293 a

393 320 584 364 tenebris
596 319 866 363 somniorum
885 318 1099 377 excipient
1115 334 1215 362 eum
1236 317 1429 362 tenebrae
1444 327 1779 362 tormentorum.

393 393 509 448 Ergo
527 408 546 430 a
565 391 709 449 Usque
731 388 777 431 in
799 397 1011 432 aeternum
1030 403 1119 432 non
1140 387 1307 432 videbit
1321 386 1487 432 lumen.
1508 406 1527 429 »
1551 387 1635 433 Sed
1649 403 1784 448 quare

392 461 512 504 hoc?
535 458 661 512 Quod
682 459 827 519 posuit
848 458 893 501 in
916 457 1059 503 medio
1082 458 1268 510 Psalmo,
1289 459 1372 503 hoc
1395 467 1438 502 et
1456 459 1500 502 in
1520 458 1605 502 fine
1624 474 1632 499 ε
1659 477 1679 500 «
1695 461 1786 503 Ho-

395 549 417 572 >›
452 546 524 574 mo
546 545 648 574 eum
670 529 715 573 in
731 530 897 574 honore
921 539 1044 584 esset,
1065 544 1155 573 non
1176 528 1402 584 intellexit,
1427 538 1703 588 comparatus
1723 538 1787 574 est

396 620 418 643 »
449 602 657 662 jumentis
687 601 939 654 insensatis,
976 609 1019 644 et
1050 600 1199 644 similis
1231 597 1370 644 faetus
1403 609 1466 644 est
1495 599 1621 644 illis¹.
1652 618 1672 641 >›
1698 602 1786 644 Vos

395 681 566 726 autem,
591 670 766 727 fratres,
794 671 1064 716 considerate
1082 685 1157 714 vos
1175 670 1370 725 homines
1400 670 1535 714 saetos
1554 670 1610 714 ad
1632 670 1788 730 imagi-

395 758 498 787 nem
527 751 571 786 ot
592 741 918 786 similitudinem
944 740 1020 785 Dei
1033 743 1064 783 2.
1094 743 1243 798 Imago
1270 740 1347 784 Dei
1370 741 1487 785 intus
1509 750 1593 796 est,
1615 757 1704 785 non
1726 750 1790 786 est

396 814 442 857 in
465 829 662 872 corpore,
683 829 772 857 non
794 812 920 856 estin
942 811 1120 855 auribus
1139 812 1228 855 istis
1245 828 1351 871 quas
1373 811 1544 867 videtis,
1569 821 1612 856 et
1635 811 1786 868 oculis,

396 894 442 929 et
463 886 640 929 naribus
656 919 667 940 ‚
695 893 739 928 et
760 882 906 943 palato
923 919 934 939 ,
971 892 1014 927 et
1045 883 1248 927 manibus
1264 917 1274 937 ,
1311 892 1354 927 et
1375 883 1560 943 pedihus
1581 902 1590 928 :
1629 883 1706 928 sed
1727 893 1791 928 est

397 956 513 1001 facta
536 966 681 1000 tamen
707 975 716 1000 ε
741 955 819 999 ubi
842 964 906 999 est
932 954 1180 999 intellectus
1195 989 1206 1010 ,
1232 954 1309 998 uhi
1332 964 1395 999 est
1415 970 1536 999 mens
1551 989 1562 1010 ,
1582 955 1660 999 ubi
1681 955 1790 1000 ratio

397 1026 710 1087 investigandae
733 1026 950 1083 veritatis,
978 1026 1054 1071 ubi
1078 1036 1140 1071 est
1164 1025 1270 1070 fides
1287 1061 1297 1081 ,
1323 1026 1401 1070 ubi
1422 1035 1486 1070 est
1506 1041 1600 1086 spes
1622 1035 1787 1082 vestra,

398 1098 477 1143 ubi
498 1099 683 1142 charitas
704 1106 844 1142 vestra
861 1132 873 1153 ,
908 1096 969 1141 ibi
992 1097 1125 1141 habet
1146 1100 1259 1141 Deus
1279 1097 1515 1156 imaginem
1537 1112 1660 1141 suam
1687 1116 1696 1141 z
1722 1095 1792 1142 vel

398 1170 461 1214 ibi
483 1168 720 1227 intelligitis
741 1178 784 1213 et
805 1167 982 1224 videtis,
1003 1169 1104 1229 quia
1126 1169 1205 1212 ista
1226 1177 1468 1224 transeunt,
1490 1168 1592 1229 quia
1607 1169 1667 1213 sic
1684 1168 1793 1212 dixit

401 1243 448 1286 in
465 1240 551 1286 alio
571 1240 742 1286 Psalmo
765 1260 773 1286 :
804 1259 823 1282 «
844 1243 1107 1301 Quanquam
1139 1240 1183 1284 in
1204 1241 1392 1300 imagine
1410 1240 1606 1285 ambulet
1632 1241 1789 1296 homo,

402 1332 424 1355 »
460 1323 607 1357 tamen
622 1328 732 1357 vane
755 1312 1068 1357 conturbatur:
1090 1312 1364 1367 thesaurizat,
1389 1321 1433 1356 et
1455 1312 1589 1356 nescit
1606 1312 1677 1357 cui
1692 1327 1794 1356 con-

403 1403 424 1426 »
460 1383 656 1442 gregabit
685 1399 734 1427 ea
752 1384 784 1426 3.
823 1400 843 1424 »
876 1385 975 1428 Non
1008 1382 1274 1438 turbemini,
1317 1382 1419 1443 quia
1456 1381 1794 1443 qualiacumque

400 1463 504 1498 sunt
527 1454 606 1498 ista
622 1488 633 1509 ,
654 1452 900 1497 transitoria
923 1461 1047 1507 sunt,
1074 1452 1107 1497 si
1126 1452 1325 1497 homines
1347 1452 1445 1497 estis
1467 1452 1513 1496 in
1529 1452 1696 1498 honore
1711 1467 1794 1512 po-

401 1524 498 1580 siti,
523 1533 567 1568 et
594 1522 849 1582 intelligitis.
876 1525 987 1568 Nam
1010 1523 1045 1567 si
1069 1522 1267 1567 homines
1289 1523 1335 1566 in
1361 1523 1527 1568 honore
1555 1523 1683 1583 positi
1705 1539 1796 1568 non

402 1594 671 1653 intelligitis,
705 1593 1017 1654 comparamini
1044 1594 1254 1654 jumentis
1287 1593 1540 1650 insensatis,
1570 1602 1614 1639 et
1637 1593 1795 1639 similes

401 1667 626 1712 efficimini
648 1665 745 1710 illis.

452 1771 461 1788 ¹
483 1764 563 1797 Psal.
584 1775 696 1806 uviri,
716 1772 773 1796 21.
791 1781 833 1786 —
848 1770 860 1787 ²
880 1765 960 1798 Gen.
980 1773 1029 1806 111,
1049 1762 1105 1796 26.
1124 1781 1165 1786 -—
1189 1761 1202 1787 3
1221 1763 1302 1796 psal.
1323 1774 1453 1806 xxxviii,
1473 1774 1503 1806 5.
