1841 3223
356 211 410 247 70
792 219 824 246 s.
861 218 1092 246 ΑυρυεΤιΝι
1125 218 1306 247 Emscom

354 286 476 330 bebit
497 286 574 346 qui
595 301 670 330 vos
693 284 895 346 possidet.
931 303 951 326 «
984 286 1061 327 Hae
1083 293 1184 328 sunt
1207 284 1400 345 reliquiae
1430 285 1598 330 homini
1620 287 1742 346 paci-

355 375 376 398 »
399 358 480 401 sico
496 359 656 400 ¹.»lloc
679 357 946 400 cantavimus
964 375 972 400 z
990 356 1065 416 qui
1086 371 1233 400 versus
1258 356 1388 416 longe
1415 356 1595 417 quidem
1619 358 1743 402 estin

352 429 433 473 isto
450 426 620 472 Psalmo
642 427 697 470 ab
716 427 781 470 his
805 426 995 471 tractatis
1010 426 1222 470 versibus.
1252 426 1335 472 Sed
1357 428 1459 488 quia
1483 428 1623 487 ipsum
1646 443 1746 472 can-

356 500 559 552 lavimus,
584 497 638 541 ad
662 498 803 557 ipsum
819 497 1021 542 claudere
1041 496 1266 541 debemus.
1289 501 1321 542 T
1327 515 1355 542 u
1377 508 1548 543 tantum
1571 511 1746 544 securus

353 580 459 624 esto,
484 571 540 613 «C
550 568 692 613 ustodi
709 569 1020 622 innocentiam,
1030 587 1049 609 n
1065 567 1251 627 pretiosa
1265 585 1329 613 res
1341 570 1583 614 est.Furari
1598 569 1661 614 vis
1674 569 1748 614 ali·

352 640 486 701 quid,
514 640 666 694 credo,
700 649 749 684 ut
782 641 978 700 acquiras
1006 661 1013 686 :
1044 639 1143 684 vide
1180 656 1269 699 quo
1303 655 1482 684 manum
1516 640 1672 695 mittis,
1704 649 1748 686 et

353 712 472 756 unde
496 711 625 756 tollis.
653 714 744 756 Hac
776 711 838 756 vis
872 712 1120 772 acquirere,
1147 715 1228 758 hac
1256 710 1402 771 perdis
1428 730 1436 755 :
1467 710 1652 770 acquiris
1668 725 1748 770 pe-

354 784 549 838 cuniam,
584 782 728 843 perdis
751 783 1062 827 innocentiam.
1090 783 1278 843 Evigilet
1306 781 1452 842 potius
1482 797 1557 826 cor
1583 791 1710 837 tuum
1736 801 1746 832 ς

353 856 429 915 qui
458 854 635 899 volebas
665 855 886 915 acquirere
919 855 1149 914 pecuniam
1178 864 1221 899 et
1253 853 1395 915 perdis
1425 854 1746 911 innocentiam,

353 925 488 987 perde
507 926 650 986 potius
676 925 907 985 pecuniam
936 945 944 970 :
970 945 989 967 «
1013 927 1196 971 Custodi
1229 925 1549 980 innocentiam,
1580 933 1624 970 et
1651 924 1751 970 vide

358 1014 379 1038 »
405 997 739 1050 directioneii12,
764 1014 783 1037 >›
817 997 918 1056 quia
953 996 1109 1055 diriget
1147 1007 1190 1042 te
1213 1001 1349 1052 Deus,
1378 1005 1430 1040 ut
1460 996 1606 1041 omnia
1629 1013 1753 1057 quae-

357 1084 546 1128 cumque
568 1068 663 1112 vult
678 1103 689 1123 ,
714 1067 818 1112 velis
841 1077 884 1112 et
904 1077 952 1112 tu
980 1088 988 1113 ε
1014 1070 1103 1128 ipsa
1129 1070 1247 1114 enim
1269 1077 1334 1113 est
1355 1068 1552 1113 directio.
1586 1070 1696 1114 Nam
1717 1069 1753 1113 si

357 1149 407 1185 tu
443 1140 553 1184 nolis
590 1139 712 1200 quod
748 1138 866 1194 vult,
901 1155 1059 1185 curvus
1083 1141 1179 1195 eris,
1212 1150 1256 1184 et
1283 1140 1471 1200 pravitas
1495 1149 1570 1184 tua
1599 1155 1689 1184 non
1710 1148 1753 1184 te

360 1212 585 1272 permittet
626 1211 794 1271 planari
830 1220 963 1257 recto.
1000 1232 1020 1255 «
1060 1211 1242 1258 Custodi
1282 1228 1385 1271 ergo
1428 1212 1723 1256 innocentiam
1739 1246 1750 1268 ‚

363 1301 384 1325 »
403 1283 503 1327 vide
517 1282 801 1328 directionem
829 1302 838 1328 ε
866 1292 948 1327 »et
970 1283 1058 1328 noli
1079 1294 1232 1343 putare
1245 1284 1363 1344 quia,
1389 1284 1510 1328 finita
1540 1283 1619 1327 ista
1639 1282 1752 1339 vita,

362 1354 511 1398 finitus
529 1364 593 1399 est
613 1355 770 1413 hom03
795 1373 815 1396 «
839 1354 952 1408 Quia
978 1364 1081 1399 sunt
1103 1354 1299 1416 reliquiae
1322 1354 1489 1400 homini
1506 1354 1702 1414 pacifico.
1730 1372 1751 1396 »

364 1509 467 1526 182⁸«th
472 1509 611 1526 MMOEWS
616 1509 820 1527 §mmmmm
826 1509 1762 1530 WU8⁴MMWVS=QWRWAW¹WMMUWXMMMMWWW

815 1632 1202 1682 ENARRATIO
1241 1636 1291 1682 ll

662 1780 713 1820 IN
754 1780 964 1821 EUMDEM
1001 1780 1241 1822 PSALMUM
1280 1781 1457 1823 xxxvl.

928 1924 1099 1960 SERMO
1126 1924 1162 1960 ΙΙ
1182 1927 1211 1960 3.

759 2061 823 2103 De
843 2058 1034 2103 secunda
1055 2067 1178 2119 parte
1201 2057 1376 2103 Psalmi.

427 2211 463 2253 I.
491 2210 554 2252 DE
580 2206 749 2251 Psalmo
770 2207 850 2250 iste
870 2205 992 2267 loqui
1028 2206 1239 2250 Charitati
1263 2208 1454 2262 Vestrae,
1479 2215 1523 2250 et
1547 2207 1654 2267 jussi
1687 2221 1764 2251 su·-

367 2296 489 2335 mus,
518 2290 560 2324 et
594 2280 894 2339 obtemperare
930 2277 1174 2322 debuimus.
1212 2277 1364 2322 Voluit
1400 2278 1514 2322 enim
1551 2280 1763 2324 Dominus

368 2360 546 2412 propter
567 2350 774 2394 imbrium
799 2349 1065 2392 nimietatem
1086 2348 1303 2393 retardare
1326 2347 1641 2408 profectionem
1661 2366 1762 2394 nos-

375 2433 482 2468 tram
502 2442 513 2479 3
537 2432 581 2466 et
610 2422 871 2481 imperatum
908 2430 971 2465 est
1006 2421 1150 2476 nobis,
1183 2435 1237 2464 ne
1269 2430 1442 2466 vacaret
1462 2421 1532 2466 hic
1556 2436 1654 2481 erga
1686 2437 1762 2466 vos

420 2526 428 2542 ¹
447 2519 525 2551 Psal.
548 2530 660 2556 xxxvi,
680 2519 732 2561 ὃς.
762 2536 804 2541 --
824 2525 838 2541 2
856 2518 937 2551 lbid.
966 2536 1008 2540 —
1028 2516 1041 2541 3
1057 2520 1209 2549 Ilm-tatur
1228 2517 1265 2549 ad
1284 2517 1492 2559 perferendos
1510 2518 1607 2551 malos
1621 2543 1631 2561 ‚
1652 2524 1683 2551 et
1701 2518 1765 2551 dis-

396 2580 466 2607 utat
487 2575 516 2607 in
531 2576 711 2608 Donatislas
726 2600 735 2617 7
754 2586 790 2607 ae
807 2575 993 2607 nominatim
1012 2575 1162 2607 adversus
1174 2574 1377 2607 Primianum.
