1841 3223
347 213 430 252 294
730 227 761 252 s.
812 224 1041 254 AUGUSTINI
1077 226 1257 252 EPlscoPI

349 310 368 333 »
406 291 608 335 adversus
631 298 819 349 patrem,
846 291 933 336 filia
958 292 1161 336 adversus
1184 299 1366 334 matrem
1382 324 1392 344 ‚
1419 305 1555 335 nurus
1576 290 1732 335 adver-

348 382 368 404 »
405 378 475 406 sus
498 376 669 405 socrum
691 377 813 405 suam
830 364 860 406 ¹.
890 380 909 403 »
936 363 1094 407 Divisio
1114 363 1209 406 haec
1231 377 1320 422 quo
1344 361 1489 420 gladio
1511 361 1626 406 faeta
1650 371 1730 417 est,

343 435 424 478 nisi
442 448 571 493 quem
596 433 792 477 Christus
815 433 986 478 attulit?
1000 438 1056 479 Et
1077 449 1223 478 revera
1242 469 1252 489 ,
1278 432 1447 488 fratres,
1469 434 1599 477 etiam
1618 448 1734 493 quo·-

343 504 516 550 tidianis
554 503 758 563 exemplis
789 504 985 550 videmus
1008 506 1117 549 boec.
1145 504 1290 548 Placet
1307 505 1458 563 juveni
1479 503 1608 549 alicui
1643 507 1735 548 Deo

346 575 526 629 servire,
554 573 753 633 displicet
771 576 883 634 patri
911 594 919 620 ;
940 576 1063 619 divisi
1086 583 1189 619 sunt
1211 573 1413 618 adversus
1436 589 1480 618 se
1502 593 1511 619 ε
1536 572 1609 618 ille
1630 589 1736 633 pro-

343 647 475 690 mittit
497 655 710 689 terrenam
735 646 1034 690 haereditatem
1050 681 1060 700 ‚
1095 645 1168 688 ille
1195 654 1312 688 amat
1329 644 1551 689 coelestem
1580 664 1588 689 :
1615 643 1737 689 aliud

346 718 423 762 iste
445 717 691 776 pollicetur,
707 715 826 760 aliud
842 716 913 760 ille
928 716 1061 774 eligit.
1078 719 1175 761 Non
1196 715 1278 759 sibi
1301 724 1425 774 putet
1441 726 1559 775 pater
1577 713 1737 759 factam

348 789 572 848 injuriam,
600 791 711 831 Deus
734 786 849 831 solus
871 786 934 830 illi
956 786 1190 846 praefertur
1213 805 1221 830 ε
1248 794 1291 829 et
1313 794 1457 829 tamen
1474 784 1615 843 litigat
1636 799 1737 829 cum

347 859 436 903 {ilio
459 858 632 902 volente
655 858 813 902 servire
835 861 938 901 Deo.
960 857 1044 901 Sed
1068 856 1221 901 fortior
1243 865 1307 900 est
1330 855 1401 899 ille
1425 855 1593 915 gladius
1612 855 1739 915 spiri-

348 929 442 973 talis
463 944 687 987 separans,
709 942 841 988 quam
864 927 1074 987 copulans
1097 936 1253 971 natura
1275 925 1472 971 earnalis.
1498 927 1568 970 Fit
1589 926 1673 970 hoc
1697 935 1741 970 et

349 1001 404 1045 de
426 999 511 1043 filia
536 999 740 1043 adversus
759 1007 939 1043 matrem
956 1035 966 1054 ‚
992 999 1132 1043 multo
1155 998 1288 1056 magis
1310 1007 1354 1042 et
1375 996 1430 1041 de
1452 1012 1569 1041 nuru
1585 996 1740 1041 adver-

350 1087 420 1116 sus
438 1085 625 1115 socrum.
652 1072 761 1114 Nam
785 1069 1022 1130 aliquando
1044 1070 1090 1112 in
1112 1084 1199 1113 una
1218 1068 1350 1112 domo
1368 1082 1504 1112 nurus
1531 1076 1575 1112 et
1595 1081 1742 1112 socrus

350 1142 634 1187 inveniuntur
655 1141 859 1185 liferetiea
875 1150 916 1185 et
931 1140 1157 1185 catholiea.
1180 1143 1236 1184 Et
1250 1139 1326 1183 ubi
1343 1138 1513 1183 fortiter
1535 1139 1743 1199 recipitur

351 1216 430 1259 iste
453 1213 621 1272 gladius
650 1214 1033 1273 rebaptizationem
1060 1228 1150 1256 non
1182 1212 1401 1256 timemus.
1431 1211 1579 1256 Potuit
1606 1208 1743 1255 dividi

352 1286 437 1331 filia
460 1285 663 1329 adversus
685 1295 867 1330 matrem
883 1300 1022 1340 suam,
1043 1292 1086 1329 et
1107 1299 1197 1329 non
1217 1292 1360 1344 potest
1379 1298 1517 1328 nurus
1539 1282 1744 1328 adversus

352 1373 526 1403 socrum
548 1359 701 1402 suam?

410 1432 512 1473 XII.
539 1432 721 1472 Factum
754 1436 817 1471 est
838 1428 922 1472 hoe
946 1426 1205 1486 generaliter
1235 1426 1364 1470 etiam
1394 1425 1439 1469 in
1470 1440 1626 1485 genere
1656 1425 1744 1469 liu-

352 1515 498 1553 mano,
515 1499 676 1543 divisus
689 1507 752 1542 est
766 1497 879 1542 silius
898 1497 1101 1542 adversus
1118 1507 1301 1556 patrem.
1325 1496 1506 1540 Fuimus
1523 1496 1639 1539 enim
1664 1495 1745 1539 ali-

353 1571 532 1631 quando
553 1569 628 1613 filii
651 1568 828 1613 diaboli.
857 1568 1014 1613 Adbuc
1034 1567 1285 1612 infidelibus
1305 1567 1470 1612 dietum
1495 1576 1583 1611 est:
1614 1585 1634 1609 «
1660 1569 1747 1611 Vos

358 1661 377 1684 »
415 1659 437 1687 a
470 1651 592 1702 patre
624 1640 801 1685 diabolo
834 1642 972 1685 estis‘2.
998 1660 1018 1682 »
1047 1644 1104 1685 Et
1135 1640 1274 1685 omnis
1304 1638 1537 1683 infidelitas
1571 1647 1743 1693 nostra,

353 1714 494 1768 unde,
529 1713 609 1757 nisi
632 1729 655 1756 a
676 1722 799 1772 patre
828 1712 1037 1757 diabolo?
1064 1715 1161 1758 Non
1182 1710 1256 1755 ille
1287 1710 1476 1756 creando
1507 1720 1646 1770 pater,
1672 1708 1748 1754 sed

355 1801 432 1829 nos
458 1784 582 1828 illum
604 1783 815 1828 imitando
835 1783 926 1827 filii.
944 1787 1038 1827 Jam
1064 1783 1195 1824 modo
1214 1781 1368 1824 videtis
1386 1781 1525 1823 filium
1543 1781 1748 1824 adversus

354 1866 519 1915 patrem
549 1854 750 1897 divisum.
788 1851 919 1895 Venit
943 1851 1110 1909 gladius
1139 1851 1239 1905 ille,
1275 1851 1492 1894 renuntiat
1529 1850 1706 1895 diabolo
1735 1869 1743 1895 :

355 1925 521 1969 invenit
543 1923 674 1967 alium
698 1931 864 1981 patrem
880 1958 890 1977 ,
914 1922 1081 1965 invenit
1103 1920 1230 1965 aliam
1252 1931 1452 1966 matrem.
1477 1920 1556 1965 Ille
1578 1920 1632 1964 ad
1651 1921 1750 1964 imi-

359 1996 564 2040 tationem
588 2010 631 2038 se
654 1994 869 2052 praebens,
897 1992 1130 2049 generabat
1147 1992 1192 2035 in
1216 1992 1392 2036 exitium
1413 2012 1421 2036 ε
1443 2001 1643 2051 parentes
1659 1991 1749 2035 duo

357 2082 467 2127 quos
490 2065 735 2113 invenimus
752 2099 762 2118 ⁷
789 2064 833 2106 in
856 2063 988 2107 vitam
1011 2072 1219 2106 aeternam
1245 2072 1469 2120 generant.
1498 2062 1664 2106 Divisus
1686 2071 1750 2106 est

357 2137 470 2181 filius
504 2135 707 2179 adversus
739 2143 922 2193 patrem.
956 2133 1095 2177 Divisa
1127 2142 1190 2176 est
1221 2133 1306 2177 fllia
1330 2132 1533 2177 adversus
1566 2141 1748 2176 matrem

356 2223 479 2254 suam
505 2224 513 2249 ε
537 2207 664 2251 Plebs
693 2206 764 2250 illa
786 2222 884 2266 quae
905 2204 959 2249 de
982 2204 1146 2249 Judaeis
1174 2204 1358 2249 eredidit
1375 2240 1385 2260 ‚
1419 2204 1554 2249 divisa
1577 2213 1640 2248 est
1669 2203 1749 2248 ad-

356 2294 503 2323 versus
534 2292 814 2335 synagogam.
844 2276 985 2320 Divisa
1014 2284 1077 2319 est
1110 2285 1152 2319 et
1187 2291 1322 2319 nurus
1344 2274 1547 2319 adversus
1575 2290 1749 2319 socrum

359 2364 508 2393 suam:
537 2347 663 2392 Plebs
686 2347 740 2390 de
772 2345 984 2390 Gentibus
1016 2346 1193 2389 veniens
1213 2381 1223 2400 ‚
1260 2360 1396 2389 nurus
1429 2344 1610 2402 dieitur3
1647 2345 1748 2404 quia

358 2436 538 2480 sponsus
568 2421 764 2463 Christus
795 2418 908 2461 silius
941 2432 1188 2476 synagogae.
1222 2417 1346 2460 Unde
1381 2417 1496 2460 enim
1526 2425 1653 2460 natus
1686 2425 1749 2459 est

359 2492 492 2536 Filius
518 2494 591 2534 Dei
620 2490 860 2534 seeundum
883 2504 1055 2533 earnem
1072 2491 1088 2532 Ξ)
1111 2491 1173 2532 Ex
1197 2487 1269 2531 illa
1293 2503 1524 2546 synagoga.
1563 2486 1642 2532 llle
1672 2487 1746 2547 qui

408 2584 414 2598 ¹
440 2575 551 2608 Manli.
579 2587 612 2614 v,
635 2575 688 2616 34,
711 2575 748 2606 35»
767 2600 774 2613 ‚
794 2579 825 2605 et
841 2576 916 2606 Luc.
935 2585 988 2614 xii³
1017 2573 1136 2605 ,ἧι-53.
1161 2590 1199 2595 —-
1224 2580 1235 2595 ²
1259 2575 1349 2604 Joan¹
1374 2584 1445 2612 viii,
1471 2571 1523 2614 άῆ.
