<?xml version="1.0" encoding="UTF-8"?>
<!DOCTYPE html PUBLIC "-//W3C//DTD XHTML 1.0 Transitional//EN"
    "http://www.w3.org/TR/xhtml1/DTD/xhtml1-transitional.dtd">
<html xmlns="http://www.w3.org/1999/xhtml" xml:lang="en" lang="en">
 <head>
  <title>
</title>
<meta http-equiv="Content-Type" content="text/html;charset=utf-8" />
  <meta name='ocr-system' content='tesseract 3.04.00' />
  <meta name='ocr-capabilities' content='ocr_page ocr_carea ocr_par ocr_line ocrx_word'/>
</head>
<body>
  <div class='ocr_page' id='page_1' title='image "./operaomniaaccura08auguuoft_0315.png"; bbox 0 0 1841 3223; ppageno 0'>
   <div class='ocr_carea' id='block_1_1' title="bbox 397 218 1430 260">
    <p class='ocr_par' dir='ltr' id='par_1_1' title="bbox 397 218 1430 260">
     <span class='ocr_line' id='line_1_1' title="bbox 397 218 1430 260; baseline -0.002 -2"><span class='ocrx_word' id='word_1_1' title='bbox 397 230 642 260; x_wconf 62' lang='grc' dir='ltr'><strong>ΕΝΑΜΑΤῙΟ</strong></span> <span class='ocrx_word' id='word_1_2' title='bbox 675 233 718 259; x_wconf 75' lang='lat' dir='ltr'>[N</span> <span class='ocrx_word' id='word_1_3' title='bbox 753 228 955 259; x_wconf 70' lang='lat' dir='ltr'>PsALMUM</span> <span class='ocrx_word' id='word_1_4' title='bbox 988 231 1107 258; x_wconf 65' lang='lat' dir='ltr'>xilv.</span> <span class='ocrx_word' id='word_1_5' title='bbox 1352 218 1430 256; x_wconf 88' lang='lat'>301</span> 
     </span>
    </p>
   </div>
   <div class='ocr_carea' id='block_1_2' title="bbox 44 295 1472 2536">
    <p class='ocr_par' dir='ltr' id='par_1_2' title="bbox 44 295 1472 2536">
     <span class='ocr_line' id='line_1_2' title="bbox 47 295 1438 356; baseline -0.004 -15"><span class='ocrx_word' id='word_1_6' title='bbox 47 298 159 341; x_wconf 87' lang='lat' dir='ltr'>euim</span> <span class='ocrx_word' id='word_1_7' title='bbox 180 297 278 341; x_wconf 92' lang='lat' dir='ltr'>loco</span> <span class='ocrx_word' id='word_1_8' title='bbox 296 306 442 356; x_wconf 85' lang='lat' dir='ltr'>aperte</span> <span class='ocrx_word' id='word_1_9' title='bbox 460 295 586 350; x_wconf 85' lang='lat' dir='ltr'>dicit,</span> <span class='ocrx_word' id='word_1_10' title='bbox 613 317 633 338; x_wconf 90' lang='lat'>«</span> <span class='ocrx_word' id='word_1_11' title='bbox 653 299 716 342; x_wconf 89' lang='lat' dir='ltr'>Ne</span> <span class='ocrx_word' id='word_1_12' title='bbox 734 305 898 341; x_wconf 82' lang='lat' dir='ltr'>avertas</span> <span class='ocrx_word' id='word_1_13' title='bbox 919 296 1076 340; x_wconf 84' lang='lat' dir='ltr'>facicm</span> <span class='ocrx_word' id='word_1_14' title='bbox 1098 304 1219 339; x_wconf 84' lang='lat' dir='ltr'>tuam</span> <span class='ocrx_word' id='word_1_15' title='bbox 1240 310 1260 339; x_wconf 84' lang='lat' dir='ltr'>a</span> <span class='ocrx_word' id='word_1_16' title='bbox 1282 296 1392 338; x_wconf 86' lang='lat' dir='ltr'>me¹.</span> <span class='ocrx_word' id='word_1_17' title='bbox 1417 313 1438 335; x_wconf 86' lang='lat'>»</span> 
     </span>
     <span class='ocr_line' id='line_1_3' title="bbox 48 363 1442 426; baseline -0.003 -14"><span class='ocrx_word' id='word_1_18' title='bbox 48 371 178 426; x_wconf 84' lang='lat' dir='ltr'>Ergo,</span> <span class='ocrx_word' id='word_1_19' title='bbox 198 387 218 410; x_wconf 88' lang='lat'>«</span> <span class='ocrx_word' id='word_1_20' title='bbox 239 370 397 412; x_wconf 82' lang='lat' dir='ltr'>Averte</span> <span class='ocrx_word' id='word_1_21' title='bbox 420 365 574 409; x_wconf 78' lang='lat' dir='ltr'>faciem</span> <span class='ocrx_word' id='word_1_22' title='bbox 592 375 713 410; x_wconf 80' lang='lat' dir='ltr'>tuam</span> <span class='ocrx_word' id='word_1_23' title='bbox 736 383 759 410; x_wconf 85' lang='lat' dir='ltr'>a</span> <span class='ocrx_word' id='word_1_24' title='bbox 776 366 961 425; x_wconf 79' lang='lat' dir='ltr'>peccatis</span> <span class='ocrx_word' id='word_1_25' title='bbox 979 366 1084 409; x_wconf 86' lang='lat' dir='ltr'>meis</span> <span class='ocrx_word' id='word_1_26' title='bbox 1103 385 1111 410; x_wconf 88' lang='lat'>:</span> <span class='ocrx_word' id='word_1_27' title='bbox 1131 384 1151 408; x_wconf 77' lang='lat' dir='ltr'>n</span> <span class='ocrx_word' id='word_1_28' title='bbox 1170 363 1273 409; x_wconf 89' lang='lat' dir='ltr'>nolo</span> <span class='ocrx_word' id='word_1_29' title='bbox 1295 363 1442 408; x_wconf 87' lang='lat' dir='ltr'>videas</span> 
     </span>
     <span class='ocr_line' id='line_1_4' title="bbox 48 433 1445 497; baseline -0.003 -15"><span class='ocrx_word' id='word_1_30' title='bbox 48 446 226 497; x_wconf 89' lang='lat' dir='ltr'>peccata</span> <span class='ocrx_word' id='word_1_31' title='bbox 247 451 358 480; x_wconf 90' lang='lat' dir='ltr'>mea.</span> <span class='ocrx_word' id='word_1_32' title='bbox 384 436 496 489; x_wconf 88' lang='lat' dir='ltr'>Quia</span> <span class='ocrx_word' id='word_1_33' title='bbox 515 434 664 479; x_wconf 86' lang='lat' dir='ltr'>videre</span> <span class='ocrx_word' id='word_1_34' title='bbox 694 437 792 490; x_wconf 82' lang='lat' dir='ltr'>Dei,</span> <span class='ocrx_word' id='word_1_35' title='bbox 813 435 1158 480; x_wconf 85' lang='lat' dir='ltr'>animadvertere</span> <span class='ocrx_word' id='word_1_36' title='bbox 1176 443 1253 479; x_wconf 83' lang='lat' dir='ltr'>est.</span> <span class='ocrx_word' id='word_1_37' title='bbox 1276 433 1380 478; x_wconf 92' lang='lat' dir='ltr'>Idco</span> <span class='ocrx_word' id='word_1_38' title='bbox 1400 442 1445 478; x_wconf 86' lang='lat' dir='ltr'>et</span> 
     </span>
     <span class='ocr_line' id='line_1_5' title="bbox 44 504 1442 569; baseline -0.003 -17"><span class='ocrx_word' id='word_1_39' title='bbox 44 507 180 569; x_wconf 81' lang='lat' dir='ltr'>judex</span> <span class='ocrx_word' id='word_1_40' title='bbox 197 505 319 568; x_wconf 89' lang='lat' dir='ltr'>quod</span> <span class='ocrx_word' id='word_1_41' title='bbox 340 506 490 566; x_wconf 77' lang='lat' dir='ltr'>punit,</span> <span class='ocrx_word' id='word_1_42' title='bbox 508 504 851 550; x_wconf 87' lang='lat' dir='ltr'>animadvertere</span> <span class='ocrx_word' id='word_1_43' title='bbox 872 505 1056 560; x_wconf 86' lang='lat' dir='ltr'>dicitur,</span> <span class='ocrx_word' id='word_1_44' title='bbox 1081 504 1127 549; x_wconf 92' lang='lat' dir='ltr'>id</span> <span class='ocrx_word' id='word_1_45' title='bbox 1149 514 1228 560; x_wconf 87' lang='lat' dir='ltr'>est,</span> <span class='ocrx_word' id='word_1_46' title='bbox 1246 504 1442 549; x_wconf 80' lang='lat' dir='ltr'>animum</span> 
     </span>
     <span class='ocr_line' id='line_1_6' title="bbox 49 574 1445 636; baseline -0.001 -14"><span class='ocrx_word' id='word_1_47' title='bbox 49 577 155 622; x_wconf 91' lang='lat' dir='ltr'>illuc</span> <span class='ocrx_word' id='word_1_48' title='bbox 189 576 442 634; x_wconf 80' lang='lat' dir='ltr'>advertere3</span> <span class='ocrx_word' id='word_1_49' title='bbox 475 575 703 620; x_wconf 85' lang='lat' dir='ltr'>intendere</span> <span class='ocrx_word' id='word_1_50' title='bbox 735 575 889 636; x_wconf 80' lang='lat' dir='ltr'>utique</span> <span class='ocrx_word' id='word_1_51' title='bbox 922 575 978 619; x_wconf 88' lang='lat' dir='ltr'>ad</span> <span class='ocrx_word' id='word_1_52' title='bbox 1000 574 1300 635; x_wconf 85' lang='lat' dir='ltr'>puniendum,</span> <span class='ocrx_word' id='word_1_53' title='bbox 1341 575 1445 636; x_wconf 87' lang='lat' dir='ltr'>quia</span> 
     </span>
     <span class='ocr_line' id='line_1_7' title="bbox 45 645 1445 710; baseline -0.002 -17"><span class='ocrx_word' id='word_1_54' title='bbox 45 647 181 710; x_wconf 88' lang='lat' dir='ltr'>judex</span> <span class='ocrx_word' id='word_1_55' title='bbox 210 656 289 692; x_wconf 89' lang='lat' dir='ltr'>est.</span> <span class='ocrx_word' id='word_1_56' title='bbox 317 647 386 693; x_wconf 91' lang='lat' dir='ltr'>Sic</span> <span class='ocrx_word' id='word_1_57' title='bbox 412 656 477 692; x_wconf 85' lang='lat' dir='ltr'>est</span> <span class='ocrx_word' id='word_1_58' title='bbox 497 655 543 691; x_wconf 87' lang='lat' dir='ltr'>et</span> <span class='ocrx_word' id='word_1_59' title='bbox 557 646 693 706; x_wconf 85' lang='lat' dir='ltr'>judex</span> <span class='ocrx_word' id='word_1_60' title='bbox 721 650 851 691; x_wconf 85' lang='lat' dir='ltr'>Deus.</span> <span class='ocrx_word' id='word_1_61' title='bbox 877 665 897 688; x_wconf 92' lang='lat'>«</span> <span class='ocrx_word' id='word_1_62' title='bbox 917 649 1076 691; x_wconf 85' lang='lat' dir='ltr'>Averte</span> <span class='ocrx_word' id='word_1_63' title='bbox 1099 645 1253 690; x_wconf 83' lang='lat' dir='ltr'>faciem</span> <span class='ocrx_word' id='word_1_64' title='bbox 1276 655 1396 690; x_wconf 85' lang='lat' dir='ltr'>tuam</span> <span class='ocrx_word' id='word_1_65' title='bbox 1421 661 1445 691; x_wconf 89' lang='lat' dir='ltr'>a</span> 
     </span>
     <span class='ocr_line' id='line_1_8' title="bbox 56 716 1447 778; baseline 0 -17"><span class='ocrx_word' id='word_1_66' title='bbox 56 738 77 761; x_wconf 86' lang='lat'>»</span> <span class='ocrx_word' id='word_1_67' title='bbox 102 718 290 778; x_wconf 86' lang='lat' dir='ltr'>peccatis</span> <span class='ocrx_word' id='word_1_68' title='bbox 313 717 465 762; x_wconf 81' lang='lat' dir='ltr'>meis.»</span> <span class='ocrx_word' id='word_1_69' title='bbox 480 720 546 761; x_wconf 90' lang='lat' dir='ltr'>Tu</span> <span class='ocrx_word' id='word_1_70' title='bbox 566 717 620 761; x_wconf 83' lang='lat' dir='ltr'>ab</span> <span class='ocrx_word' id='word_1_71' title='bbox 639 717 740 776; x_wconf 88' lang='lat' dir='ltr'>ipsis</span> <span class='ocrx_word' id='word_1_72' title='bbox 761 716 916 762; x_wconf 84' lang='lat' dir='ltr'>faciem</span> <span class='ocrx_word' id='word_1_73' title='bbox 934 716 1025 761; x_wconf 91' lang='lat' dir='ltr'>noli</span> <span class='ocrx_word' id='word_1_74' title='bbox 1047 725 1257 772; x_wconf 89' lang='lat' dir='ltr'>avertere,</span> <span class='ocrx_word' id='word_1_75' title='bbox 1274 716 1384 761; x_wconf 87' lang='lat' dir='ltr'>sivis</span> <span class='ocrx_word' id='word_1_76' title='bbox 1396 725 1447 761; x_wconf 88' lang='lat' dir='ltr'>ut</span> 
     </span>
     <span class='ocr_line' id='line_1_9' title="bbox 55 786 1448 848; baseline -0.001 -14"><span class='ocrx_word' id='word_1_77' title='bbox 55 792 171 834; x_wconf 90' lang='lat' dir='ltr'>Deus</span> <span class='ocrx_word' id='word_1_78' title='bbox 193 789 248 833; x_wconf 89' lang='lat' dir='ltr'>ab</span> <span class='ocrx_word' id='word_1_79' title='bbox 269 787 370 848; x_wconf 87' lang='lat' dir='ltr'>ipsis</span> <span class='ocrx_word' id='word_1_80' title='bbox 392 797 559 833; x_wconf 87' lang='lat' dir='ltr'>avertat</span> <span class='ocrx_word' id='word_1_81' title='bbox 578 786 732 832; x_wconf 84' lang='lat' dir='ltr'>faciem</span> <span class='ocrx_word' id='word_1_82' title='bbox 749 803 886 832; x_wconf 88' lang='lat' dir='ltr'>suam.</span> <span class='ocrx_word' id='word_1_83' title='bbox 909 786 1020 831; x_wconf 87' lang='lat' dir='ltr'>Vide</span> <span class='ocrx_word' id='word_1_84' title='bbox 1041 786 1264 848; x_wconf 87' lang='lat' dir='ltr'>quomodo</span> <span class='ocrx_word' id='word_1_85' title='bbox 1280 788 1363 832; x_wconf 93' lang='lat' dir='ltr'>hoc</span> <span class='ocrx_word' id='word_1_86' title='bbox 1380 788 1448 832; x_wconf 81' lang='lat' dir='ltr'>ol-</span> 
     </span>
     <span class='ocr_line' id='line_1_10' title="bbox 55 855 1445 917; baseline -0.001 -15"><span class='ocrx_word' id='word_1_87' title='bbox 55 857 142 903; x_wconf 86' lang='lat' dir='ltr'>fert</span> <span class='ocrx_word' id='word_1_88' title='bbox 168 861 257 903; x_wconf 89' lang='lat' dir='ltr'>Deo</span> <span class='ocrx_word' id='word_1_89' title='bbox 280 857 326 901; x_wconf 88' lang='lat' dir='ltr'>in</span> <span class='ocrx_word' id='word_1_90' title='bbox 347 858 440 917; x_wconf 90' lang='lat' dir='ltr'>ipso</span> <span class='ocrx_word' id='word_1_91' title='bbox 468 855 639 902; x_wconf 81' lang='lat' dir='ltr'>Psalmo</span> <span class='ocrx_word' id='word_1_92' title='bbox 665 876 674 902; x_wconf 74' lang='grc' dir='ltr'>ς</span> <span class='ocrx_word' id='word_1_93' title='bbox 704 876 729 899; x_wconf 73' lang='lat' dir='ltr'>(c</span> <span class='ocrx_word' id='word_1_94' title='bbox 747 857 934 902; x_wconf 82' lang='lat' dir='ltr'>Facinus</span> <span class='ocrx_word' id='word_1_95' title='bbox 963 872 1109 900; x_wconf 89' lang='lat' dir='ltr'>meum</span> <span class='ocrx_word' id='word_1_96' title='bbox 1137 872 1219 916; x_wconf 82' lang='lat' dir='ltr'>ego</span> <span class='ocrx_word' id='word_1_97' title='bbox 1235 892 1246 912; x_wconf 79' lang='grc'>,</span> <span class='ocrx_word' id='word_1_98' title='bbox 1271 856 1445 917; x_wconf 86' lang='lat' dir='ltr'>inquit,</span> 
     </span>
     <span class='ocr_line' id='line_1_11' title="bbox 59 932 1443 988; baseline -0.001 -17"><span class='ocrx_word' id='word_1_99' title='bbox 59 947 80 971; x_wconf 87' lang='lat'>»</span> <span class='ocrx_word' id='word_1_100' title='bbox 115 944 330 988; x_wconf 85' lang='lat' dir='ltr'>agnosco,</span> <span class='ocrx_word' id='word_1_101' title='bbox 362 937 406 972; x_wconf 89' lang='lat' dir='ltr'>et</span> <span class='ocrx_word' id='word_1_102' title='bbox 436 937 665 988; x_wconf 83' lang='lat' dir='ltr'>peccatum</span> <span class='ocrx_word' id='word_1_103' title='bbox 694 943 841 973; x_wconf 86' lang='lat' dir='ltr'>meum</span> <span class='ocrx_word' id='word_1_104' title='bbox 863 938 964 972; x_wconf 84' lang='lat' dir='ltr'>ante</span> <span class='ocrx_word' id='word_1_105' title='bbox 987 943 1056 972; x_wconf 89' lang='lat' dir='ltr'>me</span> <span class='ocrx_word' id='word_1_106' title='bbox 1078 937 1142 972; x_wconf 87' lang='lat' dir='ltr'>est</span> <span class='ocrx_word' id='word_1_107' title='bbox 1173 944 1344 988; x_wconf 85' lang='lat' dir='ltr'>semper</span> <span class='ocrx_word' id='word_1_108' title='bbox 1361 932 1393 973; x_wconf 70' lang='lat'>¹².</span> <span class='ocrx_word' id='word_1_109' title='bbox 1422 946 1443 970; x_wconf 72' lang='lat'>&gt;1</span> 
     </span>
     <span class='ocr_line' id='line_1_12' title="bbox 58 997 1445 1060; baseline -0.001 -15"><span class='ocrx_word' id='word_1_110' title='bbox 58 1002 152 1045; x_wconf 90' lang='lat' dir='ltr'>Hoc</span> <span class='ocrx_word' id='word_1_111' title='bbox 179 1015 270 1045; x_wconf 91' lang='lat' dir='ltr'>non</span> <span class='ocrx_word' id='word_1_112' title='bbox 297 999 393 1044; x_wconf 87' lang='lat' dir='ltr'>vult</span> <span class='ocrx_word' id='word_1_113' title='bbox 420 1015 510 1044; x_wconf 89' lang='lat' dir='ltr'>esse</span> <span class='ocrx_word' id='word_1_114' title='bbox 533 1008 633 1044; x_wconf 89' lang='lat' dir='ltr'>ante</span> <span class='ocrx_word' id='word_1_115' title='bbox 664 1002 831 1055; x_wconf 86' lang='lat' dir='ltr'>Deum,</span> <span class='ocrx_word' id='word_1_116' title='bbox 861 997 982 1060; x_wconf 89' lang='lat' dir='ltr'>quod</span> <span class='ocrx_word' id='word_1_117' title='bbox 1003 998 1101 1044; x_wconf 87' lang='lat' dir='ltr'>vult</span> <span class='ocrx_word' id='word_1_118' title='bbox 1127 1014 1218 1044; x_wconf 88' lang='lat' dir='ltr'>esse</span> <span class='ocrx_word' id='word_1_119' title='bbox 1253 1008 1355 1043; x_wconf 84' lang='lat' dir='ltr'>ante</span> <span class='ocrx_word' id='word_1_120' title='bbox 1385 1014 1445 1043; x_wconf 87' lang='lat' dir='ltr'>sc.</span> 
     </span>
     <span class='ocr_line' id='line_1_13' title="bbox 62 1068 1447 1129; baseline 0.001 -17"><span class='ocrx_word' id='word_1_121' title='bbox 62 1089 83 1113; x_wconf 90' lang='lat'>«</span> <span class='ocrx_word' id='word_1_122' title='bbox 109 1070 238 1129; x_wconf 83' lang='lat' dir='ltr'>Virga</span> <span class='ocrx_word' id='word_1_123' title='bbox 259 1069 530 1126; x_wconf 81' lang='lat' dir='ltr'>directionis,</span> <span class='ocrx_word' id='word_1_124' title='bbox 550 1070 670 1129; x_wconf 81' lang='lat' dir='ltr'>virga</span> <span class='ocrx_word' id='word_1_125' title='bbox 694 1069 816 1129; x_wconf 81' lang='lat' dir='ltr'>regni</span> <span class='ocrx_word' id='word_1_126' title='bbox 839 1070 918 1114; x_wconf 87' lang='lat' dir='ltr'>tui.</span> <span class='ocrx_word' id='word_1_127' title='bbox 941 1087 961 1111; x_wconf 84' lang='lat'>»</span> <span class='ocrx_word' id='word_1_128' title='bbox 988 1072 1125 1115; x_wconf 88' lang='lat' dir='ltr'>Nemo</span> <span class='ocrx_word' id='word_1_129' title='bbox 1150 1068 1232 1113; x_wconf 90' lang='lat' dir='ltr'>sibi</span> <span class='ocrx_word' id='word_1_130' title='bbox 1257 1069 1447 1114; x_wconf 87' lang='lat' dir='ltr'>multum</span> 
     </span>
     <span class='ocr_line' id='line_1_14' title="bbox 57 1140 1443 1200; baseline 0 -14"><span class='ocrx_word' id='word_1_131' title='bbox 57 1142 113 1186; x_wconf 88' lang='lat' dir='ltr'>dc</span> <span class='ocrx_word' id='word_1_132' title='bbox 147 1141 436 1186; x_wconf 79' lang='lat' dir='ltr'>misericordia</span> <span class='ocrx_word' id='word_1_133' title='bbox 471 1141 549 1186; x_wconf 88' lang='lat' dir='ltr'>Dei</span> <span class='ocrx_word' id='word_1_134' title='bbox 584 1140 837 1185; x_wconf 78' lang='lat' dir='ltr'>blandiatur</span> <span class='ocrx_word' id='word_1_135' title='bbox 857 1177 868 1196; x_wconf 92' lang='lat'>‚</span> <span class='ocrx_word' id='word_1_136' title='bbox 913 1143 1032 1200; x_wconf 80' lang='lat' dir='ltr'>virga</span> <span class='ocrx_word' id='word_1_137' title='bbox 1072 1140 1321 1185; x_wconf 77' lang='lat' dir='ltr'>directionis</span> <span class='ocrx_word' id='word_1_138' title='bbox 1363 1150 1443 1186; x_wconf 87' lang='lat' dir='ltr'>est.</span> 
     </span>
     <span class='ocr_line' id='line_1_15' title="bbox 59 1210 1450 1271; baseline -0.001 -14"><span class='ocrx_word' id='word_1_139' title='bbox 59 1210 284 1271; x_wconf 85' lang='lat' dir='ltr'>Numquid</span> <span class='ocrx_word' id='word_1_140' title='bbox 317 1210 502 1255; x_wconf 90' lang='lat' dir='ltr'>dicimus</span> <span class='ocrx_word' id='word_1_141' title='bbox 546 1226 637 1255; x_wconf 89' lang='lat' dir='ltr'>non</span> <span class='ocrx_word' id='word_1_142' title='bbox 667 1226 757 1256; x_wconf 86' lang='lat' dir='ltr'>esse</span> <span class='ocrx_word' id='word_1_143' title='bbox 787 1211 1108 1255; x_wconf 85' lang='lat' dir='ltr'>misericordem</span> <span class='ocrx_word' id='word_1_144' title='bbox 1136 1214 1307 1256; x_wconf 74' lang='lat' dir='ltr'>Deum?</span> <span class='ocrx_word' id='word_1_145' title='bbox 1332 1211 1450 1265; x_wconf 81' lang='lat' dir='ltr'>Quid</span> 
     </span>
     <span class='ocr_line' id='line_1_16' title="bbox 59 1280 1449 1342; baseline 0 -16"><span class='ocrx_word' id='word_1_146' title='bbox 59 1280 378 1326; x_wconf 88' lang='lat' dir='ltr'>misericordius</span> <span class='ocrx_word' id='word_1_147' title='bbox 412 1297 463 1325; x_wconf 92' lang='lat' dir='ltr'>co</span> <span class='ocrx_word' id='word_1_148' title='bbox 477 1315 488 1337; x_wconf 86' lang='lat'>‚</span> <span class='ocrx_word' id='word_1_149' title='bbox 525 1280 602 1341; x_wconf 84' lang='lat' dir='ltr'>qui</span> <span class='ocrx_word' id='word_1_150' title='bbox 639 1281 777 1341; x_wconf 85' lang='lat' dir='ltr'>parcit</span> <span class='ocrx_word' id='word_1_151' title='bbox 814 1290 985 1325; x_wconf 89' lang='lat' dir='ltr'>tantum</span> <span class='ocrx_word' id='word_1_152' title='bbox 1026 1280 1328 1342; x_wconf 82' lang='lat' dir='ltr'>peccatoribus</span> <span class='ocrx_word' id='word_1_153' title='bbox 1347 1317 1357 1337; x_wconf 89' lang='lat'>‚</span> <span class='ocrx_word' id='word_1_154' title='bbox 1398 1297 1449 1326; x_wconf 91' lang='lat' dir='ltr'>co</span> 
     </span>
     <span class='ocr_line' id='line_1_17' title="bbox 60 1351 1451 1413; baseline 0.001 -17"><span class='ocrx_word' id='word_1_155' title='bbox 60 1352 137 1413; x_wconf 86' lang='lat' dir='ltr'>qui</span> <span class='ocrx_word' id='word_1_156' title='bbox 160 1352 207 1396; x_wconf 87' lang='lat' dir='ltr'>in</span> <span class='ocrx_word' id='word_1_157' title='bbox 229 1352 433 1397; x_wconf 90' lang='lat' dir='ltr'>omnibus</span> <span class='ocrx_word' id='word_1_158' title='bbox 457 1352 674 1397; x_wconf 89' lang='lat' dir='ltr'>conversis</span> <span class='ocrx_word' id='word_1_159' title='bbox 698 1351 752 1396; x_wconf 91' lang='lat' dir='ltr'>ad</span> <span class='ocrx_word' id='word_1_160' title='bbox 777 1367 822 1396; x_wconf 85' lang='lat' dir='ltr'>se</span> <span class='ocrx_word' id='word_1_161' title='bbox 846 1367 935 1396; x_wconf 88' lang='lat' dir='ltr'>non</span> <span class='ocrx_word' id='word_1_162' title='bbox 962 1361 1085 1396; x_wconf 83' lang='lat' dir='ltr'>curat</span> <span class='ocrx_word' id='word_1_163' title='bbox 1108 1352 1357 1411; x_wconf 69' lang='lat' dir='ltr'>praeterita?</span> <span class='ocrx_word' id='word_1_164' title='bbox 1382 1352 1451 1397; x_wconf 89' lang='lat' dir='ltr'>Sic</span> 
     </span>
     <span class='ocr_line' id='line_1_18' title="bbox 61 1421 1451 1482; baseline 0 -15"><span class='ocrx_word' id='word_1_165' title='bbox 61 1438 162 1468; x_wconf 88' lang='lat' dir='ltr'>eum</span> <span class='ocrx_word' id='word_1_166' title='bbox 184 1422 316 1482; x_wconf 84' lang='lat' dir='ltr'>dilige</span> <span class='ocrx_word' id='word_1_167' title='bbox 333 1421 672 1477; x_wconf 82' lang='lat' dir='ltr'>misericordem,</span> <span class='ocrx_word' id='word_1_168' title='bbox 689 1431 739 1466; x_wconf 89' lang='lat' dir='ltr'>ut</span> <span class='ocrx_word' id='word_1_169' title='bbox 749 1422 853 1467; x_wconf 84' lang='lat' dir='ltr'>velis</span> <span class='ocrx_word' id='word_1_170' title='bbox 879 1438 968 1467; x_wconf 84' lang='lat' dir='ltr'>esse</span> <span class='ocrx_word' id='word_1_171' title='bbox 989 1438 1210 1468; x_wconf 85' lang='lat' dir='ltr'>veracem:</span> <span class='ocrx_word' id='word_1_172' title='bbox 1228 1439 1317 1468; x_wconf 85' lang='lat' dir='ltr'>non</span> <span class='ocrx_word' id='word_1_173' title='bbox 1335 1423 1451 1467; x_wconf 88' lang='lat' dir='ltr'>enim</span> 
     </span>
     <span class='ocr_line' id='line_1_19' title="bbox 62 1491 1453 1554; baseline 0 -17"><span class='ocrx_word' id='word_1_174' title='bbox 62 1492 354 1538; x_wconf 85' lang='lat' dir='ltr'>misericordia</span> <span class='ocrx_word' id='word_1_175' title='bbox 388 1502 531 1553; x_wconf 85' lang='lat' dir='ltr'>potest</span> <span class='ocrx_word' id='word_1_176' title='bbox 554 1492 618 1536; x_wconf 89' lang='lat' dir='ltr'>illi</span> <span class='ocrx_word' id='word_1_177' title='bbox 654 1491 826 1537; x_wconf 85' lang='lat' dir='ltr'>auferre</span> <span class='ocrx_word' id='word_1_178' title='bbox 854 1493 1067 1553; x_wconf 77' lang='lat' dir='ltr'>justitiam</span> <span class='ocrx_word' id='word_1_179' title='bbox 1085 1528 1095 1548; x_wconf 88' lang='lat'><strong>‚</strong></span> <span class='ocrx_word' id='word_1_180' title='bbox 1124 1509 1267 1554; x_wconf 88' lang='lat' dir='ltr'>neque</span> <span class='ocrx_word' id='word_1_181' title='bbox 1285 1493 1453 1554; x_wconf 83' lang='lat' dir='ltr'>justitia</span> 
     </span>
     <span class='ocr_line' id='line_1_20' title="bbox 63 1563 1451 1625; baseline 0.001 -16"><span class='ocrx_word' id='word_1_182' title='bbox 63 1563 416 1610; x_wconf 82' lang='lat' dir='ltr'>misericordiam.</span> <span class='ocrx_word' id='word_1_183' title='bbox 453 1565 632 1609; x_wconf 88' lang='lat' dir='ltr'>Interim</span> <span class='ocrx_word' id='word_1_184' title='bbox 657 1563 856 1625; x_wconf 88' lang='lat' dir='ltr'>quandiu</span> <span class='ocrx_word' id='word_1_185' title='bbox 879 1564 953 1609; x_wconf 92' lang='lat' dir='ltr'>ille</span> <span class='ocrx_word' id='word_1_186' title='bbox 975 1565 1145 1620; x_wconf 81' lang='lat' dir='ltr'>differt,</span> <span class='ocrx_word' id='word_1_187' title='bbox 1175 1575 1223 1609; x_wconf 87' lang='lat' dir='ltr'>tu</span> <span class='ocrx_word' id='word_1_188' title='bbox 1247 1564 1337 1610; x_wconf 90' lang='lat' dir='ltr'>noli</span> <span class='ocrx_word' id='word_1_189' title='bbox 1361 1563 1451 1610; x_wconf 89' lang='lat' dir='ltr'>dif-</span> 
     </span>
     <span class='ocr_line' id='line_1_21' title="bbox 64 1633 1330 1696; baseline 0 -17"><span class='ocrx_word' id='word_1_190' title='bbox 64 1634 178 1680; x_wconf 87' lang='lat' dir='ltr'>serre</span> <span class='ocrx_word' id='word_1_191' title='bbox 198 1654 207 1680; x_wconf 90' lang='lat'>:</span> <span class='ocrx_word' id='word_1_192' title='bbox 228 1636 436 1696; x_wconf 85' lang='lat' dir='ltr'>quoniam</span> <span class='ocrx_word' id='word_1_193' title='bbox 460 1635 579 1694; x_wconf 81' lang='lat' dir='ltr'>virga</span> <span class='ocrx_word' id='word_1_194' title='bbox 602 1633 865 1690; x_wconf 85' lang='lat' dir='ltr'>directionis,</span> <span class='ocrx_word' id='word_1_195' title='bbox 889 1635 1009 1694; x_wconf 85' lang='lat' dir='ltr'>virga</span> <span class='ocrx_word' id='word_1_196' title='bbox 1036 1636 1158 1694; x_wconf 83' lang='lat' dir='ltr'>regni</span> <span class='ocrx_word' id='word_1_197' title='bbox 1183 1634 1330 1695; x_wconf 88' lang='lat' dir='ltr'>ipsius.</span> 
     </span>
     <span class='ocr_line' id='line_1_22' title="bbox 123 1704 1454 1766; baseline -0.002 -16"><span class='ocrx_word' id='word_1_198' title='bbox 123 1708 245 1750; x_wconf 85' lang='lat' dir='ltr'>XIX.</span> <span class='ocrx_word' id='word_1_199' title='bbox 276 1724 296 1748; x_wconf 90' lang='lat'>«</span> <span class='ocrx_word' id='word_1_200' title='bbox 317 1704 509 1750; x_wconf 78' lang='lat' dir='ltr'>Dilexisti</span> <span class='ocrx_word' id='word_1_201' title='bbox 527 1706 758 1765; x_wconf 81' lang='lat' dir='ltr'>justitiam,</span> <span class='ocrx_word' id='word_1_202' title='bbox 774 1717 818 1750; x_wconf 86' lang='lat' dir='ltr'>et</span> <span class='ocrx_word' id='word_1_203' title='bbox 841 1705 969 1750; x_wconf 89' lang='lat' dir='ltr'>odisti</span> <span class='ocrx_word' id='word_1_204' title='bbox 993 1706 1270 1766; x_wconf 82' lang='lat' dir='ltr'>iniquitatem</span> <span class='ocrx_word' id='word_1_205' title='bbox 1291 1725 1300 1750; x_wconf 74' lang='grc' dir='ltr'>ε</span> <span class='ocrx_word' id='word_1_206' title='bbox 1325 1721 1454 1766; x_wconf 86' lang='lat' dir='ltr'>prop-</span> 
     </span>
     <span class='ocr_line' id='line_1_23' title="bbox 67 1777 1456 1837; baseline 0.001 -18"><span class='ocrx_word' id='word_1_207' title='bbox 67 1795 89 1819; x_wconf 89' lang='lat'>»</span> <span class='ocrx_word' id='word_1_208' title='bbox 124 1786 240 1822; x_wconf 86' lang='lat' dir='ltr'>terea</span> <span class='ocrx_word' id='word_1_209' title='bbox 268 1777 394 1821; x_wconf 79' lang='lat' dir='ltr'>unxit</span> <span class='ocrx_word' id='word_1_210' title='bbox 419 1786 487 1832; x_wconf 80' lang='lat' dir='ltr'>te,</span> <span class='ocrx_word' id='word_1_211' title='bbox 527 1778 665 1832; x_wconf 83' lang='lat' dir='ltr'>Deus,</span> <span class='ocrx_word' id='word_1_212' title='bbox 694 1780 808 1821; x_wconf 91' lang='lat' dir='ltr'>Deus</span> <span class='ocrx_word' id='word_1_213' title='bbox 846 1778 994 1821; x_wconf 71' lang='lat' dir='ltr'>tuus3.</span> <span class='ocrx_word' id='word_1_214' title='bbox 1027 1795 1046 1818; x_wconf 90' lang='lat'>»</span> <span class='ocrx_word' id='word_1_215' title='bbox 1076 1781 1306 1837; x_wconf 83' lang='lat' dir='ltr'>Propterea</span> <span class='ocrx_word' id='word_1_216' title='bbox 1333 1778 1456 1822; x_wconf 79' lang='lat' dir='ltr'>unxit</span> 
     </span>
     <span class='ocr_line' id='line_1_24' title="bbox 65 1845 1456 1903; baseline -0.002 -13"><span class='ocrx_word' id='word_1_217' title='bbox 65 1856 131 1901; x_wconf 79' lang='lat' dir='ltr'>te,</span> <span class='ocrx_word' id='word_1_218' title='bbox 159 1855 210 1889; x_wconf 82' lang='lat' dir='ltr'>ut</span> <span class='ocrx_word' id='word_1_219' title='bbox 232 1845 431 1902; x_wconf 81' lang='lat' dir='ltr'>diligeres</span> <span class='ocrx_word' id='word_1_220' title='bbox 453 1847 668 1903; x_wconf 76' lang='lat' dir='ltr'>justiliam</span> <span class='ocrx_word' id='word_1_221' title='bbox 684 1877 695 1898; x_wconf 88' lang='lat'>,</span> <span class='ocrx_word' id='word_1_222' title='bbox 723 1856 766 1886; x_wconf 80' lang='lat' dir='ltr'>et</span> <span class='ocrx_word' id='word_1_223' title='bbox 789 1846 932 1887; x_wconf 76' lang='lat' dir='ltr'>odires</span> <span class='ocrx_word' id='word_1_224' title='bbox 958 1847 1249 1903; x_wconf 78' lang='lat' dir='ltr'>iniquitatem.</span> <span class='ocrx_word' id='word_1_225' title='bbox 1276 1851 1334 1892; x_wconf 82' lang='lat' dir='ltr'>Et</span> <span class='ocrx_word' id='word_1_226' title='bbox 1356 1848 1456 1893; x_wconf 80' lang='lat' dir='ltr'>vide</span> 
     </span>
     <span class='ocr_line' id='line_1_25' title="bbox 67 1913 1454 1978; baseline -0.003 -17"><span class='ocrx_word' id='word_1_227' title='bbox 67 1915 290 1978; x_wconf 87' lang='lat' dir='ltr'>quomodo</span> <span class='ocrx_word' id='word_1_228' title='bbox 315 1914 375 1958; x_wconf 85' lang='lat' dir='ltr'>ait</span> <span class='ocrx_word' id='word_1_229' title='bbox 398 1933 408 1958; x_wconf 72' lang='grc' dir='ltr'>ε</span> <span class='ocrx_word' id='word_1_230' title='bbox 440 1932 460 1955; x_wconf 92' lang='lat'>«</span> <span class='ocrx_word' id='word_1_231' title='bbox 487 1917 722 1972; x_wconf 86' lang='lat' dir='ltr'>Propterea</span> <span class='ocrx_word' id='word_1_232' title='bbox 746 1913 871 1957; x_wconf 86' lang='lat' dir='ltr'>unxit</span> <span class='ocrx_word' id='word_1_233' title='bbox 893 1922 936 1957; x_wconf 85' lang='lat' dir='ltr'>te</span> <span class='ocrx_word' id='word_1_234' title='bbox 952 1948 963 1969; x_wconf 89' lang='lat'>‚</span> <span class='ocrx_word' id='word_1_235' title='bbox 988 1916 1102 1957; x_wconf 90' lang='lat' dir='ltr'>Deus</span> <span class='ocrx_word' id='word_1_236' title='bbox 1120 1938 1137 1967; x_wconf 86' lang='lat'>‚-</span> <span class='ocrx_word' id='word_1_237' title='bbox 1156 1916 1271 1958; x_wconf 87' lang='lat' dir='ltr'>Deus</span> <span class='ocrx_word' id='word_1_238' title='bbox 1295 1923 1412 1960; x_wconf 88' lang='lat' dir='ltr'>tuus.</span> <span class='ocrx_word' id='word_1_239' title='bbox 1433 1934 1454 1957; x_wconf 85' lang='lat'>»</span> 
     </span>
     <span class='ocr_line' id='line_1_26' title="bbox 68 1983 1459 2042; baseline -0.001 -11"><span class='ocrx_word' id='word_1_240' title='bbox 68 1989 106 2031; x_wconf 92' lang='lat' dir='ltr'>O</span> <span class='ocrx_word' id='word_1_241' title='bbox 127 1996 175 2031; x_wconf 88' lang='lat' dir='ltr'>tu</span> <span class='ocrx_word' id='word_1_242' title='bbox 196 1989 332 2040; x_wconf 84' lang='lat' dir='ltr'>Deus,</span> <span class='ocrx_word' id='word_1_243' title='bbox 348 1984 472 2028; x_wconf 86' lang='lat' dir='ltr'>unxit</span> <span class='ocrx_word' id='word_1_244' title='bbox 495 1993 538 2028; x_wconf 82' lang='lat' dir='ltr'>te</span> <span class='ocrx_word' id='word_1_245' title='bbox 559 1987 673 2028; x_wconf 91' lang='lat' dir='ltr'>Deus</span> <span class='ocrx_word' id='word_1_246' title='bbox 694 1992 810 2028; x_wconf 87' lang='lat' dir='ltr'>tuus.</span> <span class='ocrx_word' id='word_1_247' title='bbox 837 1986 952 2028; x_wconf 90' lang='lat' dir='ltr'>Deus</span> <span class='ocrx_word' id='word_1_248' title='bbox 973 1983 1153 2042; x_wconf 81' lang='lat' dir='ltr'>ungitur</span> <span class='ocrx_word' id='word_1_249' title='bbox 1175 2000 1199 2028; x_wconf 88' lang='lat' dir='ltr'>a</span> <span class='ocrx_word' id='word_1_250' title='bbox 1220 1987 1325 2029; x_wconf 91' lang='lat' dir='ltr'>Deo.</span> <span class='ocrx_word' id='word_1_251' title='bbox 1351 1988 1459 2031; x_wconf 86' lang='lat' dir='ltr'>Etc-</span> 
     </span>
     <span class='ocr_line' id='line_1_27' title="bbox 71 2053 1459 2115; baseline 0 -14"><span class='ocrx_word' id='word_1_252' title='bbox 71 2057 163 2102; x_wconf 91' lang='lat' dir='ltr'>nim</span> <span class='ocrx_word' id='word_1_253' title='bbox 190 2056 238 2100; x_wconf 86' lang='lat' dir='ltr'>in</span> <span class='ocrx_word' id='word_1_254' title='bbox 266 2054 403 2099; x_wconf 89' lang='lat' dir='ltr'>latino</span> <span class='ocrx_word' id='word_1_255' title='bbox 425 2063 606 2114; x_wconf 82' lang='lat' dir='ltr'>putatur</span> <span class='ocrx_word' id='word_1_256' title='bbox 637 2054 754 2098; x_wconf 89' lang='lat' dir='ltr'>idem</span> <span class='ocrx_word' id='word_1_257' title='bbox 782 2069 905 2098; x_wconf 88' lang='lat' dir='ltr'>casus</span> <span class='ocrx_word' id='word_1_258' title='bbox 930 2053 1117 2099; x_wconf 88' lang='lat' dir='ltr'>nominis</span> <span class='ocrx_word' id='word_1_259' title='bbox 1142 2055 1351 2115; x_wconf 86' lang='lat' dir='ltr'>repetitus</span> <span class='ocrx_word' id='word_1_260' title='bbox 1377 2075 1385 2101; x_wconf 89' lang='grc'>;</span> <span class='ocrx_word' id='word_1_261' title='bbox 1413 2057 1459 2101; x_wconf 90' lang='lat' dir='ltr'>in</span> 
     </span>
     <span class='ocr_line' id='line_1_28' title="bbox 70 2122 1460 2186; baseline 0 -15"><span class='ocrx_word' id='word_1_262' title='bbox 70 2141 211 2186; x_wconf 83' lang='lat' dir='ltr'>graeco</span> <span class='ocrx_word' id='word_1_263' title='bbox 234 2134 381 2169; x_wconf 78' lang='lat' dir='ltr'>autem</span> <span class='ocrx_word' id='word_1_264' title='bbox 401 2122 722 2168; x_wconf 79' lang='lat' dir='ltr'>evidentissima</span> <span class='ocrx_word' id='word_1_265' title='bbox 744 2122 967 2168; x_wconf 82' lang='lat' dir='ltr'>distinctio</span> <span class='ocrx_word' id='word_1_266' title='bbox 990 2133 1069 2180; x_wconf 81' lang='lat' dir='ltr'>est,</span> <span class='ocrx_word' id='word_1_267' title='bbox 1094 2125 1196 2185; x_wconf 87' lang='lat' dir='ltr'>quia</span> <span class='ocrx_word' id='word_1_268' title='bbox 1218 2142 1359 2170; x_wconf 88' lang='lat' dir='ltr'>unum</span> <span class='ocrx_word' id='word_1_269' title='bbox 1376 2142 1460 2171; x_wconf 86' lang='lat' dir='ltr'>no·-</span> 
     </span>
     <span class='ocr_line' id='line_1_29' title="bbox 69 2193 1463 2257; baseline -0.001 -15"><span class='ocrx_word' id='word_1_270' title='bbox 69 2213 173 2242; x_wconf 90' lang='lat' dir='ltr'>men</span> <span class='ocrx_word' id='word_1_271' title='bbox 194 2205 259 2241; x_wconf 84' lang='lat' dir='ltr'>cst</span> <span class='ocrx_word' id='word_1_272' title='bbox 279 2195 401 2256; x_wconf 91' lang='lat' dir='ltr'>quod</span> <span class='ocrx_word' id='word_1_273' title='bbox 423 2193 725 2254; x_wconf 84' lang='lat' dir='ltr'>compellatur,</span> <span class='ocrx_word' id='word_1_274' title='bbox 744 2204 788 2238; x_wconf 87' lang='lat' dir='ltr'>et</span> <span class='ocrx_word' id='word_1_275' title='bbox 806 2194 991 2239; x_wconf 88' lang='lat' dir='ltr'>alterum</span> <span class='ocrx_word' id='word_1_276' title='bbox 1017 2195 1073 2239; x_wconf 81' lang='lat' dir='ltr'>ab</span> <span class='ocrx_word' id='word_1_277' title='bbox 1091 2210 1142 2240; x_wconf 85' lang='lat' dir='ltr'>eo</span> <span class='ocrx_word' id='word_1_278' title='bbox 1166 2196 1243 2256; x_wconf 85' lang='lat' dir='ltr'>qui</span> <span class='ocrx_word' id='word_1_279' title='bbox 1265 2197 1463 2257; x_wconf 85' lang='lat' dir='ltr'>compel-</span> 
     </span>
     <span class='ocr_line' id='line_1_30' title="bbox 71 2265 1459 2323; baseline -0.003 -10"><span class='ocrx_word' id='word_1_280' title='bbox 71 2267 159 2323; x_wconf 84' lang='lat' dir='ltr'>lat,</span> <span class='ocrx_word' id='word_1_281' title='bbox 180 2285 200 2309; x_wconf 91' lang='lat'>«</span> <span class='ocrx_word' id='word_1_282' title='bbox 215 2266 346 2311; x_wconf 85' lang='lat' dir='ltr'>Unxit</span> <span class='ocrx_word' id='word_1_283' title='bbox 367 2274 410 2310; x_wconf 86' lang='lat' dir='ltr'>te</span> <span class='ocrx_word' id='word_1_284' title='bbox 434 2268 563 2310; x_wconf 86' lang='lat' dir='ltr'>Deus.</span> <span class='ocrx_word' id='word_1_285' title='bbox 582 2266 652 2309; x_wconf 90' lang='lat' dir='ltr'>»O</span> <span class='ocrx_word' id='word_1_286' title='bbox 678 2273 767 2309; x_wconf 86' lang='lat' dir='ltr'>tu«</span> <span class='ocrx_word' id='word_1_287' title='bbox 793 2269 922 2320; x_wconf 83' lang='lat' dir='ltr'>Deus,</span> <span class='ocrx_word' id='word_1_288' title='bbox 948 2265 1073 2308; x_wconf 83' lang='lat' dir='ltr'>unxit</span> <span class='ocrx_word' id='word_1_289' title='bbox 1094 2274 1136 2309; x_wconf 87' lang='lat' dir='ltr'>te</span> <span class='ocrx_word' id='word_1_290' title='bbox 1154 2268 1269 2311; x_wconf 91' lang='lat' dir='ltr'>Deus</span> <span class='ocrx_word' id='word_1_291' title='bbox 1293 2276 1418 2312; x_wconf 83' lang='lat' dir='ltr'>tuus:</span> <span class='ocrx_word' id='word_1_292' title='bbox 1437 2286 1459 2310; x_wconf 87' lang='lat'>»</span> 
     </span>
     <span class='ocr_line' id='line_1_31' title="bbox 73 2335 1466 2398; baseline 0 -16"><span class='ocrx_word' id='word_1_293' title='bbox 73 2336 298 2398; x_wconf 89' lang='lat' dir='ltr'>quomodo</span> <span class='ocrx_word' id='word_1_294' title='bbox 314 2335 349 2381; x_wconf 90' lang='lat' dir='ltr'>si</span> <span class='ocrx_word' id='word_1_295' title='bbox 371 2335 560 2380; x_wconf 86' lang='lat' dir='ltr'>diceret:</span> <span class='ocrx_word' id='word_1_296' title='bbox 582 2338 814 2395; x_wconf 84' lang='lat' dir='ltr'>Propterea</span> <span class='ocrx_word' id='word_1_297' title='bbox 836 2335 962 2380; x_wconf 77' lang='lat' dir='ltr'>unxit</span> <span class='ocrx_word' id='word_1_298' title='bbox 986 2344 1028 2379; x_wconf 88' lang='lat' dir='ltr'>te</span> <span class='ocrx_word' id='word_1_299' title='bbox 1044 2370 1055 2390; x_wconf 87' lang='lat'>‚</span> <span class='ocrx_word' id='word_1_300' title='bbox 1081 2351 1107 2380; x_wconf 94' lang='lat' dir='ltr'>o</span> <span class='ocrx_word' id='word_1_301' title='bbox 1129 2345 1178 2380; x_wconf 90' lang='lat' dir='ltr'>tu</span> <span class='ocrx_word' id='word_1_302' title='bbox 1200 2340 1329 2393; x_wconf 78' lang='lat' dir='ltr'>Deus,</span> <span class='ocrx_word' id='word_1_303' title='bbox 1350 2341 1466 2383; x_wconf 89' lang='lat' dir='ltr'>Deus</span> 
     </span>
     <span class='ocr_line' id='line_1_32' title="bbox 75 2405 1468 2465; baseline 0 -12"><span class='ocrx_word' id='word_1_304' title='bbox 75 2418 192 2453; x_wconf 81' lang='lat' dir='ltr'>tuus.</span> <span class='ocrx_word' id='word_1_305' title='bbox 221 2406 289 2452; x_wconf 91' lang='lat' dir='ltr'>Sic</span> <span class='ocrx_word' id='word_1_306' title='bbox 313 2406 493 2465; x_wconf 83' lang='lat' dir='ltr'>accipite</span> <span class='ocrx_word' id='word_1_307' title='bbox 511 2438 523 2461; x_wconf 87' lang='lat'><strong>‚</strong></span> <span class='ocrx_word' id='word_1_308' title='bbox 547 2405 607 2450; x_wconf 90' lang='lat' dir='ltr'>sic</span> <span class='ocrx_word' id='word_1_309' title='bbox 629 2405 861 2465; x_wconf 83' lang='lat' dir='ltr'>intelligite</span> <span class='ocrx_word' id='word_1_310' title='bbox 876 2441 887 2462; x_wconf 87' lang='lat'>‚</span> <span class='ocrx_word' id='word_1_311' title='bbox 911 2406 970 2451; x_wconf 91' lang='lat' dir='ltr'>sic</span> <span class='ocrx_word' id='word_1_312' title='bbox 992 2406 1035 2450; x_wconf 89' lang='lat' dir='ltr'>in</span> <span class='ocrx_word' id='word_1_313' title='bbox 1062 2423 1203 2465; x_wconf 81' lang='lat' dir='ltr'>graeco</span> <span class='ocrx_word' id='word_1_314' title='bbox 1229 2408 1468 2454; x_wconf 82' lang='lat' dir='ltr'>evidentis-</span> 
     </span>
     <span class='ocr_line' id='line_1_33' title="bbox 76 2476 1472 2536; baseline 0.001 -11"><span class='ocrx_word' id='word_1_315' title='bbox 76 2480 232 2525; x_wconf 86' lang='lat' dir='ltr'>simum</span> <span class='ocrx_word' id='word_1_316' title='bbox 254 2486 333 2522; x_wconf 87' lang='lat' dir='ltr'>est.</span> <span class='ocrx_word' id='word_1_317' title='bbox 362 2479 478 2535; x_wconf 85' lang='lat' dir='ltr'>Ergo</span> <span class='ocrx_word' id='word_1_318' title='bbox 499 2476 596 2536; x_wconf 89' lang='lat' dir='ltr'>quis</span> <span class='ocrx_word' id='word_1_319' title='bbox 620 2486 684 2522; x_wconf 85' lang='lat' dir='ltr'>est</span> <span class='ocrx_word' id='word_1_320' title='bbox 706 2480 820 2522; x_wconf 91' lang='lat' dir='ltr'>Deus</span> <span class='ocrx_word' id='word_1_321' title='bbox 842 2486 1001 2522; x_wconf 87' lang='lat' dir='ltr'>unctus</span> <span class='ocrx_word' id='word_1_322' title='bbox 1024 2493 1047 2522; x_wconf 87' lang='lat' dir='ltr'>a</span> <span class='ocrx_word' id='word_1_323' title='bbox 1072 2480 1200 2531; x_wconf 76' lang='lat' dir='ltr'>Deo?</span> <span class='ocrx_word' id='word_1_324' title='bbox 1212 2480 1368 2526; x_wconf 89' lang='lat' dir='ltr'>Dicant</span> <span class='ocrx_word' id='word_1_325' title='bbox 1389 2496 1472 2527; x_wconf 90' lang='lat' dir='ltr'>no-</span> 
     </span>
    </p>
   </div>
   <div class='ocr_carea' id='block_1_3' title="bbox 129 2561 989 2605">
    <p class='ocr_par' dir='ltr' id='par_1_3' title="bbox 129 2561 989 2605">
     <span class='ocr_line' id='line_1_34' title="bbox 129 2561 989 2605; baseline 0 -9"><span class='ocrx_word' id='word_1_326' title='bbox 129 2572 138 2588; x_wconf 90' lang='lat'>¹</span> <span class='ocrx_word' id='word_1_327' title='bbox 161 2563 229 2596; x_wconf 78' lang='lat' dir='ltr'>Psal</span> <span class='ocrx_word' id='word_1_328' title='bbox 255 2573 341 2605; x_wconf 71' lang='lat' dir='ltr'>xvrx,</span> <span class='ocrx_word' id='word_1_329' title='bbox 359 2573 392 2605; x_wconf 81' lang='lat'>9.</span> <span class='ocrx_word' id='word_1_330' title='bbox 421 2578 462 2585; x_wconf 91' lang='lat'>-—-</span> <span class='ocrx_word' id='word_1_331' title='bbox 483 2568 496 2584; x_wconf 89' lang='lat'>²</span> <span class='ocrx_word' id='word_1_332' title='bbox 513 2561 560 2594; x_wconf 86' lang='lat' dir='ltr'>ld.</span> <span class='ocrx_word' id='word_1_333' title='bbox 585 2573 615 2603; x_wconf 79' lang='lat' dir='ltr'>L,</span> <span class='ocrx_word' id='word_1_334' title='bbox 631 2561 663 2595; x_wconf 88' lang='grc'>5.</span> <span class='ocrx_word' id='word_1_335' title='bbox 686 2578 724 2585; x_wconf 68' lang='lat'>—</span> <span class='ocrx_word' id='word_1_336' title='bbox 751 2561 829 2596; x_wconf 78' lang='lat' dir='ltr'>³1d.</span> <span class='ocrx_word' id='word_1_337' title='bbox 850 2574 936 2604; x_wconf 71' lang='grc' dir='ltr'>κων,</span> <span class='ocrx_word' id='word_1_338' title='bbox 956 2563 989 2596; x_wconf 90' lang='grc'>8.</span> 
     </span>
    </p>
   </div>
  </div>
 </body>
</html>
