1841 3223
399 260 648 293 ENARRATIO
680 262 725 291 ΙΝ
758 259 963 289 PSALMUM
996 261 1052 288 LI.
1342 246 1421 285 471

46 338 136 380 erat
167 328 412 388 benignitas
432 364 443 383 ,
467 328 605 388 ipsam
633 327 846 386 diligeres.
879 329 978 372 Non
1005 326 1121 370 enim
1144 325 1308 386 aliquid
1336 340 1427 369 eras
1452 348 1456 351 -

45 408 323 459 erogaturus,
349 408 424 446 aut
449 398 568 459 quod
591 398 791 457 diligeres
813 397 868 441 de
888 396 1134 457 longinqua
1153 396 1429 455 navigatione

45 470 253 521 allaturus
276 485 383 516 eras.
405 468 652 525 Benignitas
674 477 775 512 ante
788 477 846 522 te,
867 468 1071 527 iniquitas
1090 477 1190 511 ante
1211 476 1254 511 te
1275 486 1284 511 2
1309 482 1430 512 com-

44 556 171 601 para,
197 549 241 590 et
261 539 384 597 elige.
412 539 497 584 Sed
515 539 628 584 forte
652 539 784 586 habes
809 537 986 582 oculum
1008 554 1096 598 quo
1112 538 1255 582 videas
1280 537 1430 596 malig-

46 610 226 660 nitatem.
241 645 252 663 ‚
280 619 324 654 et
345 625 434 657 non
462 609 595 653 habes
616 608 793 654 oculum
815 624 904 668 quo
926 608 1071 652 videas
1096 608 1426 667 benignitatem.

46 682 123 730 Vae
149 680 301 740 iniquo
329 679 465 727 cordi.
503 678 631 732 Quod
658 680 779 739 pejus
806 687 894 732 est,
925 678 1079 723 avertit
1105 693 1177 732 se,
1204 694 1260 722 ne
1285 677 1432 723 videat

45 750 167 810 quod
188 749 334 801 videre
350 758 506 809 potest.
523 748 640 803 Quid
654 750 768 793 enim
786 747 840 793 de
862 747 1021 792 talibus
1041 747 1125 792 alio
1145 747 1243 792 loco
1265 747 1432 801 dictum

46 822 134 865 est?
161 838 180 861 «
194 818 346 871 Noluit
359 818 599 878 intelligere
612 828 662 867 ut
675 819 786 871 bene
803 827 961 877 ageret.
983 835 1001 859 »
1021 820 1118 862 Non
1135 818 1250 861 enim
1264 816 1432 861 dictum

46 900 135 945 est,
159 893 256 942 Non
274 891 442 950 potuit,
466 891 542 935 sed
569 890 764 943 «Noluit,
791 889 957 950 inquit,
975 888 1226 947 ‘intelligere
1249 897 1298 932 ut
1321 888 1434 931 bene

49 980 71 1015 »2
106 970 250 1019 ageret
264 995 275 1015 ,
296 978 316 1002 »
341 959 496 1009 elausit
513 960 661 1005 oeulos
684 977 706 1004 a
728 959 826 1004 luce
847 959 1062 1019 praesenti.
1082 962 1138 1003 Et
1160 958 1267 1018 quid
1289 958 1437 1018 sequi-

46 1033 147 1085 tur?
173 1049 194 1078 (ς
209 1030 491 1090 Iniquitatem
512 1029 747 1079 meditatus
762 1030 883 1075 estin
907 1029 1041 1073 cubili
1062 1031 1181 1083 suo1,
1200 1047 1220 1070 »
1246 1029 1330 1073 hoe
1351 1037 1431 1082 est,

48 1101 93 1155 in
124 1100 328 1153 interiore
366 1110 531 1147 secreto
565 1100 706 1145 cordis
730 1100 810 1144 sui.
837 1098 939 1145 Tale
969 1098 1076 1158 quid
1099 1099 1302 1158 objicitur
1330 1098 1434 1143 huic

48 1172 194 1217 Doech
230 1171 452 1227 Idumaeo,
490 1171 681 1230 maligno
709 1171 905 1230 corpori,
941 1171 1080 1215 motui
1113 1180 1313 1225 terreno,
1343 1185 1432 1214 non

48 1241 337 1302 permanenti,
354 1257 443 1293 non
461 1241 642 1293 coelesti.
664 1260 684 1283 «
703 1240 894 1285 Dilexisti
913 1240 1120 1286 malitiam
1141 1256 1269 1301 super
1286 1240 1437 1299 benig-

52 1330 73 1356 ».
90 1312 284 1357 nitatem.
301 1330 320 1352 »
341 1315 451 1357 Nam
468 1312 531 1356 vis
553 1327 677 1355 nosse
705 1326 837 1370 quam
851 1310 997 1355 videat
1018 1311 1156 1355 malus
1179 1320 1435 1370 utrumque,

48 1391 92 1437 et
128 1382 237 1426 illud
268 1382 412 1442 potius
450 1382 605 1441 eligat,
647 1381 749 1425 hine
788 1374 831 1424 se
866 1383 1061 1425 avertat?
1103 1384 1246 1435 Quare
1279 1380 1438 1425 elamat

48 1451 227 1513 quaudo
262 1451 412 1512 inique
449 1451 615 1512 aliquid
657 1452 845 1511 patitur?
884 1453 1027 1504 Quare
1064 1461 1170 1495 tune
1211 1459 1438 1510 exaggerat

48 1533 262 1583 quantum
286 1532 427 1583 potest
453 1523 727 1583 iniquitatem
743 1557 753 1577 ,
776 1532 820 1566 et
841 1521 992 1566 laudat
1014 1522 1438 1581 benignitatem,'re-

47 1593 321 1654 prehendens
344 1609 445 1639 eum
466 1594 604 1653 quiin
625 1591 700 1636 illo
722 1602 922 1652 operatus
944 1602 1007 1637 est
1029 1592 1340 1650 malignitatem
1366 1609 1438 1636 su-

48 1681 126 1725 per
145 1665 483 1722 benignitatem?
507 1665 569 1709 Sit
597 1679 700 1722 ergo
726 1664 875 1722 regula
898 1663 979 1707 sibi
1002 1662 1058 1707 ad
1079 1663 1316 1707 vivendum
1347 1683 1355 1707 :
1383 1663 1438 1707 de

50 1752 94 1780 se
125 1736 217 1795 ipso
237 1734 521 1795 judicabitur.
551 1738 685 1783 Porro
714 1734 748 1778 si
786 1733 914 1778 saciat
946 1733 1068 1794 quod
1096 1734 1304 1792 seriptum
1332 1743 1394 1778 est
1426 1753 1434 1778 :

55 1825 76 1848 «
109 1805 267 1863 Diliges
294 1805 539 1864 proximum
578 1814 704 1852 tuum
738 1813 946 1864 tanquam
977 1814 1020 1848 te
1048 1804 1192 1863 ipsum
1212 1806 1229 1829 ²
1265 1824 1273 1849 :
1298 1823 1317 1845 »
1357 1806 1436 1859 Et,

56 1894 74 1916 «
110 1878 218 1929 Quae
237 1875 368 1930 vultis
392 1883 442 1927 ut
471 1874 634 1918 faciant
655 1874 774 1918 vobis
795 1874 993 1919 homines
1013 1875 1125 1919 bona
1139 1910 1149 1929 ,
1182 1875 1278 1919 haee
1301 1884 1343 1918 et
1364 1890 1440 1918 vos

55 1964 76 1987 »
112 1945 239 1990 facite
258 1944 342 1989 illis
357 1946 372 1971 3
388 1965 399 2002 3
418 1964 438 1986 »
471 1944 589 2004 apud
608 1960 651 1988 se
673 1945 808 1988 habet
828 1944 946 1988 unde
969 1946 1163 2000 noverit,
1197 1945 1298 2005 quia
1321 1944 1442 2005 quod

52 2017 99 2072 in
121 2031 164 2060 se
196 2031 285 2059 non
315 2014 413 2060 vult
432 2015 551 2069 fieri,
576 2031 666 2062 non
688 2014 820 2059 debet
841 2015 981 2060 faeere
1010 2015 1177 2060 alteri4.
1209 2035 1224 2055 «
1248 2015 1441 2060 Dilexisti

57 2104 77 2141 η
111 2085 321 2138 malitiam
360 2100 489 2144 super
530 2085 860 2143 benignitatem.
885 2103 905 2126 n
944 2085 1098 2146 Inique
1114 2121 1124 2140 ,
1164 2085 1411 2130 inordinate
1428 2120 1438 2139 ,

54 2171 252 2216 perverse
264 2156 327 2210 vis
343 2153 487 2209 levare
503 2170 658 2215 aquam
678 2170 808 2214 super
825 2155 970 2199 oleum
988 2176 998 2212 3
1018 2154 1296 2214 demergetur
1310 2171 1439 2216 aqua,

55 2227 200 2282 oleum
221 2225 575 2286 supereminebit.
599 2229 764 2270 Ponere
781 2225 844 2269 vis
865 2225 945 2269 sub
960 2225 1150 2270 tenebris
1171 2225 1313 2269 lucem
1342 2245 1350 2270 z
1376 2225 1443 2269 fu-

57 2297 276 2357 gabuntur
298 2297 511 2351 tenebrae,
536 2296 610 2340 lux
633 2297 839 2344 manebit.
865 2299 1002 2356 Super
1024 2295 1188 2341 eoelum
1205 2306 1363 2340 terram
1381 2298 1444 2341 vis

57 2368 296 2423 collocare,
326 2366 520 2427 pondere
545 2383 623 2417 suo
656 2367 782 2412 cadet
810 2376 922 2412 terra
953 2368 998 2411 in
1027 2368 1172 2412 locum
1199 2374 1341 2411 suum.
1377 2371 1445 2412 Tu

58 2453 159 2497 ergo
174 2439 377 2499 mergeris
394 2438 617 2496 diligendo
631 2438 838 2487 malitiam
851 2438 1316 2497 superbenignitatem.
1333 2441 1444 2484 Nam

108 2542 116 2558 ¹
138 2534 221 2567 Psal.
250 2545 335 2567 xxxv
352 2559 360 2575 ‚
385 2534 418 2576 4,
437 2534 469 2566 5.
490 2551 532 2558 -
561 2541 574 2557 ²
591 2535 705 2567 Matth.
725 2545 811 2574 xxn,
830 2534 883 2575 39.
909 2551 951 2557 -
974 2530 987 2555 ³
1008 2534 1056 2566 Id.
1076 2546 1119 2566 vn
1134 2560 1142 2576 ,
1167 2544 1215 2567 12.
1244 2534 1444 2566 —4'r011iae

61 2601 103 2627 v,
131 2590 181 2622 16.
