1841 3223
315 214 396 250 552
742 226 774 252 s.
813 223 1043 251 Ano-usum
1077 224 1258 251 Episcopi

312 289 471 347 rapiat,
506 304 706 348 quserens
731 288 839 349 quid
871 298 1042 333 accuset
1077 297 1153 333 aut
1179 289 1287 350 quid
1309 289 1552 350 vituperet,
1576 290 1698 334 inco-

312 359 400 402 lere.
422 359 576 413 intrat,
612 374 701 403 non
734 360 978 404 inhabitare
1009 369 1051 403 ct
1082 375 1369 419 perseverare.
1395 363 1484 406 Nec
1505 362 1607 405 istos
1634 369 1700 404 ta-

311 444 414 473 men
450 431 680 474 timeamus
698 466 708 485 ,
742 430 922 476 fratres:
952 450 973 474 «
1001 435 1050 475 In
1081 435 1169 476 Deo
1207 432 1400 492 speravi,
1426 447 1516 477 non
1538 432 1702 476 timebo

314 516 335 540 »
372 500 482 560 quid
503 498 633 544 faciat
660 501 766 544 mihi
800 516 900 545 caro
918 504 948 545 ¹.
978 520 998 543 »
1025 502 1117 545 Etsi
1141 501 1366 557 incolunt,
1403 503 1480 547 etsi
1513 502 1700 557 intrant,

311 572 392 615 etsi
420 572 614 629 fingunt,
652 572 730 616 etsi
760 571 1060 627 abscondunt,
1098 588 1198 616 caro
1220 581 1351 617 sunt:
1377 581 1426 617 tu
1450 573 1496 616 in
1518 572 1704 617 Domino

312 656 459 699 spera,
498 641 608 685 nibil
636 641 716 685 tibi
751 642 881 687 saciet
908 658 1023 686 caro.
1059 642 1144 686 Sed
1180 642 1314 687 infert
1346 642 1702 699 tribulationem,

313 710 448 756 infert
470 712 845 757 conculcationem
866 715 883 756 Ξ)
906 711 1085 757 Accedit
1106 712 1281 768 vinum,
1313 714 1414 774 quia
1440 729 1525 758 uva
1542 713 1706 774 premi-

312 793 401 828 tur.
425 782 667 827 Tribulatio
701 792 775 826 tua
804 781 1074 828 infructuosa
1099 799 1189 828 non
1210 785 1320 829 erit:
1359 784 1467 829 alter
1487 784 1607 828 videt
1635 793 1704 840 te,

313 853 510 897 imitatur
533 863 608 898 te:
645 854 748 914 quia
776 863 819 898 et
851 863 901 898 tu
937 863 987 898 ut
1018 854 1202 898 disceres
1234 853 1365 899 talem
1403 853 1538 911 ferre,
1576 863 1708 914 caput

314 934 443 968 tuum
472 924 791 984 contemplatus
809 941 852 969 es
868 961 880 980 ,
904 925 1081 970 botrum
1104 925 1230 969 illum
1253 926 1442 985 primum
1461 962 1472 981 ,
1499 925 1555 970 ad
1576 941 1709 986 quem

313 995 494 1040 intravit
521 997 654 1040 homo
676 1005 727 1041 ut
757 996 948 1052 videret,
974 996 1179 1052 incoluit,
1206 1005 1249 1040 et
1272 996 1502 1042 abscondit
1524 996 1710 1041 traditor

315 1066 466 1112 Judas.
508 1068 670 1112 Omnes
693 1082 794 1126 ergo
816 1069 918 1113 ficto
952 1068 1098 1112 animo
1121 1069 1332 1112 intrantes
1354 1104 1364 1124 ,
1390 1068 1629 1112 incolentes
1666 1077 1710 1112 et

313 1138 632 1183 abscondentes
656 1137 745 1183 noli
768 1139 934 1183 timere.
971 1143 1099 1183 Pater
1121 1139 1317 1199 ipsorum
1340 1141 1363 1182 J
1369 1139 1476 1183 udas
1498 1154 1599 1183 cum
1622 1142 1711 1183 Do-

314 1211 436 1255 mino
464 1219 541 1254 tuo
575 1209 658 1254 fuit
680 1229 687 1254 :
714 1219 757 1255 ct
779 1209 851 1254 ille
875 1209 1053 1270 quidem
1082 1220 1263 1255 noverat
1291 1226 1393 1254 eum
1410 1245 1421 1266 ,
1455 1225 1711 1271 quanquam

316 1284 336 1325 J
347 1280 452 1325 udas
475 1280 658 1325 traditor
679 1280 900 1325 incolebat
917 1290 959 1325 et
982 1281 1295 1337 abscondebat,
1315 1291 1463 1326 tamen
1481 1298 1555 1326 cor
1578 1282 1710 1341 ipsius

316 1351 503 1396 Domino
541 1367 684 1395 rerum
718 1352 897 1410 patebat
922 1371 930 1395 :
957 1352 1092 1395 sciens
1130 1351 1203 1395 ille
1241 1351 1371 1410 elegit
1398 1367 1539 1396 unum
1557 1387 1568 1407 ,
1593 1351 1712 1395 unde

317 1422 397 1465 tibi
416 1420 618 1465 solatium
641 1420 802 1466 faceret
820 1422 1038 1465 nescituro
1061 1438 1170 1481 quos
1192 1421 1371 1466 devites.
1406 1425 1579 1466 Poterat
1597 1422 1713 1465 enim

316 1492 391 1536 ille
414 1509 503 1536 non
526 1492 685 1551 eligere
708 1491 892 1547 Judam,
920 1492 1022 1552 quia
1041 1502 1221 1536 noverat
1243 1492 1403 1537 Judam
1432 1512 1440 1538 :
1473 1493 1532 1537 ait
1549 1493 1713 1553 quippe

317 1563 549 1623 Discipulis
571 1583 579 1608 :
616 1583 636 1605 «
661 1566 816 1608 Nonne
839 1578 918 1620 ego
940 1579 1015 1608 vos
1037 1563 1273 1608 duodecim
1310 1564 1440 1623 elegi,
1465 1573 1508 1608 et
1527 1580 1641 1608 unus
1663 1579 1714 1608 ex

319 1652 340 1676 >›
376 1634 500 1678 vobis
538 1633 740 1677 diabolus
769 1637 889 1677 est2‘?
916 1651 935 1675 ³)
969 1635 1086 1693 Ergo
1120 1643 1164 1678 et
1194 1633 1394 1679 diabolus
1423 1633 1586 1679 electus
1616 1636 1715 1679 est?

316 1708 408 1750 Aut
425 1705 458 1748 si
476 1704 638 1748 electus
659 1720 749 1748 non
770 1713 850 1757 est,
875 1705 1098 1764 quomodo
1121 1704 1355 1749 duodecim
1378 1704 1532 1762 elegit,
1560 1714 1603 1749 et
1624 1720 1715 1749 non

315 1775 462 1834 potius
490 1774 727 1818 undecim?
762 1773 939 1818 Electus
962 1784 1005 1818 et
1027 1774 1100 1818 ille
1121 1784 1206 1829 est,
1233 1774 1309 1819 sed
1331 1774 1387 1819 ad
1409 1774 1543 1819 aliud.
1575 1775 1714 1820 Electi

317 1846 524 1891 undecim
547 1846 602 1890 ad
625 1862 734 1905 opus
756 1846 1044 1905 probationis,
1072 1846 1234 1890 electus
1263 1863 1377 1891 unus
1406 1848 1463 1891 ad
1486 1863 1594 1907 opus
1617 1857 1712 1892 ten-

316 1918 507 1962 tationis.
549 1917 675 1962 Unde
702 1917 836 1977 possit
863 1917 944 1961 tibi
962 1916 1213 1977 exemplum
1243 1918 1346 1962 dare
1368 1919 1586 1963 nescituro
1605 1935 1715 1980 quos

317 1989 481 2034 devites
504 1987 662 2044 malos,
695 2004 804 2049 quos
827 2004 976 2032 caveas
1008 1988 1136 2033 falsos
1160 1999 1203 2033 et
1224 1989 1347 2035 fictos
1364 2026 1374 2046 ,
1402 1990 1640 2035 incolentes
1672 2000 1715 2036 et

318 2058 658 2113 abscondentes,
685 2058 766 2102 nisi
789 2068 839 2102 ut
855 2058 972 2103 dicat
995 2059 1075 2103 tibi
1099 2079 1106 2105 :
1129 2063 1243 2104 Ecce
1279 2076 1361 2120 ego
1383 2076 1556 2106 mecum
1580 2061 1715 2105 habui

317 2144 458 2173 unum
486 2129 708 2188 ipsorum?
730 2129 949 2188 praecessit
976 2130 1223 2190 exemplum
1240 2166 1251 2187 ,
1286 2130 1495 2186 toleravi,
1522 2131 1715 2192 perferre

317 2200 436 2244 volui
459 2199 578 2260 quod
597 2200 803 2255 sciebam,
821 2209 871 2243 ut
893 2200 973 2243 tibi
995 2202 1203 2245 nescienti
1226 2202 1467 2262 praeberem
1494 2201 1711 2247 solatium.

318 2271 450 2326 Quod
472 2271 580 2314 mihi
600 2270 724 2325 fecit,
750 2272 834 2316 hoc
852 2270 983 2316 faciet
1005 2281 1048 2316 et
1066 2273 1146 2316 tibi
1168 2293 1176 2317 z
1202 2283 1252 2317 ut
1272 2273 1464 2318 multum
1486 2275 1640 2335 possit,
1666 2283 1716 2319 ut

317 2343 509 2387 multum
534 2343 709 2397 saeviat,
736 2352 1017 2387 accusaturus
1052 2354 1141 2399 cst,
1171 2344 1275 2389 falsa
1308 2345 1489 2390 crimina
1518 2345 1715 2390 dicturus

317 2422 395 2458 cst.
417 2417 472 2457 Ut
494 2413 757 2472 praevaleant
775 2414 996 2470 falsitates,
1018 2416 1237 2476 numquid
1260 2416 1306 2459 in
1328 2425 1370 2460 te
1392 2416 1711 2476 praevalebunt,

317 2494 360 2529 et
381 2485 427 2529 in
450 2500 520 2528 me
542 2501 632 2529 non
661 2483 1018 2544 praevaluerunt?
1039 2489 1090 2531 In
1113 2502 1182 2531 me
1216 2496 1333 2531 certe
1355 2487 1683 2547 prwvaluerunt
1704 2523 1714 2543 ,

367 2576 374 2591 ¹
398 2568 477 2601 Psal.
498 2581 547 2608 tv,
580 2570 608 2599 τ’).
633 2586 672 2591 --
696 2577 707 2591 ²
725 2571 813 2602 Joan.
834 2581 874 2609 vr,
895 2581 945 2610 ‚⁸¹-
