1841 3223
372 215 456 253 270
819 224 852 248 s.
890 221 1120 250 Aueuswim
1153 222 1335 250 Emseom

370 300 487 343 tum,
524 303 612 332 non
644 295 787 346 potest
819 286 909 329 fieri
938 295 987 330 ut
1016 303 1105 331 non
1131 288 1183 331 sit
1218 287 1382 333 factum
1400 324 1410 344 ‚
1438 298 1525 333 tam
1547 289 1610 334 illi
1640 292 1762 351 quod

372 361 493 405 novit
511 358 732 412 futurum,
758 372 848 401 non
870 366 1011 416 potest
1034 358 1125 401 sieri
1151 368 1198 402 ut
1217 375 1306 404 non
1329 360 1417 403 fiat.
1446 359 1550 404 ldeo
1567 360 1621 404 de
1642 377 1764 406 secu-

373 432 497 475 ritate
532 429 739 473 dicuntur
778 436 989 488 tanquam
1027 429 1267 487 proeterita,
1307 446 1406 490 quae
1435 429 1579 474 adhuc
1612 429 1762 477 futura

371 510 488 547 sunt.
512 502 606 544 Hoc
628 515 731 558 ergo
749 514 983 559 speramus.
1015 519 1034 541 «
1062 498 1208 544 Salvos
1231 500 1345 544 enim
1368 499 1507 545 fecisti
1530 517 1607 545 nos
1627 518 1677 545 ex
1696 501 1763 547 af-

375 591 395 613 »
432 571 681 629 {ligentibus
703 585 803 625 nos,
829 580 872 614 et
894 585 964 613 eos
981 605 991 624 ‚
1017 570 1093 629 qui
1116 569 1304 614 oderunt
1333 586 1410 614 nos
1426 606 1436 625 ,
1462 569 1712 616 confudisti.
1739 591 1760 614 »
1796 579 1804 584 '

432 645 511 687 lx.
540 661 560 684 «
584 645 635 685 In
662 645 751 686 Deo
779 640 1057 685 laudabimur
1086 649 1175 684 tota
1205 639 1290 684 die.
1320 658 1339 681 »
1367 641 1521 685 Videte
1550 642 1764 702 quemad-

372 713 554 758 modum
571 712 722 756 miscet
743 711 872 755 etiam
891 710 1024 754 verba
1047 710 1183 754 futuri
1210 711 1413 770 temporis
1431 747 1441 766 ,
1469 720 1520 755 ut
1547 711 1765 772 intelligas

373 793 418 828 et
439 782 656 843 praeterita
679 798 779 842 quae
796 781 911 824 dicta
933 789 1035 824 sunt
1058 778 1112 823 de
1134 778 1284 825 futuro
1308 796 1397 824 esse
1424 781 1647 841 praedieta.
1670 801 1689 824 «
1714 785 1765 825 In

376 872 396 896 n
433 857 523 898 Deo
547 852 827 897 laudabimur
852 860 940 895 tota
969 849 1038 894 die
1061 867 1069 891 2
1097 860 1140 895 et
1162 851 1208 894 in
1236 852 1413 895 nomine
1436 861 1513 896 tuo
1535 852 1766 896 confitebi-

376 944 395 966 »
432 940 530 968 mur
552 925 596 967 iu
621 923 778 967 saeeula
793 924 823 965 ².
849 941 867 963 »
885 922 1017 977 Quid,
1041 941 1060 963 ι(
1077 921 1405 967 Laudabimur?
1421 942 1440 964 »
1462 924 1586 984 quid,
1611 943 1630 966 «
1648 925 1766 969 Con-

375 1014 395 1037 »
432 995 680 1039 fitebimurP
704 1012 724 1034 ³>
747 993 858 1046 Quia
882 1009 935 1036 ex
966 993 1170 1037 omnibus
1199 994 1490 1051 ailligentibus
1512 1010 1591 1039 nos
1618 995 1766 1039 eruisti

372 1082 476 1121 nos,
505 1065 605 1125 qui-a
630 1079 815 1123 regnum
834 1073 1096 1123 perpetuum
1121 1063 1242 1108 dabis
1270 1064 1395 1108 nobis
1411 1100 1422 1119 ‚
1448 1065 1549 1125 quia
1572 1065 1766 1125 comple-

372 1137 493 1181 bitur
509 1137 553 1180 in
576 1136 700 1180 nobis
719 1154 727 1179 :
753 1154 772 1176 «
792 1135 911 1178 Beati
929 1135 1003 1195 qui
1027 1135 1225 1178 habitant
1240 1135 1285 1178 in
1302 1135 1433 1180 domo
1449 1144 1539 1191 tua,
1561 1136 1761 1192 Domine,

376 1226 396 1248 >›
431 1207 478 1250 in
499 1205 658 1251 saeeula
679 1206 938 1249 szieculorum
960 1204 1207 1249 laudabunt
1231 1214 1270 1248 te
1285 1208 1317 1250 ².
1341 1223 1361 1246 »

432 1280 489 1321 X.
506 1280 610 1321 Haee
625 1291 726 1334 ergo
741 1275 889 1320 futura
903 1290 1003 1319 cuni
1016 1284 1131 1319 certa
1150 1275 1235 1319 siut
1251 1275 1391 1331 nobis,
1409 1285 1451 1320 et
1463 1275 1535 1320 illa
1550 1277 1766 1336 praeterita

373 1363 474 1393 cum
506 1363 530 1391 a
559 1347 755 1407 patribus
778 1346 935 1391 nostris
960 1345 1246 1401 audierimus,
1273 1345 1380 1406 quid
1401 1347 1564 1391 modo?
1591 1366 1611 1389 «
1637 1350 1767 1393 Nunc

375 1437 395 1460 »
422 1427 568 1462 autem
588 1417 782 1477 repulisti
804 1427 847 1461 et
869 1417 1106 1462 confudisti
1129 1433 1206 1461 uos
1220 1419 1251 1460 3.
1272 1435 1292 1458 υ
1315 1417 1563 1462 Confudisti
1577 1453 1587 1473 ,
1605 1434 1696 1463 non
1718 1419 1765 1463 in

373 1489 634 1533 conscientia
649 1497 811 1542 nostra,
824 1487 900 1531 sed
913 1488 957 1530 in
972 1486 1078 1531 faeie
1092 1488 1334 1531 hominurn.
1347 1491 1452 1532 Erat
1465 1489 1581 1532 enim
1596 1498 1766 1549 tempus

372 1575 461 1620 quo
483 1559 779 1618 ailligerentur
807 1559 1040 1604 Christiani
1058 1594 1068 1612 ,
1095 1575 1195 1603 eum
1218 1559 1384 1619 ubique
1410 1558 1635 1619 fugerunt,
1664 1576 1766 1605 cum

371 1629 538 1690 ubique
555 1629 794 1674 diceretur:
821 1630 1093 1674 Christianus
1116 1639 1194 1685 est,
1220 1639 1426 1690 tanquam
1450 1630 1505 1674 ad
1526 1630 1766 1676 insultatio-

369 1716 471 1745 nem
487 1710 530 1744 et
542 1699 597 1744 ad
613 1700 898 1759 opprobrium
912 1699 1253 1759 pertineret.Ubi
1268 1711 1332 1745 est
1344 1717 1447 1759 ergo
1459 1701 1531 1745 ille
1542 1705 1655 1746 Deus
1670 1718 1767 1746 nos-

373 1781 452 1827 ter,
474 1788 547 1815 rex
565 1781 725 1827 noster,
749 1773 825 1832 qui
843 1770 1023 1815 mandat
1037 1771 1219 1814 salutem
1236 1770 1396 1816 Jacob?
1418 1771 1500 1816 Ubi
1518 1781 1581 1816 est
1600 1771 1672 1816 ille
1689 1773 1766 1833 qui

370 1841 476 1886 fecit
491 1842 635 1886 onmia
648 1876 658 1896 ,
684 1857 784 1901 quae
802 1841 926 1884 nobis
945 1849 1231 1884 narraverunt
1248 1842 1396 1900 'patres
1414 1842 1580 1886 nostri?
1599 1843 1683 1887 Ubi
1702 1851 1766 1887 est

370 1911 447 1972 qui
466 1910 658 1955 facturus
680 1921 744 1955 est
767 1911 911 1955 omnia
929 1946 939 1966 ‚
965 1927 1065 1971 quae
1084 1911 1209 1955 nobis
1231 1911 1439 1956 revelavit
1459 1927 1536 1971 per
1556 1913 1765 1973 Spiritum

371 1984 528 2026 suum?
541 1981 766 2042 Numquid
780 1991 971 2025 mutatus
985 1983 1073 2025 cst?
1089 1981 1173 2026 Sed
1189 1981 1233 2025 in
1247 1982 1516 2026 intellectum
1536 1982 1632 2027 filiis
1653 1986 1764 2029 Coro

370 2054 485 2097 fiunt
506 2053 615 2097 haec.
648 2051 828 2112 Aliquid
850 2052 965 2095 enim
988 2050 1229 2110 intelligere
1251 2052 1463 2097 debemus
1482 2088 1492 2108 ,
1528 2070 1662 2114 quare
1686 2071 1764 2100 nos

371 2123 449 2167 ista
467 2123 612 2168 omnia
630 2122 774 2166 medio
791 2131 986 2181 tempore
1009 2123 1097 2181 pati
1113 2121 1267 2166 voluit.
1285 2125 1392 2176 Quae
1407 2124 1582 2168 omnia?
1601 2143 1621 2166 «
1636 2127 1764 2170 Nunc

373 2212 394 2236 »
430 2204 578 2239 autem
606 2193 801 2254 repulisti
830 2202 873 2237 et
907 2192 1143 2238 confudisti
1171 2210 1249 2238 nos
1276 2210 1284 2234 :
1320 2204 1363 2238 et
1384 2211 1474 2240 non
1503 2194 1759 2254 egredieris,

372 2283 394 2306 »
430 2268 567 2321 Deus,
592 2265 638 2308 in
656 2264 893 2309 virtutibus
916 2264 1113 2308 nosu=is⁴.
1138 2283 1156 2305 υ
1185 2264 1466 2308 Procedimus
1489 2264 1544 2309 ad
1565 2265 1762 2311 inimicos

369 2345 553 2391 nostros,
580 2344 623 2379 et
645 2343 695 2379 tu
717 2335 944 2379 nobiscum
966 2349 1055 2378 non
1076 2334 1274 2393 procedis
1294 2351 1301 2376 :
1319 2334 1519 2379 videmus
1541 2351 1629 2392 eos,
1655 2352 1763 2396 prae·

369 2405 516 2450 valent
536 2405 622 2461 illi,
648 2415 692 2449 et
713 2421 791 2450 nos
809 2404 988 2450 invalidi
1009 2420 1171 2449 sumus.
1204 2405 1288 2449 Ubi
1315 2414 1379 2450 est
1405 2405 1477 2450 illa
1499 2406 1635 2451 virtus
1657 2409 1762 2451 tua?

367 2474 447 2519 ubi
476 2485 540 2519 est
560 2476 735 2520 dextera
758 2485 802 2520 et
824 2475 1018 2536 potentia
1041 2476 1146 2519 tua?
1176 2475 1252 2519 ubi
1277 2490 1395 2520 mare
1417 2477 1660 2522 siccatum?
1683 2477 1760 2522 ubi

417 2565 426 2582 ¹
447 2558 528 2592 Psal.
548 2570 635 2601 xum,
649 2570 681 2602 9.
700 2578 741 2584 —
757 2567 770 2584 ²
788 2561 836 2594 Id.
856 2570 991 2602 mxxxiii,
1007 2559 1037 2592 5.
1060 2577 1101 2583 ·-
1123 2558 1194 2592 3Id.
1221 2571 1312 2603 xuu,
1332 2571 1383 2594 10.
1405 2578 1446 2584 —
1465 2559 1480 2592 4
1500 2561 1582 2594 Ibtd.
