1841 3223
391 231 444 269 84
813 240 847 267 s.
885 240 1114 267 »recusum
1148 239 1328 266 muscom

388 307 513 362 lium,
531 307 564 351 si
582 314 744 366 potest3
767 312 943 364 praestat
963 303 1188 359 auxilium,
1213 302 1248 348 si
1270 312 1412 363 potest
1435 322 1443 347 :
1463 302 1519 347 ad
1533 312 1778 347 extremum

388 378 422 421 si
440 393 519 422 nec
537 376 715 422 consilio
727 411 737 431 ,
763 390 843 419 nec
859 373 1017 419 auxilio
1035 373 1242 435 adjuvare
1259 383 1418 434 potest,
1442 372 1512 418 vel
1529 381 1632 419 voto
1651 374 1779 434 adju-

387 459 487 504 vat,
511 448 579 492 vel
596 456 689 492 orat
712 462 790 506 pro
813 444 1128 502 contribulato,
1151 456 1194 491 et
1211 446 1324 491 sorte
1340 445 1475 504 magis
1496 445 1587 505 ipse
1606 444 1779 490 exaudi-

388 529 475 573 tur,
498 533 628 578 quam
647 517 723 577 qui
735 518 918 577 porrigit
932 533 1103 578 panem,
1122 516 1266 561 Habet
1279 530 1450 576 semper
1463 514 1581 559 unde
1597 515 1688 571 det,
1708 516 1779 560 cui

389 589 567 648 plenum
584 598 735 648 pectus
750 598 814 632 cst
832 589 1067 633 charitatis.
1088 590 1183 647 Ipsa
1202 597 1264 632 est
1283 586 1484 642 charitas,
1505 602 1603 647 quse
1620 585 1779 631 dicitur

387 668 430 703 et
444 656 646 703 voluntas
660 658 790 703 bona.
814 658 916 703 Plus
933 667 1011 702 ate
1023 661 1137 702 Deus
1150 673 1239 702 non
1253 658 1400 716 exigit,
1417 672 1550 717 quam
1563 655 1683 717 quod
1700 656 1779 700 tibi

387 731 504 775 intus
526 729 662 774 dedit.
684 732 847 774 Vacare
869 731 984 774 enim
1007 745 1095 774 non
1123 738 1266 789 potest
1295 728 1497 773 voluntas
1527 728 1656 772 bona.
1682 729 1780 773 Non

386 802 678 846 cnimhabcns
691 801 963 846 voluntatem
974 801 1152 856 bonam,
1171 800 1247 844 etsi
1262 815 1467 844 nummus
1482 799 1562 843 tibi
1576 799 1776 859 supersit,

386 889 476 918 non
494 873 676 932 porrigis
698 872 878 932 pauperi
906 891 915 916 :
940 872 1020 931 ipsi
1042 872 1156 915 inter
1177 887 1220 915 se
1243 886 1453 931 pauperes
1472 879 1680 930 praestant
1700 866 1780 914 sibi

385 943 441 987 de
457 942 683 988 voluntate
697 943 828 996 bona,
851 958 940 986 non
959 951 1062 986 sunt
1078 942 1191 986 inter
1208 958 1252 985 se
1269 941 1542 986 infructuosi.
1556 942 1686 986 Vides
1702 957 1780 986 cae-

384 1029 486 1059 cum
504 1012 607 1058 duci
624 1029 648 1057 a
669 1013 845 1057 vidente
867 1031 875 1058 :
897 1013 998 1073 quia
1020 1028 1223 1058 nummos
1245 1029 1335 1058 non
1352 1012 1510 1058 habuit
1527 1028 1637 1074 quos
1658 1012 1781 1057 daret

385 1100 531 1144 egens,
552 1084 848 1130 commodavit
868 1084 1016 1130 oculos
1034 1101 1124 1130 non
1146 1085 1342 1129 habenti.
1365 1083 1490 1130 Unde
1511 1086 1595 1129 hoc
1615 1083 1782 1129 factum

383 1166 470 1212 est,
501 1166 552 1201 ut
587 1157 783 1201 membra
805 1172 881 1201 sua
907 1156 1207 1201 commodaret
1241 1156 1280 1200 ei
1301 1155 1379 1216 qui
1402 1171 1491 1200 non
1512 1156 1668 1211 habet,
1699 1156 1781 1199 nisi

384 1228 487 1288 quia
510 1229 627 1272 intus
646 1228 784 1272 inerat
802 1227 1004 1272 voluntas
1027 1227 1143 1272 bona
1159 1263 1170 1283 ‚
1191 1228 1420 1272 thesaurus
1439 1227 1712 1287 pauperum?
1728 1228 1782 1270 In

385 1314 475 1358 quo
497 1298 701 1342 thesauro
720 1297 967 1343 dulcissima
985 1298 1155 1358 requies
1171 1333 1182 1353 ,
1203 1307 1246 1342 et
1267 1314 1367 1342 vera
1386 1297 1606 1342 securitas.
1623 1295 1694 1341 Ad
1713 1296 1781 1356 ip-

385 1384 480 1413 sum
519 1367 810 1412 amittendum
845 1384 924 1412 nec
952 1368 1063 1413 latro
1097 1367 1357 1424 admittitur,
1393 1384 1474 1413 nec
1502 1367 1781 1426 naufragium

387 1439 613 1483 metuitur.
642 1440 793 1482 Servat
815 1454 962 1483 secum
984 1439 1105 1499 quod
1126 1439 1244 1483 intus
1268 1439 1423 1494 habet,
1448 1439 1594 1483 nudus
1612 1438 1778 1495 evadit,

386 1519 430 1553 et
452 1509 608 1569 plenus
628 1516 706 1552 est.
740 1526 760 1549 «
778 1510 926 1551 Justus
948 1522 1052 1566 ergo
1074 1509 1315 1565 miseretur,
1341 1518 1384 1553 et
1405 1509 1670 1554 commodat.
1698 1527 1718 1551 »

446 1581 568 1623 XIV.
608 1597 629 1620 «
649 1577 867 1631 Quoniam
897 1576 1205 1622 benedicentes
1226 1595 1348 1636 eum,
1371 1579 1625 1624 haereditate
1646 1580 1783 1640 possi-

389 1669 409 1691 »
446 1649 617 1694 debunt
642 1650 829 1693 terram1
854 1668 862 1692 :
886 1667 906 1689 >›
939 1648 1051 1693 sicut
1072 1651 1089 1674 ²
1124 1648 1247 1693 illum
1281 1653 1450 1711 justum
1467 1687 1478 1708 ‚
1518 1667 1618 1697 vere
1640 1651 1781 1696 solum

380 1722 549 1781 justum
567 1729 610 1764 et
617 1719 953 1780 justificantem,
979 1719 1056 1778 qui
1079 1727 1122 1762 et
1142 1734 1308 1778 pauper
1327 1722 1398 1764 hic
1419 1721 1520 1775 fuit,
1547 1732 1590 1766 et
1612 1721 1783 1766 divitias

385 1805 564 1850 magnas
586 1789 761 1844 attulit,
793 1789 955 1849 quibus
977 1788 1140 1833 faceret
1162 1788 1316 1834 divites
1344 1805 1442 1846 eos,
1474 1806 1584 1851 quos
1616 1791 1784 1837 invenit

385 1876 614 1921 pauperes.
652 1863 749 1919 Ipse
776 1868 841 1903 est
864 1859 981 1902 enim
1003 1859 1079 1919 qui
1104 1859 1267 1918 Spiritu
1288 1869 1438 1904 sancto
1467 1859 1621 1905 ditavit
1651 1861 1783 1907 eorda

385 1946 630 1991 pauperum
647 1965 657 1985 ,
685 1939 729 1974 et
749 1930 985 1973 exinanitas
1008 1929 1172 1973 animas
1195 1930 1446 1975 confitendo
1466 1941 1641 1991 peccata
1658 1967 1669 1989 ,
1696 1929 1782 1985 ini-7
1834 1930 1838 1935 “

387 2001 523 2062 plevit
546 2000 770 2061 opulentia
787 2000 995 2061 justitiae,
1020 2000 1095 2060 qui
1116 2003 1259 2060 potuit
1287 2000 1465 2045 divitem
1483 2000 1625 2046 facere
1643 2004 1782 2063 pisca-

387 2083 554 2129 torem,
593 2070 854 2116 dimittendo
879 2071 983 2114 retia
1014 2087 1091 2115 sua
1120 2071 1240 2131 quod
1270 2071 1463 2116 habebat
1493 2082 1781 2119 contemnen-

389 2154 478 2189 tem
492 2179 503 2199 ,
543 2142 666 2204 quod
698 2157 788 2186 non
828 2140 1018 2184 habebat
1056 2141 1370 2186 haurienten13.
1414 2144 1628 2188 «Infirma
1665 2145 1781 2189 enim

392 2234 412 2257 »
430 2214 586 2259 mundi
604 2212 736 2272 elegit
757 2215 885 2267 Deus,
912 2220 962 2255 ut
983 2211 1273 2256 confunderet
1294 2211 1423 2257 fortia
1437 2214 1468 2256 4.
1486 2232 1506 2255 »
1534 2217 1592 2259 Et
1613 2230 1704 2260 non
1726 2215 1780 2260 de

387 2295 559 2332 oratore
574 2285 848 2345 piscatorem,
876 2281 952 2326 sed
969 2281 1024 2325 dc
1041 2282 1251 2342 piscatore
1266 2283 1459 2328 lucratus
1472 2294 1534 2329 est
1545 2296 1778 2343 oratorem,

388 2357 443 2402 dc
452 2357 664 2416 piscatore
679 2354 872 2398 lucratus
888 2362 1218 2409 estscnatorem,
1230 2353 1284 2398 de
1294 2354 1704 2414 piscatorelucratus
1717 2366 1781 2402 est

386 2429 710 2488 imperatorem.
749 2423 1003 2479 «Quoniam
1024 2424 1332 2470 benedicentes
1349 2441 1471 2482 eum,
1494 2427 1780 2487 possidebunt

437 2531 446 2548 ¹
468 2524 551 2557 Psal.
574 2533 694 2565 xxxvi,
717 2531 773 2555 22.
793 2538 836 2545 —-
856 2529 868 2545 2
889 2523 985 2554 Forte
1007 2520 1148 2554 scilicet.
1180 2538 1221 2544 —
1245 2519 1258 2545 ³
1275 2522 1388 2555 matth.
1415 2534 1468 2565 iv,
1493 2535 1544 2567 ¹9·
1572 2541 1612 2548 —
1631 2523 1646 2556 4
1669 2536 1681 2557 1
1704 2526 1775 2558 Cor.
1840 2528 1841 2572 ᾗ

388 2591 497 2625 1‚·27.
