1841 3223
364 299 366 301 ψ
395 278 636 308 ENARRAno
668 279 713 306 m
745 276 948 305 PsALMuu
980 276 1104 303 XLIII.
1369 260 1452 299 265

132 350 189 391 ΙΙ.
219 349 296 391 Est
318 354 463 390 autem
491 360 660 403 magnae
693 341 1044 388 considerationis
1073 349 1117 384 et
1145 353 1316 398 magnae
1348 353 1461 398 pro-·

71 416 300 462 funditatis
321 414 547 461 consilium
566 415 669 469 Dei,
703 414 811 474 quid
831 429 970 458 causae
992 410 1144 465 fuerit,
1178 418 1229 454 ut
1250 424 1350 454 cum
1376 424 1455 468 pa-

71 497 157 532 tres
185 496 353 532 nostros
374 485 664 539 Patriarchas,
698 492 741 527 et
767 493 909 527 totum
931 482 1057 526 illum
1078 479 1294 541 populum
1323 478 1454 524 Israel

72 558 268 602 eduxerit
290 557 336 601 in
356 572 489 600 manu
508 555 738 600 fortissima
755 553 810 598 de
832 556 1025 612 AEgypto
1042 587 1052 607 ‚
1083 561 1126 596 et
1146 559 1453 611 persequentes

70 628 267 673 inimicos
293 642 445 672 eorum
465 627 512 671 in
532 626 641 670 mari
662 624 912 670 demerserit
928 658 939 678 ‚
971 622 1229 682 duxe1itque
1251 636 1328 681 per
1348 636 1454 665 con-

70 697 330 743 tradicentes
349 707 497 757 gentes
511 733 522 753 ,
548 695 861 756 debellatisque
883 694 1081 739 hostibus
1101 693 1146 736 in
1174 702 1333 737 terram
1353 707 1454 751 pro-

70 769 282 813 missionis
300 769 516 829 posuerit,
540 767 824 827 victoriasque
847 780 1024 824 magnas
1042 779 1093 808 ex
1114 763 1328 823 paucitate
1350 778 1455 806 suo-

70 856 169 885 rum
198 840 246 884 in
273 855 430 900 magna
463 840 740 884 inimicorum
775 836 1055 882 multitudine
1086 834 1237 880 fecerit
1263 850 1271 876 :
1304 842 1454 893 postea

70 910 282 972 placuerit
305 912 344 955 ei
371 911 495 972 quasi
528 919 719 955 avertere
749 924 793 953 se
815 925 839 952 a
859 906 1024 968 populo
1046 921 1124 951 suo
1141 941 1152 962 ,
1185 915 1234 950 ut
1266 914 1454 964 stragem

70 981 293 1026 occisionis
314 990 358 1025 et
377 982 527 1025 mortis
541 990 794 1041 paterentur
815 979 950 1023 sancti
970 979 1060 1038 ejus
1075 1012 1086 1032 ‚
1116 985 1160 1021 et
1176 991 1305 1020 nemo
1326 975 1452 1019 resis-

68 1061 203 1107 teret,
228 1067 357 1096 nemo
373 1050 643 1106 defenderet,
664 1066 793 1094 nemo
810 1048 1085 1109 proliihcret3
1107 1047 1231 1107 quasi
1252 1045 1454 1091 averterit

69 1121 223 1168 faeiem
246 1138 368 1167 suam
398 1139 422 1167 a
453 1122 686 1182 gemitibus
720 1137 870 1166 eorum
888 1156 898 1176 ‚
931 1119 1053 1181 quasi
1082 1117 1244 1163 oblitus
1273 1118 1326 1162 sit
1353 1133 1449 1173 eos,

69 1193 190 1254 quasi
221 1193 311 1253 ipse
343 1209 433 1238 non
465 1193 519 1237 sit
546 1196 681 1249 Deus,
707 1194 783 1254 qui
807 1192 852 1235 in
872 1207 1006 1235 manu
1026 1189 1171 1235 valida
1204 1198 1247 1233 et
1273 1189 1453 1234 brachio

68 1263 234 1308 excelso
256 1263 572 1309 evidentissima
595 1264 788 1323 potentia
821 1272 963 1322 patres
993 1270 1161 1305 nostros
1178 1295 1188 1315 ,
1224 1259 1272 1303 id
1293 1269 1377 1314 est,
1402 1258 1454 1303 il-

67 1333 160 1378 lum
183 1333 395 1394 populum
413 1369 424 1390 ‚
449 1334 558 1379 sicut
591 1334 701 1389 dixi,
738 1334 793 1378 ab
815 1337 1007 1392 AEgypto
1039 1331 1270 1376 liberatum
1288 1366 1298 1386 ‚
1330 1330 1454 1375 victis

67 1404 290 1466 pulsisque
308 1404 362 1449 de
384 1414 497 1449 terra
514 1421 590 1449 sua
613 1405 814 1464 gentibus
837 1403 1110 1448 constituerit
1131 1402 1177 1445 in
1195 1416 1345 1460 regno,
1367 1400 1451 1444 mi-

68 1477 265 1522 rantibus
287 1477 490 1522 omnibus
508 1478 628 1538 quod
655 1493 768 1538 saepe
795 1493 819 1521 a
841 1475 988 1537 paucis
1018 1474 1146 1519 multi
1169 1474 1273 1518 victi
1293 1482 1448 1517 essent.

68 1550 162 1592 Hoc
183 1563 286 1607 ergo
306 1549 352 1592 in
374 1549 536 1606 gemitu
558 1548 836 1593 confessionis
857 1545 1010 1607 incipit
1033 1545 1198 1590 cantari
1216 1545 1259 1588 in
1282 1542 1453 1588 Psalmo

67 1617 165 1662 isto.
190 1620 287 1663 Non
301 1617 462 1663 frustra
483 1619 599 1662 enim
620 1619 700 1663 ista
726 1617 839 1662 facta
859 1626 988 1671 sunt,
1015 1616 1094 1659 nisi
1112 1624 1162 1659 ut
1182 1613 1454 1673 intelligatur

66 1704 201 1749 quare
231 1687 345 1733 facta
376 1689 476 1732 sint.
509 1688 696 1734 Proinde
727 1688 829 1748 quia
866 1686 974 1730 facta
1007 1694 1136 1738 sunt,
1173 1684 1454 1728 manifestum

67 1768 131 1803 est
153 1778 162 1803 z
187 1773 322 1818 quare
344 1758 430 1802 sint
452 1757 588 1813 facta,
611 1757 738 1802 altius
755 1756 1042 1818 quaerendum
1065 1764 1145 1799 est.
1174 1755 1279 1799 Ideo
1301 1754 1454 1798 titulus

67 1846 156 1875 non
173 1829 307 1874 habet
328 1838 498 1873 tantum
518 1865 528 1884 ‚
553 1850 573 1870 «
598 1829 716 1873 Filiis
739 1831 872 1885 Core·⁷
901 1847 920 1868 »
948 1827 1038 1882 scd,
1066 1846 1085 1868 «
1112 1830 1164 1870 In
1180 1824 1453 1870 intellectum

69 1918 92 1942 »
125 1900 223 1944 filiis
246 1901 396 1944 Core1.
418 1918 438 1940 »
464 1902 558 1943 Hoc
580 1908 622 1943 et
645 1899 689 1942 in
710 1897 786 1942 illo
809 1897 979 1942 Psalmo
1003 1906 1094 1951 est,
1121 1897 1243 1956 cujus
1264 1896 1454 1955 primum

68 1985 241 2016 versum
268 1970 359 2030 ipse
383 1969 594 2014 Dominus
611 1968 666 2013 de
683 1984 811 2013 cruce
834 1967 942 2012 dixit
963 1983 971 2008 z
996 1986 1015 2008 «
1041 1969 1154 2010 Deus
1176 1981 1320 2020 meus,
1342 1968 1454 2010 Deus

69 2058 91 2083 ))
125 2056 247 2084 meus
265 2075 276 2095 ,
296 2041 458 2100 respice
479 2040 526 2084 in
548 2055 640 2094 mc,
666 2054 800 2100 quare
815 2054 885 2082 me
905 2036 1174 2097 dereliquisti
1188 2038 1230 2080 ²?
1251 2055 1270 2078 »
1295 2039 1454 2080 Trans-

67 2111 257 2170 figurans
278 2110 395 2154 enim
415 2125 493 2154 nos
514 2109 559 2153 in
581 2108 627 2153 id
647 2108 767 2169 quod
784 2109 973 2162 dicebat,
1000 2116 1043 2151 ct
1064 2107 1110 2150 in
1128 2122 1284 2166 corpus
1307 2123 1451 2162 suum,

67 2181 271 2241 (quia'et
291 2195 371 2224 nos
406 2195 554 2224 sumus
585 2195 742 2239 corpus
774 2180 893 2239 ejus,
931 2177 1005 2222 ille
1038 2187 1170 2237 caput
1196 2180 1454 2236 nostrum‚)

67 2265 220 2295 vocem
245 2249 299 2294 de
318 2265 447 2294 cruce
472 2265 561 2294 non
583 2249 691 2293 dixit
711 2265 855 2304 suam,
881 2248 956 2293 sed
979 2257 1186 2292 nostram.
1216 2250 1314 2293 Non
1337 2248 1454 2291 enim

37 2365 42 2369 ⁴
65 2335 262 2382 unquam
284 2336 385 2364 eum
407 2319 639 2380 dereliquit
667 2323 780 2364 Deus
795 2356 805 2375 ,
833 2335 913 2364 nec
935 2319 1026 2379 ipse
1054 2335 1077 2363 a
1098 2322 1225 2363 Patre
1257 2334 1454 2379 unquam

65 2391 239 2436 recessit
266 2406 276 2432 2
303 2389 378 2434 sed
400 2400 578 2450 propter
593 2406 672 2434 nos
696 2390 802 2435 dixit
830 2391 943 2434 hoc:
978 2409 997 2431 «
1023 2393 1136 2433 Deus
1168 2404 1312 2444 meus,
1339 2392 1453 2433 Deus

69 2479 90 2503 »
125 2477 272 2516 mem,
303 2460 463 2521 utquid
503 2476 574 2505 me
607 2460 907 2521 dereliquisti?
941 2479 960 2501 »
986 2463 1094 2505 Nam
1127 2456 1322 2520 sequitur
1355 2460 1415 2503 ibi
1442 2479 1450 2504 :

71 2550 92 2574 «
124 2535 273 2590 Longe
295 2547 318 2576 a
345 2531 483 2576 salute
508 2546 604 2576 mea
637 2531 770 2577 verba
793 2530 1051 2576 delictorum
1078 2546 1274 2577 meorum
1290 2532 1321 2575 3.
1350 2549 1370 2572 η
1396 2533 1454 2574 Et

114 2620 127 2638 ⁸
147 2616 228 2648 psal.
248 2627 334 2657 nui,
354 2628 381 2648 ι.
403 2633 444 2639 -
465 2617 626 2655 ²1d.xin⁷
648 2626 678 2647 2,
698 2633 738 2638 —
758 2613 919 2647 ³11›i‹.l.3.
