1841 3223
246 183 485 213 ENAanAno
517 187 549 213 11
580 186 626 213 m
660 184 862 214 PsALMUM
895 184 1043 223 xxxiv,
1078 186 1204 212 suan.
1240 187 1286 212 11.
1395 176 1449 213 33

67 252 172 296 Haec
193 250 309 295 enim
332 267 458 296 causa
471 251 653 295 discreta
674 261 751 296 est.
767 254 876 297 Nam
887 267 1018 312 poena
1041 250 1188 295 similis
1201 260 1264 295 est
1275 251 1399 296 bonis
1411 262 1455 296 et

65 320 202 365 malis.
222 325 375 382 Itaque
392 325 604 379 Martyres
620 337 710 365 non
726 321 831 366 facit
852 338 998 382 poena,
1024 320 1101 366 sed
1122 336 1266 365 causa.
1287 323 1396 365 Nam
1419 322 1453 366 si

64 407 196 451 poena
215 395 427 450 Martyres
454 392 618 436 faceret
633 427 644 447 ,
671 392 816 436 omnia
837 391 1012 436 metalla
1036 391 1302 449 Martyribus
1325 391 1453 451 plena

65 471 226 517 essent,
269 478 419 507 omnes
454 471 619 507 catenae
651 464 863 519 Martyres
898 463 1149 517 traherent,
1186 477 1335 506 omnes
1376 463 1453 522 qui

65 531 207 590 gladio
240 530 472 588 feriuntur,
499 541 826 577 coronarentur.
861 535 978 590 Ergo
1006 531 1277 577 discernatur
1307 548 1449 577 causa.

63 605 200 649 Nemo
218 602 334 648 dicat
354 623 364 648 ε
385 605 496 657 Quia
516 604 658 663 patior
674 605 816 664 justus
833 618 944 647 sum.
972 603 1082 656 Quia
1104 604 1194 663 ipse
1216 606 1291 665 qui
1313 605 1455 664 primo

63 689 211 734 passus
233 684 317 730 est,
341 690 420 735 pro
438 674 604 734 justitia
620 690 767 734 passus
785 683 849 718 est
868 693 876 717 :
897 672 996 718 ideo
1012 688 1214 731 magnam
1232 676 1455 734 exceptio-

62 760 165 789 nem
182 743 349 789 addidit
367 765 376 789 :
399 764 416 785 «
434 745 555 789 Beati
577 745 652 805 qui
673 744 1019 803 persecutionem
1032 744 1261 804 patiuntur
1278 755 1457 804 propter

68 835 86 857 »
117 815 374 875 justitiam1.
405 836 423 857 »
449 818 559 860 Nam
591 813 719 858 multi
748 814 959 858 habentes
993 814 1156 858 bonam
1191 831 1364 859 causam
1387 815 1457 860 fa-

63 887 186 931 ciunt
198 887 541 946 persecutionem
554 906 566 943 3
585 886 849 929 ethabentes
862 885 1021 929 malam
1040 901 1212 929 causam
1228 887 1457 945 patiuntur

62 957 421 1016 persecutionem.
450 955 493 1001 Si
515 956 630 999 enim
659 956 902 1015 persecutio
926 972 1015 1000 non
1038 965 1180 1015 posset
1201 956 1293 1000 fieri
1311 957 1424 1001 hene
1443 993 1453 1013 ,

63 1042 153 1071 non
175 1026 390 1070 diceretur
416 1026 460 1069 in
484 1026 655 1070 Psalmo
675 1045 683 1070 :
706 1046 722 1066 «
737 1027 1046 1071 Detrahentem
1067 1027 1267 1086 proximo
1285 1044 1362 1072 suo
1381 1044 1457 1073 oc-

68 1117 86 1139 »
121 1095 238 1141 culte
252 1131 263 1151 ,
303 1097 422 1140 hunc
462 1097 794 1156 persequebar&
827 1117 843 1137 »
876 1096 1044 1140 Deinde
1060 1132 1070 1151 ,
1115 1096 1267 1141 fratres
1283 1133 1293 1152 ,
1334 1108 1457 1157 pater

62 1166 205 1211 bonus
241 1175 284 1210 et
311 1167 454 1227 justus
487 1181 635 1210 nonne
673 1167 947 1226 persequitur
977 1166 1116 1211 filium
1149 1167 1458 1213 luxuriosum?

64 1236 344 1296 Persequitur
365 1236 469 1281 vitia
484 1237 598 1297 ejus,
620 1252 709 1280 non
731 1237 871 1296 ipsum
896 1257 907 1294 3
932 1253 1022 1281 non
1045 1238 1167 1297 quod
1185 1239 1356 1295 genuit,
1382 1239 1459 1284 sed

62 1306 183 1368 quod
199 1306 272 1351 ille
295 1306 478 1351 addidit.
505 1308 700 1352 Medicus
722 1323 879 1367 nempe
901 1308 978 1367 qui
1001 1307 1055 1351 ad
1070 1307 1253 1353 salutem
1276 1309 1459 1354 adhibe-

62 1388 150 1434 tur,
175 1394 322 1423 nonne
343 1377 459 1423 ferro
478 1378 738 1439 plerumque
756 1381 978 1423 armatur?
1003 1379 1086 1424 Sed
1105 1389 1254 1424 contra
1276 1380 1453 1437 vulnus,

62 1467 152 1495 non
174 1459 325 1510 contra
346 1450 584 1494 hominem.
616 1453 740 1495 Secat
757 1485 767 1505 ,
789 1460 839 1494 ut
856 1460 976 1494 sanet
999 1470 1007 1495 :
1031 1461 1074 1494 et
1095 1461 1241 1495 tamen
1264 1468 1366 1496 cum
1388 1469 1457 1497 sc-

61 1529 131 1565 cat
151 1530 364 1579 aegrotum
379 1555 390 1574 ,
416 1519 536 1564 dolet
551 1519 640 1574 ille,
668 1519 848 1574 clamat,
875 1521 1052 1573 resistit,
1078 1530 1121 1564 et
1142 1522 1175 1565 si
1198 1521 1309 1566 forte
1332 1523 1454 1568 febre

59 1601 252 1635 mentem
274 1590 536 1651 perdiderit,
562 1591 692 1635 etiam
709 1590 929 1635 medicum
951 1591 1103 1649 caedit,
1119 1608 1199 1636 nec
1217 1602 1364 1637 tamen
1382 1593 1456 1639 ille

60 1662 228 1706 desistit
248 1678 272 1706 a
288 1660 426 1705 salute
447 1661 696 1718 aegrotantis
712 1696 722 1715 ,
748 1661 868 1721 quod
892 1662 1013 1705 novit
1026 1662 1146 1717 facit,
1172 1662 1298 1706 illum
1321 1663 1454 1708 male-

60 1732 278 1776 dicentem
298 1765 308 1785 ,
342 1730 659 1775 conviciantem
698 1746 788 1774 non
826 1741 963 1775 curat.
1011 1734 1165 1776 Nonne
1208 1734 1452 1778 excitantur

59 1803 207 1847 cuncti
227 1800 477 1859 lethargici,
503 1816 558 1844 ne
580 1808 732 1845 so‘inno
756 1802 875 1860 gravi
897 1812 1149 1861 premantur
1170 1803 1215 1846 in
1233 1807 1452 1849 mortem?

59 1875 117 1916 Et
138 1872 220 1916 hoc
243 1871 470 1932 patiuntur
488 1886 511 1913 a
534 1869 632 1914 filiis
653 1871 738 1915 suis
761 1886 870 1931 quos
893 1872 1161 1917 charissimos
1177 1885 1446 1932 genuerunt3

59 1952 104 1987 et
125 1958 215 1987 non
248 1951 311 1986 est
342 1942 497 1986 charus
524 1940 638 1985 filius
653 1976 664 1996 ,
689 1941 771 1985 nisi
791 1940 925 1986 suerit
954 1941 1188 1987 dormienti
1211 1945 1323 2002 patri
1352 1960 1448 1989 mo-

58 2013 206 2059 lestus.
232 2012 476 2071 Lethargici
497 2012 754 2066 excitantur,
783 2013 1025 2072 phrenetici
1046 2013 1237 2072 ligantur
1254 2033 1263 2058 :
1280 2015 1358 2059 sed
1381 2020 1459 2059 ta-‘

58 2101 160 2129 men
178 2085 354 2144 utrique
386 2093 602 2128 amantur.
626 2086 764 2128 Nemo
786 2099 889 2143 ergo
920 2083 1036 2129 dicat
1058 2104 1067 2130 :
1093 2086 1445 2131 Persecutionem

57 2155 199 2216 patior
220 2173 230 2200 ε
258 2170 348 2199 non
367 2153 550 2198 ventilet
579 2169 783 2214 poenam,
814 2154 889 2198 sed
911 2154 1069 2214 probet
1097 2171 1270 2200 causam
1296 2172 1304 2196 :
1331 2172 1387 2200 ne
1410 2158 1445 2201 si

58 2241 231 2272 causam
263 2241 352 2269 non
387 2224 659 2284 probaverit,
698 2233 952 2269 numeretur
990 2241 1090 2270 cum
1124 2226 1298 2286 iniquis.
1338 2226 1444 2272 Ideo

57 2312 191 2358 quam
221 2294 462 2354 vigilanter,
488 2310 620 2354 quam
642 2295 805 2355 optime
833 2296 903 2339 hic
932 2296 1253 2339 commendavit
1277 2315 1284 2339 :
1316 2316 1332 2335 «
1356 2300 1445 2340 Do-

63 2388 80 2409 »
115 2367 255 2421 mine,
275 2365 452 2409 intende
468 2365 634 2425 judicio
658 2380 770 2419 meo,
797 2386 813 2406 »
842 2381 930 2409 non
953 2366 1093 2425 poenis
1119 2366 1221 2409 meis
1248 2382 1256 2405 ε
1287 2385 1303 2405 «
1328 2370 1443 2412 Deus

63 2458 80 2479 »
115 2452 237 2481 meus
258 2445 300 2480 et
324 2435 531 2480 Dominus
555 2451 673 2478 meus
700 2436 744 2478 in
769 2451 941 2480 causam
964 2451 1120 2480 meam.
1147 2456 1164 2476 »

106 2528 114 2545 ¹
143 2521 255 2554 Matth.
273 2532 305 2562 v,
327 2531 376 2553 ιο.
399 2537 438 2543 —-
464 2527 476 2542 ²
498 2519 579 2551 Psal.
596 2530 625 2560 c,
642 2518 672 2551 5.

323 2583 429 2614 CXV.
1231 2577 1254 2614 3
