1841 3223
349 231 432 271 524
763 243 796 268 s.
833 239 1062 268 Auous’nm
1095 240 1278 267 Emscom

347 322 486 352 unum
509 313 778 363 congregatse
802 313 918 348 sunt.
940 307 1057 363 Ergo
1071 303 1104 348 si
1127 303 1272 348 adhuc
1293 303 1478 347 saeviunt
1496 312 1539 346 et
1561 300 1740 359 gentiles

347 386 472 432 sunt,
511 375 687 436 expedit
714 376 773 419 cis
809 375 964 419 divisas
999 375 1160 418 habere
1192 374 1379 434 linguas.
1416 371 1583 417 Volunt
1608 387 1742 416 unam

349 449 558 508 linguam,
577 448 756 492 veniant
773 447 827 491 ad
849 447 1112 492 Ecclesiam:
1140 447 1243 507 quia
1265 446 1371 490 etin
1393 444 1642 490 diversitate
1661 443 1743 488 lin-

348 535 534 580 guarum
556 520 711 574 carnis,
732 535 818 563 una
840 528 903 563 est
920 519 1070 578 lingua
1088 519 1134 562 111
1153 518 1240 562 fide
1262 517 1419 563 cordis.
1443 536 1462 560 «
1483 517 1739 575 Submerge,

350 610 370 633 »
406 591 591 635 Domine
606 626 617 646 ,
643 599 686 634 01
709 589 855 634 divide
877 589 1048 650 linguas
1067 605 1234 633 eorum.
1261 607 1282 630 »

407 665 510 706 XII.
553 681 572 704 ‹<
598 661 811 714 Quoniam
844 660 934 705 vidi
970 661 1247 721 iniquitatem
1279 669 1323 704 et
1351 658 1744 704 contradictionem

352 751 371 775 »
407 733 453 777 in
478 733 689 777 civitate1.
711 750 730 773 »
749 732 905 777 Merito
928 732 1007 775 iste
1025 731 1246 775 desertum
1268 730 1508 791 quaerebat,
1535 721 1745 789 quoniam

348 803 458 848 vidit
475 804 751 864 iniquitatem
771 811 814 846 et
829 801 1219 846 contradictionem
1242 802 1288 844 in
1306 801 1492 846 civitate.
1520 803 1598 844 Est
1621 815 1746 860 quse-

350 875 449 919 dam
476 875 625 919 civitas
649 872 928 917 turbulenta:
957 874 1048 933 ipsa
1070 882 1162 917 erat
1184 889 1284 933 quae
1307 882 1472 917 turrem
1501 871 1748 915 aedificave-

350 954 443 1003 rat3
468 945 559 1004 ipsa
577 943 758 989 confusa
781 953 866 998 est,
889 953 932 987 01
950 943 1165 1003 appellata
1188 943 1452 1001 Babylonia,
1478 942 1567 1001 ipsa
1586 957 1664 1001 per
1680 941 1749 984 in-

350 1016 640 1060 numerabiles
665 1025 813 1075 gentes
836 1015 1053 1075 dispersa²
1074 1033 1085 1060 ς
1112 1013 1215 1058 inde
1241 1022 1532 1073 congregatur
1555 1011 1748 1056 Ecclesia

350 1088 397 1132 in
409 1088 628 1132 desertum
641 1087 769 1131 bonae
783 1086 1074 1131 conscientiae.
1086 1084 1208 1130 Vidit
1223 1085 1339 1129 enim
1357 1082 1749 1128 contradictionem

350 1161 397 1204 in
425 1160 613 1204 civitate.
647 1159 845 1204 Christus
881 1157 1015 1202 venit.
1053 1157 1155 1211 Quis
1192 1157 1421 1202 Christus?
1457 1154 1745 1200 Contradicis.

352 1230 490 1275 Filius
517 1230 610 1275 Dei.
638 1233 694 1274 Et
717 1230 854 1274 habet
880 1227 1020 1273 filium
1044 1230 1189 1273 Deus?
1215 1225 1503 1272 Contradicis.
1529 1228 1663 1271 Natus
1687 1233 1750 1269 est

351 1302 406 1346 de
430 1301 608 1360 Virgine
624 1337 634 1355 ,
660 1316 808 1360 passus
825 1336 835 1355 ,
862 1300 1107 1344 resurrexit.
1136 1301 1193 1343 Et
1215 1297 1334 1342 unde
1356 1298 1440 1342 1100
1459 1297 1552 1341 fieri
1575 1298 1750 1356 potest?

353 1371 645 1418 Contradicis.
667 1371 859 1417 Attende
882 1370 1033 1415 saltem
1053 1370 1235 1429 gloriam
1257 1369 1395 1421 crucis
1417 1369 1566 1428 ipsius.
1589 1370 1685 1412 Jam
1708 1367 1753 1411 in

352 1442 496 1488 fronte
519 1459 673 1502 regum
696 1459 801 1487 crux
824 1443 896 1486 illa
920 1443 1004 1486 fixa
1028 1451 1112 1497 est,
1139 1442 1209 1486 0111
1227 1440 1391 1485 1111111101
1412 1440 1748 1484 insultaverunt.

352 1514 547 1558 Effectus
581 1513 784 1573 probavit
812 1513 1020 1557 virtutem
1044 1532 1051 1557 ε
1088 1511 1260 1556 domuit
1289 1512 1443 1555 orbem
1461 1546 1471 1566 ‚
1497 1526 1587 1555 non
1611 1508 1749 1565 ferro,

352 1585 429 1628 sed
456 1583 588 1641 ligno.
626 1584 814 1641 Lignum
847 1583 986 1627 crucis
1011 1581 1286 1627 contumeliis
1318 1580 1502 1640 dignum
1524 1581 1667 1626 visum
1689 1589 1754 1625 est

351 1654 535 1698 inimicis
552 1689 562 1709 ,
599 1664 642 1698 01
665 1664 765 1698 ante
795 1655 937 1713 ipsum
961 1654 1130 1712 lignum
1155 1663 1317 1698 stantes
1340 1663 1471 1713 caput
1500 1652 1749 1712 agitabant,

354 1734 396 1769 et
418 1724 625 1769 dicebant
645 1745 653 1769 :
687 1744 706 1767 ‹<
735 1725 777 1770 Si
807 1725 942 1769 Filius
966 1725 1044 1769 Dei
1067 1735 1156 1781 est,
1188 1725 1425 1770 descendat
1447 1724 1501 1769 de
1524 1739 1653 1768 cruce
1671 1725 1703 1766 3.
1728 1742 1748 1764 »

353 1795 629 1840 Extendebat
650 1795 723 1839 ille
752 1811 907 1839 manus
935 1811 1032 1839 suas
1055 1795 1109 1839 ad
1132 1795 1348 1855 populum
1379 1811 1469 1839 non
1498 1793 1751 1837 credentem

353 1876 395 1910 ct
418 1867 806 1910 centradicentem.
831 1866 873 1910 Si
897 1866 1013 1909 enim
1031 1867 1175 1924 justus
1198 1875 1283 1919 est,
1313 1865 1388 1924 qui
1411 1880 1464 1907 ex
1485 1863 1572 1906 fide
1594 1863 1702 1907 vivit
1715 1864 1748 1917 4,

351 1937 527 1997 iniquus
559 1947 622 1980 est
653 1937 730 1996 qui
763 1950 852 1978 11011
886 1935 1020 1977 habet
1055 1934 1203 1977 fidem.
1242 1933 1372 1987 Quod
1406 1949 1509 1992 ergo
1538 1934 1609 1977 1110
1647 1933 1706 1977 ait
1739 1951 1748 1977 ε

355 2028 374 2048 «
412 2006 725 2067 Iniquitatcm:
755 2023 776 2046 >›
809 2004 1038 2064 perfidiam
1072 2003 1284 2063 intelligo.
1317 2004 1508 2048 Videbat
1529 2020 1633 2063 ergo
1663 2007 1752 2048 Do-

350 2078 494 2123 minus
520 2079 566 2122 in
595 2078 769 2122 civitate
799 2076 1077 2137 iniquitatem
1106 2085 1149 2120 et
1171 2076 1561 2120 contradictionem
1578 2111 1588 2131 ‚
1616 2085 1659 2119 et
1681 2092 1751 2119 ex-

350 2149 559 2193 tendebat
581 2160 736 2193 manus
759 2163 857 2192 suas
877 2147 931 2191 ad
951 2146 1167 2207 populum
1190 2163 1280 2192 non
1303 2146 1556 2191 credentem
1573 2155 1616 2190 et
1638 2162 1748 2190 con-

351 2220 713 2265 tradicentemtet
728 2228 873 2263 tamen
894 2228 936 2262 et
956 2219 1069 2278 ipsos
1092 2227 1321 2278 expectans
1338 2218 1510 2262 dicebat
1531 2237 1539 2262 :
1563 2220 1744 2262 «Pater.

352 2311 372 2333 η
408 2293 583 2351 ignosce
604 2290 703 2345 illis,
732 2291 833 2350 quia
852 2290 1052 2334 nesciunt
1069 2288 1176 2350 quid
1193 2288 1363 2334 faciunt
1377 2292 1408 2333 ⁵.
1433 2308 1453 2330 »
1472 2288 1629 2333 Adhuc
1647 2303 1749 2332 sane

350 2363 544 2423 reliquiae
572 2361 759 2406 saeviunt
779 2360 894 2405 illius
925 2361 1131 2414 civitatis,
1166 2359 1311 2404 adhuc
1340 2359 1664 2404 contradicunt.
1693 2364 1750 2402 De

349 2434 568 2479 frontibus
592 2433 790 2477 omnium
813 2433 944 2477 modo
963 2431 1157 2476 extendit
1187 2447 1341 2476 manus
1363 2431 1417 2476 ad
1435 2431 1638 2492 reliquias
1658 2446 1749 2475 non

399 2539 406 2554 ¹
429 2531 508 2563 Psal.
530 2542 591 2573 mv,
612 2543 661 2564 10.
683 2549 725 2554 —
745 2538 756 2554 ²
775 2533 854 2564 Gen.
883 2542 932 2571 xi,
958 2542 991 2572 ς),
1012 2547 1053 2553 —
1075 2529 1088 2552 3
1109 2530 1223 2562 Manli.
1246 2541 1344 2570 xxvii,
1368 2528 1422 2571 40.
1440 2528 1510 2558 —4
1528 2531 1618 2561 Rom.
1639 2540 1661 2569 1,
1692 2540 1742 2570 ¹7·

351 2606 392 2611 --
413 2586 425 2609 5
444 2589 521 2620 Luc.
544 2598 632 2621 xxiii.
654 2588 706 2629 34.
