1841 3223
406 209 645 240 ENARRATIO
678 213 723 239 nv
755 211 959 240 PSALMUM
991 213 1048 239 LI.
1341 198 1427 238 477

43 275 157 318 enim
192 275 357 319 tunicas
394 275 630 335 inspecturi
662 292 809 321 sumus
838 277 882 321 in
910 292 1043 336 regno
1076 275 1317 334 coelorum,
1353 276 1428 320 scd

37 346 165 390 vestis
204 348 414 407 cujusque
449 346 594 406 fulgor
618 349 794 408 justitiae
826 348 1137 407 deputabitur:
1169 357 1297 392 erunt
1322 349 1450 407 ergo

38 431 248 476 pauperes
270 416 457 476 aequales
480 417 655 476 Angelis
679 418 782 472 Dei,
811 418 954 462 induti
979 418 1097 463 stolis
1120 418 1427 463 immortalita-

38 487 91 530 tis
112 486 347 546 fulgebunt
368 488 480 532 sicut
502 487 566 532 sol
586 488 631 532 in
650 503 781 546 regno
805 489 940 533 Patris
961 490 1026 533 sui
1056 508 1065 533 ι
1091 488 1199 549 quid
1222 489 1346 533 nobis
1365 499 1428 534 est

38 557 93 600 de
116 556 322 601 divitibus
345 558 493 617 paucis
520 557 723 603 sollicitos
752 574 842 603 esse
864 568 939 602 aut
959 558 1191 603 laborare?
1218 562 1316 604 Non
1344 560 1428 604 hoc

39 637 264 672 senserunt
283 629 477 688 Apostoli
503 649 511 674 ε
532 628 607 674 sed
623 645 721 674 cum
744 630 954 674 Dominus
977 630 1059 674 1100
1082 629 1257 674 dixisset
1279 649 1287 674 :
1315 650 1334 672 «
1349 634 1427 674 Fa-

41 716 61 739 »
96 697 217 742 cilius
254 709 318 744 est
347 699 562 744 camelum
596 701 776 744 transire
807 716 884 760 per
914 699 1112 745 foramen
1134 716 1257 756 acus,
1295 716 1427 761 quam

41 787 61 809 »
95 768 274 814 divitem
309 771 470 814 intrare
498 771 544 814 in
569 786 751 829 regnum
775 771 1016 816 coelorum1
1045 790 1054 815 ς
1084 789 1103 811 »
1141 770 1205 814 illi
1244 770 1362 830 apud
1383 786 1427 815 se

39 838 231 885 dicentes
252 860 261 885 ε
293 841 529 894 «Quisnam
551 843 711 900 poterit
743 841 921 896 salvari,
941 861 960 883 »
989 842 1098 902 quid
1118 841 1428 886 attenderunt?

37 912 135 955 Non
157 909 384 956 facultates
400 947 410 966 ,
437 911 512 955 sed
536 912 809 971 cupiditates.
835 911 1052 956 Viderunt
1071 913 1184 956 enim
1206 912 1333 956 etiam
1358 912 1428 972 ip-

37 996 104 1025 sos
120 996 330 1040 pauperes
346 1017 356 1036 ‚
383 982 462 1025 etsi
485 998 573 1026 non
591 983 800 1027 habentes
818 984 1048 1042 pecuniam
1066 1018 1076 1037 ,
1103 992 1249 1026 tamen
1266 983 1427 1027 habere

38 1052 275 1096 avaritiam.
304 1055 360 1096 Et
396 1062 444 1096 ut
469 1053 673 1097 noveritis
700 1069 789 1098 non
815 1054 1045 1113 pecuniam
1074 1054 1119 1097 in
1144 1053 1278 1097 divite
1301 1089 1312 1108 ,
1352 1053 1428 1098 sed

39 1122 261 1167 avaritiam
280 1122 578 1178 condemnari,
595 1123 805 1168 advertite
820 1123 941 1184 quod
956 1124 1053 1168 dico
1072 1144 1080 1169 :
1099 1124 1289 1184 Respicis
1303 1123 1428 1168 illum

38 1193 216 1238 divitem
238 1203 423 1238 stantem
442 1195 565 1254 juxta
588 1204 630 1238 te
647 1230 658 1250 ,
698 1204 741 1239 et
769 1194 881 1239 sorte
910 1196 955 1239 iu
977 1195 1051 1239 illo
1081 1205 1144 1240 est
1169 1196 1354 1255 pecunia
1385 1204 1429 1239 et

38 1280 129 1308 non
160 1273 223 1308 est
246 1265 422 1309 avaritia
440 1300 450 1320 ,
490 1264 535 1308 in
561 1274 603 1309 te
631 1281 721 1310 non
755 1259 819 1310 est
851 1266 1037 1325 pecunia
1074 1276 1117 1310 et
1147 1276 1210 1310 est
1233 1265 1424 1310 avaritia.

39 1338 208 1396 Pauper
239 1334 459 1380 ulcerosus
479 1371 489 1391 ,
526 1351 823 1391 aerumnosus,
858 1337 1018 1382 linctus
1045 1353 1068 1381 a
1104 1337 1306 1392 canibus,
1339 1352 1429 1381 uon

38 1406 204 1450 habens
227 1422 353 1466 opem
370 1441 380 1461 ,
416 1423 506 1451 non
527 1407 692 1452 habens
716 1423 855 1452 escam
874 1443 884 1463 ,
921 1424 1011 1452 non
1033 1408 1199 1452 habens
1226 1406 1336 1452 forte
1359 1408 1428 1467 ip-

39 1491 129 1520 sam
154 1486 340 1531 vestem,
378 1476 547 1521 ablatus
581 1487 645 1521 est
677 1478 732 1521 ab
760 1477 934 1536 Angelis
962 1478 1006 1521 in
1029 1479 1168 1522 sinum
1194 1478 1424 1522 Abrahae‘2.

38 1547 117 1591 Eia
138 1556 187 1591 tu
209 1562 374 1607 pauper
401 1546 562 1605 gaudes
591 1547 745 1603 modo,
771 1547 1092 1609 numquidnam
1117 1548 1198 1592 tibi
1220 1558 1263 1593 et
1284 1548 1429 1593 ulcera

39 1617 230 1677 optanda
248 1620 381 1662 sunt?
402 1620 556 1663 Nonne
574 1618 884 1677 patrimonium
907 1628 1029 1662 tuum
1049 1619 1206 1663 sanitas
1230 1629 1292 1663 est
1302 1622 1318 1661 ’ἲ
1332 1622 1429 1665 Non

39 1697 102 1731 est
123 1688 169 1731 in
185 1688 269 1732 1100
291 1691 451 1733 Lazaro
472 1690 673 1732 meritum
696 1689 958 1748 paupertatis
975 1724 985 1743 ,
1012 1688 1087 1733 sed
1109 1689 1294 1748 pietatis.
1320 1693 1429 1734 Nam

38 1757 158 1803 vides
180 1759 256 1819 qui
286 1759 482 1803 sublatus
505 1768 590 1813 est,
616 1774 706 1802 non
733 1758 855 1803 vides
877 1775 965 1819 quo
988 1758 1186 1803 sublatus
1215 1768 1293 1803 est.
1323 1760 1428 1813 Quis

39 1837 103 1872 est
124 1827 320 1873 sublatus
344 1830 398 1872 ab
421 1828 628 1887 Angelis?
655 1832 840 1888 Pauper,
868 1845 1159 1883 aerumnosus,
1187 1828 1425 1874 ulcerosus.

39 1902 137 1953 Quo
158 1899 355 1944 sublatus
375 1901 467 1943 est?
492 1902 543 1943 In
564 1899 709 1943 sinum
730 1900 933 1944 Abrahae.
956 1903 1068 1958 Lege
1092 1900 1358 1960 Scripturas,
1386 1910 1430 1945 et

39 1971 230 2015 invenies
262 1970 440 2015 divitem
463 1970 726 2014 Abrahamss.
762 1973 819 2015 Ut
846 1970 1014 2015 noveris
1031 2006 1042 2025 ,
1073 1972 1175 2030 quia
1200 1987 1287 2015 non
1315 1971 1428 2017 divi-

40 2041 112 2086 tiae
132 2040 366 2101 culpantur
392 2060 401 2086 ι
426 2041 617 2085 habebat
641 2040 863 2085 Abraham
881 2039 1070 2085 multum
1094 2041 1212 2097 auri,
1236 2042 1425 2101 argenti,

39 2127 269 2172 pecorum,
300 2110 497 2166 familiae,
523 2110 642 2155 dives
675 2120 788 2166 erat,
820 2120 863 2155 et
889 2112 935 2155 in
960 2113 1051 2172 ejus
1079 2112 1222 2156 sinum
1245 2115 1429 2157 Lazarus

40 2197 206 2243 pauper
227 2180 424 2226 sublatus
452 2189 530 2225 est.
557 2184 610 2225 In
631 2181 774 2225 sinum
797 2181 940 2226 divitis
975 2197 1138 2242 pauper
1166 2202 1174 2227 ε
1205 2198 1259 2227 an
1286 2184 1430 2243 potius

42 2254 172 2298 ambo
194 2257 283 2298 Deo
301 2252 454 2298 divites
469 2288 480 2308 ,
506 2253 636 2297 ambo
653 2269 676 2297 a
698 2253 936 2312 cupiditate
958 2256 1195 2313 pauperes?

99 2325 196 2368 XV.
233 2323 350 2377 Quid
376 2338 477 2381 ergo
511 2322 556 2367 in
589 2323 673 2367 hoc
701 2324 848 2368 Doech
879 2323 1026 2383 culpat
1062 2324 1308 2384 Scriptura?
1331 2328 1430 2371 Non

42 2393 150 2439 dixit
176 2414 184 2439 ε
210 2397 324 2439 Ecce
344 2395 478 2439 homo
508 2394 583 2454 qui
617 2392 701 2438 fuit
723 2393 867 2451 dives,
901 2393 976 2437 sed
1014 2396 1161 2439 «Ecce
1189 2395 1322 2440 homo
1352 2395 1429 2456 qui

45 2483 66 2507 »
101 2481 190 2510 non
232 2465 377 2526 posuit
405 2468 546 2509 Deum
578 2463 820 2526 adjutorem
851 2479 1007 2520 suum,
1049 2465 1125 2509 sed
1166 2466 1356 2525 speravit
1383 2466 1430 2510 in

92 2558 101 2574 ¹
121 2551 236 2584 Matth.
257 2561 323 2593 iux,
340 2549 394 2593 24.
414 2567 456 2573 -
476 2557 489 2573 ²
511 2552 587 2583 Luc.
605 2561 670 2591 xvi,
690 2559 744 2584 22.
764 2567 806 2572 —
828 2547 841 2573 ³
856 2552 933 2583 Gen.
961 2561 1028 2593 xm,
1047 2559 1079 2584 2.
