1841 3223
389 223 472 263 412
827 235 860 263 S.
899 236 1128 265 AUGUSTINI
1162 238 1342 265 nrtscom

388 300 675 360 torquebatur
711 319 719 344 :
764 301 976 355 «Habeo,
1007 301 1178 362 inquit,
1210 303 1405 362 quinque
1434 299 1585 345 fratres
1603 302 1631 345 ¹.
1658 319 1679 342 »
1708 300 1777 345 lbi

387 370 644 428 intelligitur
674 370 862 430 populus
895 372 1151 417 Judseorum
1179 373 1260 417 sub
1291 372 1388 432 lege
1416 372 1579 432 positus
1621 391 1630 417 :
1675 371 1777 432 quia

387 443 558 497 Moyses
582 440 800 499 legislator
821 443 1017 504 quinque
1038 443 1171 488 libros
1193 443 1463 503 conscripsit.
1490 446 1601 487 Itcm
1622 443 1776 487 Domi-

386 527 468 554 nus
486 521 582 570 post
601 513 958 557 resurrectionem
968 514 1095 574 jubet
1117 515 1231 559 mitti
1253 515 1359 558 retia
1382 515 1427 558 in
1445 513 1665 558 dexteram
1684 529 1779 573 par-

386 591 490 636 tem,
516 581 717 626 levantur
735 583 867 642 pisces
887 594 1062 628 centum
1088 586 1551 645 quinquagenta-tres:
1572 587 1657 628 «Et
1677 599 1777 628 cum

386 663 474 697 tam
505 653 653 712 magni
686 664 852 710 essent,
886 655 943 699 ait
972 656 1245 714 Evangelista
1264 691 1274 711 ⁷
1308 656 1412 700 retia
1442 672 1531 700 non
1563 665 1666 700 sunt
1688 654 1777 700 dis-

390 743 408 766 »
427 734 552 784 rupta
567 726 598 768 2.
610 744 627 765 »
645 725 815 769 Etenim
833 735 932 770 ante
947 727 1324 787 passionemjussit
1339 726 1453 770 mitti
1472 727 1594 782 retia,
1612 726 1778 770 nondi-

385 812 485 840 cens
514 797 559 839 in
589 795 808 840 dexteram
836 807 1005 856 partem
1029 813 1171 858 neque
1195 798 1238 841 iu
1262 797 1475 841 sinistram
1503 817 1510 841 :
1539 797 1639 857 quia
1667 797 1699 841 si
1734 796 1778 840 iu

385 866 605 911 dexteram
624 867 808 922 diecret,
835 867 946 912 solos
967 869 1103 913 bonos
1122 868 1404 928 siguificarct3
1430 868 1524 912 siin
1540 869 1774 922 sinistram,

384 938 496 983 solos
516 938 651 982 malos
678 959 685 983 :
707 939 784 982 ubi
807 948 952 983 autem
976 949 1144 984 tacetur
1167 939 1342 984 dextera
1366 948 1408 983 et
1431 938 1623 993 sinistra,
1654 937 1777 982 mixti

384 1010 618 1069 capiuntur
654 1010 758 1054 boni
787 1019 829 1054 et
865 1010 980 1054 mali.
1014 1011 1140 1070 Capti
1174 1020 1276 1054 sunt
1312 1019 1458 1053 autem
1500 1018 1633 1064 tune,
1665 1008 1779 1053 sicut

384 1081 610 1140 Evangelii
631 1082 786 1126 veritas
811 1091 1055 1139 attestatur,
1075 1093 1161 1126 tam
1181 1081 1307 1126 multi
1322 1091 1372 1126 ut
1392 1082 1498 1125 retia
1522 1095 1778 1140 rumperen-

384 1154 496 1196 tui-³.
537 1152 817 1211 Significabat
845 1153 960 1196 enim
990 1152 1061 1197 illa
1089 1162 1269 1212 captura
1302 1152 1385 1197 hoc
1419 1161 1588 1211 tempus
1623 1171 1630 1195 :
1670 1151 1776 1196 retia

384 1231 511 1282 rupta
534 1223 835 1280 significabant
853 1224 1159 1268 conscissiones
1181 1233 1223 1267 et
1237 1223 1524 1268 conscissuras
1548 1221 1776 1266 haeretico-

382 1309 478 1337 rum
504 1303 546 1338 ct
568 1295 954 1339 schismaticorum.
981 1294 1111 1348 Quod
1127 1303 1271 1338 autem
1295 1304 1394 1354 post
1414 1293 1776 1337 resurrectionem

383 1381 504 1410 suam
532 1367 740 1410 Dominus
768 1367 894 1422 feeit,
936 1376 1030 1426 post
1055 1367 1414 1411 resurrectionem
1438 1373 1630 1409 nostram
1653 1364 1778 1408 nobis

385 1437 584 1481 futurum
602 1438 882 1497 significarit,
910 1439 953 1482 in
971 1438 1047 1482 illo
1071 1454 1254 1483 numero
1279 1438 1397 1496 regni
1426 1436 1639 1481 coelorum
1657 1471 1668 1491 ,
1699 1435 1777 1480 ubi

385 1507 532 1553 nullus
550 1509 630 1553 erit
652 1509 805 1553 malus.
829 1513 1061 1569 Propterea
1077 1510 1182 1554 retia
1196 1509 1351 1570 quaein
1371 1509 1590 1553 dexteram
1609 1516 1778 1567 partem

385 1580 513 1624 missa
527 1590 652 1637 sunt,
675 1581 871 1625 dexteros
895 1590 1219 1641 expresserunt,
1242 1580 1415 1625 remotis
1428 1579 1620 1624 sinistris.
1641 1580 1779 1624 Num-

386 1652 494 1713 quid
514 1662 660 1696 tamen
680 1653 724 1696 in
748 1652 829 1696 illis
850 1652 1009 1697 dextris
1033 1662 1209 1697 centum
1235 1653 1670 1713 quinquagenta-tres
1699 1647 1778 1693 soli

381 1724 485 1783 justi
501 1723 797 1768 eruntPMillia
810 1723 992 1768 millium
1011 1723 1486 1784 Sc1*ipturasignificat⁴.
1506 1721 1655 1780 Legite
1666 1723 1779 1779 Apo·

386 1794 595 1854 calypsim
633 1815 641 1839 z
674 1794 906 1839 duodecies
930 1794 1134 1839 duodena
1170 1794 1304 1839 millia
1335 1793 1540 1848 fortasse,
1575 1792 1685 1836 sicut
1718 1790 1779 1833 ibi

384 1864 659 1922 intelligitur,
687 1882 737 1909 ex
761 1865 852 1909 solo
874 1864 1039 1921 populo
1063 1866 1316 1908 Judmorum
1348 1864 1494 1905 futura
1525 1864 1671 1905 sunt5.
1698 1864 1779 1904 At-

386 1933 551 1977 tendite
575 1937 819 1990 Martyrum
847 1932 1201 1976 numerositatem
1241 1952 1249 1977 :
1285 1932 1374 1976 sola
1396 1933 1440 1975 in
1463 1932 1658 1991 proximo
1680 1945 1780 1990 quae

386 2004 547 2049 dicitur
577 2007 713 2048 Massa
736 2002 963 2058 candida&
990 2002 1087 2062 plus
1115 2003 1249 2047 habet
1272 2018 1404 2063 quam
1434 2011 1612 2046 centum
1647 2001 1780 2061 quin-

386 2076 706 2137 quaginta-tres
739 2078 966 2131 Martyres.
1005 2077 1227 2118 Postremo
1263 2083 1429 2133 septem
1462 2071 1533 2117 illa
1563 2071 1697 2116 millia
1725 2070 1780 2115 de

387 2148 548 2208 quibus
582 2145 868 2206 respondetur
890 2143 997 2189 Eliac
1028 2164 1035 2189 :
1078 2143 1282 2205 «Reliqui
1312 2144 1418 2188 mihi
1444 2152 1610 2203 septem
1645 2140 1780 2186 millia

389 2238 408 2260 »
444 2219 663 2273 virorum,
705 2216 782 2277 qui
822 2232 911 2260 non
945 2224 1236 2261 curvaverunt
1272 2230 1411 2273 genua
1447 2223 1546 2258 ante
1576 2212 1725 2267 Baa17,
1755 2230 1776 2253 »

386 2290 515 2348 longe
548 2290 676 2333 istum
709 2287 891 2348 piscium
931 2302 1163 2330 numerum
1198 2294 1418 2346 superant.
1455 2287 1644 2330 Centum
1676 2297 1779 2341 ergo

386 2360 704 2421 quinquaginta
721 2368 839 2402 -tres
869 2357 1005 2418 pisces
1020 2358 1051 2413 ⁸,
1077 2372 1166 2401 non
1202 2365 1375 2401 tantum
1397 2369 1630 2399 numerum
1652 2367 1779 2397 sanc-

436 2481 443 2497 ¹
467 2477 542 2506 Luc.
565 2485 629 2514 xvi,
649 2474 703 2506 28.
725 2491 763 2496 —-
778 2480 789 2495 ²
815 2476 906 2505 Joau.
923 2483 988 2514 xxi,
1007 2473 1028 2503 6
1042 2477 1075 2504 et
1099 2484 1146 2503 ιι.
1169 2489 1211 2494 —
1228 2470 1240 2494 3
1261 2473 1335 2503 Luc.
1356 2482 1387 2511 v,
1404 2469 1437 2501 6.
1455 2487 1497 2492 —-
1516 2467 1531 2499 4
1548 2472 1627 2501 Dan.
1648 2480 1707 2509 vn,
1725 2479 1776 2502 ιο.

386 2547 427 2553 -
447 2528 460 2551 5
476 2533 576 2572 Apoc.
594 2541 650 2569 vu,
673 2528 703 2570 4.
724 2546 765 2551 -
784 2527 798 2551 6
812 2530 934 2560 ,Um-sa
954 2526 1114 2561 candida.
1133 2527 1210 2559 Vide
1228 2529 1328 2560 Serm.
1349 2537 1449 2567 eccm,
1472 2538 1503 2558 n.
1520 2534 1552 2558 2.
1574 2543 1615 2548 -
1633 2532 1646 2558 7
1666 2525 1684 2557 3
1698 2527 1776 2566 neg.

387 2597 452 2628 xix,
471 2586 520 2618 18.
545 2602 583 2607 —
606 2584 620 2604 ⁵³
638 2587 727 2616 ,ioan⁴
750 2595 818 2625 xxi,
843 2595 891 2616 11.
