1841 3223
231 228 472 259 ENARRATIO
504 232 519 257 1
551 232 597 258 IN
629 228 831 258 PsALMUM
862 229 1048 268 xxxvm,
1083 229 1208 256 SERM.
1245 231 1275 256 1.
1379 218 1458 257 151

83 296 203 343 aliud
224 297 348 342 scalae
367 333 378 351 ,
400 296 517 341 aliud
540 311 710 355 pennae.
738 299 860 341 Intus
878 305 1023 340 antem
1039 304 1081 339 et
1098 294 1245 355 pedes,
1267 295 1463 352 etscalae,

81 377 126 412 et
142 384 298 428 pennae
315 367 495 411 affectus
517 375 620 411 sunt
641 366 769 410 bonae
789 365 1040 410 voluntatis.
1068 365 1142 409 His
1163 364 1437 409 ambulemus
1452 401 1464 421 ,
1485 364 1489 367 “

79 439 145 483 his
174 438 476 492 ascendamus,
500 437 567 481 his
587 435 797 481 volemus.
829 438 942 481 Cum
979 452 1081 495 ergo
1125 435 1247 481 audit
1283 437 1466 497 quisque

79 508 394 554 transilientem
415 508 535 553 hunc
551 542 563 562 ,
588 516 632 551 et
652 506 812 553 imitari
837 505 956 565 eligit
971 541 983 563 ,
999 523 1088 551 non
1102 515 1270 567 quaerat
1290 506 1466 552 levitate

78 580 269 639 corporis
291 578 504 623 transilire
520 576 677 632 fossas,
703 586 779 624 aut
812 575 957 637 aliqua
985 577 1212 622 altiuscula
1230 578 1468 637 praevolare

77 649 271 695 saliendo
292 669 301 694 :
322 648 398 694 sed
424 648 546 709 quod
570 647 626 694 ad
662 663 842 708 corpora
865 648 1019 694 attinet
1055 647 1152 693 dico
1174 667 1183 693 z
1208 664 1310 693 nam
1332 649 1467 694 fossas

76 719 208 766 etiam
228 718 430 765 transilit.
455 738 476 762 «
504 721 716 764 Succensa
736 719 827 778 igni
849 728 893 764 et
919 719 1095 775 effossa,
1131 735 1230 779 quae
1252 719 1306 764 ab
1327 720 1468 764 incre-

77 809 99 834 »
119 792 294 851 patione
314 789 463 836 vultus
485 790 550 834 tui
566 789 775 849 peribunt
792 791 821 833 ¹.
838 807 858 831 »
884 792 992 843 Quae
1006 799 1109 835 sunt
1124 790 1240 834 enim
1262 805 1464 836 succensa

74 862 166 921 igni
198 871 242 906 et
272 861 452 917 effossa,
488 875 588 920 quae
618 859 672 904 ab
705 859 1199 917 increpatione.Domini
1229 861 1464 921 peribunt,

74 932 155 977 nisi
177 933 379 992 peccata?
403 933 617 976 Succensa
643 930 734 990 igni
765 939 889 986 sunt,
915 947 1014 992 quae
1043 931 1148 976 facit
1175 931 1288 976 male
1311 931 1466 977 ardens

73 1003 287 1063 cupiditas
312 1022 322 1048 ε
344 1011 388 1047 et
409 1001 564 1046 effossa
577 1011 680 1045 sunt
691 1037 702 1056 ,
718 1018 817 1062 quae
834 1001 936 1047 facit
953 1001 1067 1047 male
1079 1004 1227 1064 jacens
1241 1003 1462 1049 timiditas.

73 1074 188 1119 Hinc
217 1073 334 1118 enim
355 1082 535 1133 peccata
565 1073 735 1128 omnia,
772 1083 848 1118 ant
874 1074 1093 1133 cupiendo
1109 1110 1121 1130 ,
1146 1084 1222 1120 aut
1251 1074 1461 1121 timendo.

74 1143 304 1189 Transiliat
321 1159 424 1203 ergo
447 1143 527 1188 iste
548 1143 692 1188 omnia
710 1143 871 1204 quibus
908 1145 1045 1188 teneri
1066 1154 1212 1205 posset
1253 1146 1299 1189 in
1324 1155 1433 1190 terra
1453 1166 1462 1191 ;

70 1215 209 1275 erigat
243 1213 380 1259 scalas
415 1229 513 1258 suas
529 1248 540 1270 ,
582 1222 731 1258 exerat
762 1229 927 1274 pennas
970 1231 1088 1271 suas,
1128 1216 1275 1261 videat
1315 1226 1465 1261 utrum

69 1285 304 1346 quisquam
337 1294 544 1344 agnoscat
575 1284 646 1329 hic
682 1299 727 1328 se
764 1304 773 1329 :
809 1285 1004 1331 imovero
1042 1287 1088 1331 in
1125 1287 1299 1331 Domini
1328 1289 1464 1346 gratia

68 1355 196 1401 multi
209 1372 254 1401 se
267 1364 526 1416 agnoscunt,
543 1355 621 1416 qui
632 1355 747 1400 forte
756 1356 846 1416 jam
859 1355 990 1401 vilem
1002 1356 1212 1401 habentes
1225 1358 1440 1402 mundum
1449 1393 1460 1413 ,

68 1437 112 1472 et
132 1428 278 1472 omnia
301 1443 401 1488 quae
421 1426 642 1472 delectant
669 1427 714 1471 in
731 1428 920 1483 mundo,
947 1428 1117 1488 eligunt
1145 1438 1260 1473 recte
1289 1430 1433 1474 vivere
1449 1466 1461 1487 ,

66 1498 174 1543 dum
195 1498 267 1543 hic
286 1499 442 1544 vivunt
465 1498 510 1542 in
527 1498 694 1557 gaudiis
716 1498 979 1559 quibusdam
996 1498 1275 1560 spiritalibus.
1290 1504 1346 1545 Et
1367 1502 1462 1546 haec

66 1569 185 1614 unde
206 1579 336 1614 erunt
368 1569 512 1614 adhuc
544 1570 870 1614 ambulantibus
910 1587 1039 1630 super
1070 1581 1257 1627 terram,
1295 1572 1376 1617 nisi
1411 1589 1462 1617 ex

4 1635 25 1644 v
65 1639 222 1686 divinis
234 1640 447 1700 Eloquiis,
464 1655 514 1684 ex
524 1640 660 1685 verbo
671 1641 765 1695 Dei,
780 1656 831 1684 ex
843 1641 1049 1700 parabola
1063 1641 1206 1702 aliqua
1223 1643 1462 1702 Scriptura·

64 1726 162 1755 rum
175 1721 364 1755 scrutata
377 1720 420 1755 et
431 1711 704 1769 investigata,
721 1726 773 1754 ex
784 1709 1016 1755 dulcedine
1031 1712 1307 1768 inventionis,
1327 1729 1458 1772 quam

63 1781 281 1842 praecessit
290 1780 414 1826 labor
431 1780 745 1840 inquisitionis?
762 1782 872 1825 Sunt
883 1780 1086 1841 quaedam
1099 1781 1282 1838 deliciae,
1299 1793 1459 1828 sanctae

63 1860 108 1896 et
124 1851 253 1895 bonae
271 1850 469 1895 inlibris.
495 1853 647 1911 Neque
669 1851 783 1894 enim
801 1861 902 1896 sunt
921 1852 966 1895 in
989 1867 1095 1896 auro
1116 1862 1159 1897 ct
1181 1863 1361 1912 argento
1377 1889 1388 1909 ,
1413 1854 1458 1898 in

63 1923 201 1982 epulis
214 1932 346 1983 atque
360 1921 528 1967 luxuria
541 1957 552 1978 ,
573 1922 619 1966 in
640 1922 869 1967 venatibus
881 1932 924 1967 et
946 1923 1179 1983 piscatibus
1192 1960 1202 1980 ,
1221 1925 1264 1969 in
1284 1925 1391 1970 ludo
1414 1935 1458 1970 et

59 1995 184 2056 joco,
197 1995 243 2038 in
257 1994 476 2039 theatricis
492 1994 640 2053 nugis,
663 1994 709 2037 in
727 1994 981 2039 affectandis
1010 2005 1052 2039 et
1075 1996 1456 2056 apprehendendis

62 2065 246 2109 ruinosis
261 2064 500 2109 honoribus
515 2085 525 2122 3
539 2080 683 2125 neque
695 2065 811 2109 enim
828 2081 928 2110 vera
941 2075 1042 2110 sunt
1058 2066 1215 2125 gaudia
1227 2068 1272 2111 in
1283 2067 1350 2111 his
1365 2083 1437 2112 om

62 2135 206 2190 nibus,
225 2135 332 2179 etin
355 2135 421 2179 his
438 2135 559 2179 libris
584 2134 706 2179 nulla
726 2145 829 2180 sunt
859 2155 868 2180 :
894 2136 1088 2182 imovero
1112 2137 1255 2181 anima
1273 2137 1346 2182 illa
1370 2138 1456 2182 ima

61 2205 303 2251 transiliens
314 2241 325 2262 ,
340 2215 386 2251 et
396 2207 442 2250 in
455 2206 520 2250 his
541 2205 754 2251 delectata
770 2206 886 2252 dicat
897 2244 907 2263 ,
922 2209 1024 2269 quia
1040 2224 1193 2254 verum
1210 2208 1315 2254 dicit
1330 2218 1373 2253 et
1384 2224 1455 2253 se-

61 2293 165 2323 cura
188 2277 318 2323 dicit:
347 2297 368 2321 ι(
393 2280 687 2324 Narraverunt
709 2279 816 2323 mihi
837 2280 986 2340 injusti
1015 2280 1345 2336 delectationes,
1378 2280 1455 2326 sed

64 2366 85 2390 »
108 2364 198 2393 non
237 2349 348 2393 sicut
373 2348 442 2393 lex
473 2358 563 2405 tua,
593 2350 816 2394 Domine2.
845 2368 864 2391 »
889 2351 1044 2395 Veniat
1069 2351 1213 2396 adhuc
1251 2352 1329 2396 iste
1357 2351 1450 2397 Idi-

61 2419 197 2475 thun,
222 2419 434 2465 transiliat
461 2435 533 2465 eos
555 2421 631 2481 qui
649 2420 921 2466 delectantur
938 2423 1055 2477 imis,
1081 2431 1123 2467 et
1145 2422 1385 2469 delectetur
1405 2425 1451 2468 in

62 2489 154 2545 his,
189 2499 232 2535 et
261 2491 448 2551 gaudeat
475 2491 522 2538 in
548 2492 683 2537 verbo
711 2493 912 2550 Domini,
943 2494 988 2538 in
1025 2493 1313 2541 delectatione
1346 2495 1450 2554 legis

112 2581 122 2598 ¹
143 2575 223 2609 Psal.
245 2586 351 2617 mxxix,
372 2587 423 2618 17.
441 2593 482 2600 —-
504 2583 516 2600 ²
539 2577 585 2610 Id.
610 2587 721 2619 cxvru,
742 2577 794 2609 86.
