1841 3223
428 241 670 270 sumnum
702 243 746 268 nv
780 240 982 269 PSALMUM
1017 242 1108 268 mir.
1373 230 1456 268 507

73 304 172 348 Non
192 304 273 349 tibi
294 314 472 360 terram,
499 304 574 350 sed
590 321 634 349 se
655 306 797 365 ipsum
817 314 980 360 servat,
1005 306 1081 366 qui
1104 305 1205 350 fecit
1231 305 1393 351 coelum
1416 314 1478 350 et.

74 381 247 417 terram.
278 394 298 417 «
329 374 585 420 Voluntarie
613 375 863 419 sacrificabo
892 375 971 419 tibi
996 395 1005 420 :
1035 394 1054 417 »
1080 375 1170 420 noli
1199 392 1251 421 ex
1279 375 1461 420 necessi-

73 451 176 486 tate.
204 444 248 490 Si
270 445 385 490 enim
404 454 583 505 propter
612 445 732 490 aliud
763 444 915 489 laudas
939 451 1069 490 Deum
1087 482 1098 501 ,
1123 461 1173 490 ex
1207 447 1459 492 necessitate

0 532 3 570 {v
73 512 238 559 laudas.
278 516 321 560 Si
356 515 522 560 adesset
553 516 632 561 tibi
653 516 774 575 quod
796 531 935 571 amas,
961 532 1050 560 non
1087 515 1284 561 laudares
1305 522 1456 565 Deum.

0 627 1 632 ,
73 585 184 629 Vide
211 585 319 645 quid
347 584 488 631 dicam
521 605 529 631 :
559 585 730 630 Laudas
758 591 890 629 Deum
907 620 918 640 ‚
953 586 1075 630 verbi
1108 587 1242 645 gratia
1261 622 1272 642 ,
1307 595 1358 633 ut
1379 587 1460 632 tibi

0 648 1 692 j
72 653 147 699 det
164 654 353 715 amplam
375 656 605 716 pecuniam
623 676 631 700 :
651 656 686 700 si
706 655 887 700 haberes
911 655 1088 700 aliunde
1109 656 1297 716 amplam
1322 672 1460 717 pecu-

71 726 204 781 niam,
230 743 320 771 non
342 743 366 771 a
387 733 487 782 Deo,
513 726 730 788 numquid
749 726 946 771 laudares
961 729 1123 771 Deum?
1147 728 1190 773 Si
1211 744 1314 787 ergo
1331 744 1461 789 prop-

70 806 137 842 ter
151 798 380 857 pecuniam
398 798 550 843 laudas
568 805 699 843 Deum
714 835 725 855 ,
751 814 840 843 11011
856 798 1100 843 voluntarie
1121 800 1332 845 sacrificas
1353 805 1456 856 Deo,

69 869 146 913 sed
157 885 208 913 ex
221 870 474 914 necessitate
495 871 706 915 sacrificas
725 890 734 915 :
755 870 856 931 quia
874 879 1032 931 praeter
1044 869 1169 915 illum
1189 871 1334 916 nescio
1351 870 1460 932 quid

69 937 190 983 aliud
220 955 352 984 amas.
392 940 501 984 Inde
533 941 701 985 dictum
734 950 796 985 est
830 960 840 985 ;
870 960 888 983 «
914 939 1172 986 Voluntarie
1205 941 1459 987 sacrificabo

71 1028 93 1052 ))
128 1010 223 1055 tibi.
248 1029 267 1051 »
300 1013 545 1057 Contemne
567 1013 734 1068 omnia,
764 1012 907 1072 ipsum
936 1012 1128 1058 attende.
1164 1015 1221 1057 Et
1242 1013 1337 1058 haec
1359 1029 1460 1073 quae

68 1080 211 1136 dedit,
236 1091 415 1142 propter
436 1081 614 1127 dantem
636 1083 751 1128 bona
780 1093 898 1128 sunt.
923 1085 1033 1128 Nam
1056 1082 1128 1128 dat
1150 1099 1324 1143 prorsus
1340 1119 1352 1139 ,
1383 1083 1460 1130 dat

68 1152 148 1200 ista
176 1153 460 1213 temporalia,
485 1163 529 1198 et
548 1154 813 1214 quibusdam
847 1155 964 1200 bono
986 1170 1135 1199 eorum
1159 1190 1170 1210 ,
1196 1154 1456 1215 quibusdam

67 1221 184 1267 malo
201 1238 352 1268 eorum
369 1258 381 1278 ,
405 1223 646 1272 secundum
668 1225 942 1269 altitudinem
961 1235 1005 1270 et
1025 1224 1368 1284 profunditatem
1383 1227 1459 1286 ju-

68 1293 282 1338 diciorum
310 1310 504 1339 suorum.
541 1298 593 1339 In
614 1311 802 1355 quorum
819 1295 1084 1355 judiciorum
1108 1296 1263 1354 abysso
1287 1296 1462 1355 expavit

67 1364 325 1424 ApostolUS,
358 1365 505 1410 dicens
531 1384 540 1411 ε
572 1384 592 1407 «
616 1367 654 1409 Ο
675 1365 861 1410 altitudo
895 1365 1145 1411 divitiarum
1172 1367 1394 1426 sapientiae
1415 1376 1460 1411 et

69 1452 92 1476 »
126 1435 316 1480 scientias
345 1436 440 1490 Dei,
471 1450 604 1496 *quam
639 1436 935 1481 inscrutabilia
968 1446 1069 1481 sunt
1087 1436 1251 1497 judicia
1273 1438 1385 1497 ejus,
1416 1445 1461 1482 et

71 1523 91 1546 ))
116 1505 437 1564 investigabiles
451 1506 533 1551 viae
544 1506 676 1565 ipsius
689 1506 697 1549 l
711 1506 812 1559 Quis
824 1507 939 1550 enim
955 1507 1233 1565 investigabit
1245 1507 1333 1551 vias
1346 1508 1454 1567 ejus,

17 1603 27 1608 -
68 1592 90 1617 »
126 1584 202 1619 aut
225 1576 324 1636 quis
343 1575 686 1636 comprehendet
710 1576 887 1621 consilia
905 1579 1057 1637 ejus¹P
1076 1595 1096 1619 ))
1122 1578 1252 1622 Novit
1278 1577 1457 1638 quando

66 1644 142 1690 det
158 1681 170 1703 ,
195 1646 266 1690 cui
287 1647 390 1705 det3
423 1647 602 1708 quando
625 1646 821 1702 auferat,
848 1656 891 1692 et
912 1648 982 1692 cui
1004 1647 1188 1692 auferat.
1215 1651 1319 1693 Pete
1345 1649 1458 1694 tuin

66 1717 150 1762 hoc
173 1727 370 1778 tempore
391 1717 512 1778 quod
541 1718 622 1762 tibi
644 1718 779 1778 prosit
808 1718 854 1761 in
875 1727 1097 1778 posterum
1116 1753 1126 1773 ,
1152 1727 1251 1778 pete
1273 1718 1394 1779 quod
1414 1728 1459 1766 te

66 1786 248 1847 adjuvet
268 1788 313 1833 in
330 1797 560 1832 aeternum.
587 1791 735 1848 Ipsum
759 1798 904 1833 autem
922 1791 1051 1847 gratis
1073 1787 1205 1847 dilige
1225 1789 1349 1848 :quia
1371 1804 1460 1833 me-

64 1855 149 1901 lius
167 1856 223 1901 ah
246 1873 298 1902 eo
319 1873 409 1903 non
432 1859 598 1902 invenis
614 1859 734 1918 quod
752 1858 827 1903 det
847 1874 980 1918 quam
1003 1874 1046 1903 se
1063 1859 1230 1918 ipsum,
1248 1868 1323 1903 aut
1340 1860 1372 1904 si
1394 1860 1459 1904 in·-

63 1928 186 1973 venis
221 1928 397 1984 melius,
436 1929 519 1973 hoc
554 1939 668 1988 pete.
707 1949 727 1972 «
746 1929 1003 1974 Voluntarie
1034 1930 1286 1975 sacrificabo
1309 1931 1404 1975 tibi.
1435 1951 1454 1975 »

66 2003 206 2052 Quare
231 2017 251 2040 «
272 1998 553 2044 Voluntarie?
573 2018 592 2041 ))
620 2000 726 2052 Quia
750 2000 894 2058 gratis.
921 2000 1035 2053 Quid
1055 2010 1139 2055 est,
1170 2001 1332 2058 gratis?
1358 2021 1378 2043 «
1400 2004 1459 2046 Et

71 2089 89 2110 »
125 2068 369 2113 confitebor
389 2069 556 2113 nomini
579 2079 672 2124 tuo,
691 2070 890 2124 Domine,
911 2070 1118 2130 quoniam
1141 2070 1307 2115 bonum
1325 2080 1414 2116 est:
1433 2090 1453 2113 »

67 2138 123 2183 ob
145 2138 255 2182 nihil
277 2137 394 2183 aliud
408 2174 419 2194 ,
445 2139 526 2183 nisi
543 2140 644 2199 quia
661 2139 828 2183 bonum
851 2150 929 2184 est.
949 2140 1174 2200 Numquid
1195 2141 1254 2185 ait
1272 2160 1281 2185 :
1305 2141 1456 2186 Confl-

65 2209 193 2253 tebor
213 2209 379 2253 nomini
401 2218 479 2254 tuo
495 2244 506 2263 ,
532 2209 732 2265 Domine,
764 2210 867 2270 quia
884 2209 959 2254 das
978 2210 1084 2254 mihi
1102 2209 1323 2256 fructuosa
1341 2227 1456 2271 prae-

66 2279 154 2334 dia,
175 2279 276 2339 quia
293 2278 368 2324 das
389 2280 498 2324 mihi
516 2296 671 2325 aurum
688 2289 732 2325 et
745 2290 992 2340 argentum,
1013 2281 1114 2340 quia
1133 2279 1209 2325 das
1222 2281 1330 2326 mihi
1348 2281 1456 2327 latas

66 2347 254 2404 divitias,
271 2349 459 2408 amplam
479 2350 728 2409 pecuniam,
746 2350 1147 2394 excellentissimam
1171 2350 1454 2408 dignitatem?

64 2421 177 2464 Non.
202 2419 286 2464 Sed
307 2418 443 2480 quid?
466 2440 485 2463 «
506 2421 718 2474 Quoniam
739 2421 903 2465 bonum
922 2429 999 2465 est.
1025 2440 1042 2462 »
1065 2419 1221 2465 Melius
1244 2421 1356 2467 nihil
1382 2422 1453 2468 in-

116 2533 124 2549 ·
152 2529 242 2560 110111ε
261 2538 305 2569 xi,
326 2528 380 2570 33,
402 2528 456 2571 34.
