1841 3223
368 219 608 248 ENARRATIO
639 222 684 248 IN
718 217 919 248 PSALMUM
954 221 1075 246 XLIII.
1326 208 1409 245 273

31 286 144 339 Quid
171 285 330 330 dicturi
361 301 508 330 sumus
540 286 578 329 ei
594 320 605 340 ,
646 286 722 346 qui
744 286 884 345 primo
907 285 1036 343 gratis
1057 299 1135 327 nos
1157 283 1282 338 fecit,
1309 284 1412 342 quia

27 357 171 402 bonus
203 366 288 413 est,
313 373 405 402 non
425 357 527 416 quia
557 356 723 416 ahquid
744 356 1010 400 meruimus?
1043 353 1208 400 Deinde
1230 353 1285 398 de
1321 354 1413 413 ipsa

28 428 325 487 reparatione,
360 426 415 471 de
447 425 638 470 secunda
670 426 895 470 nativitate
914 425 1021 486 quid
1044 425 1203 470 dicturi
1238 427 1414 469 sumus?

27 497 184 542 Merita
204 505 350 542 nostra
371 495 522 540 fecisse
542 505 593 540 ut
612 495 737 539 nobis
759 494 833 539 illa
854 495 968 540 salus
989 505 1199 556 perpetua
1220 496 1415 540 mittere-

27 575 101 612 tur
122 583 146 612 a
163 567 383 615 Domino?
403 565 544 610 Absit.
571 566 615 611 Si
639 566 792 610 merita
819 575 961 609 nostra
996 565 1161 625 ahquid
1189 565 1411 621 facerent,

28 636 84 681 ad
106 636 429 682 damnationem
451 645 644 681 nostram
672 636 853 681 veniret.
878 639 977 681 Non
997 637 1118 680 venit
1144 634 1218 679 ille
1248 636 1303 680 ad
1324 636 1416 680 ins-

28 707 274 767 pectionem
300 707 552 751 meritorum
568 741 579 762 ,
617 706 695 750 sed
721 706 777 750 ad
799 706 1091 750 remissionem
1116 714 1411 764 peccatorum.

27 780 126 823 Non
155 775 275 822 fuisti
290 812 302 832 ,
327 786 372 821 et
391 775 531 821 factus
553 792 596 821 es
617 795 626 821 :
652 776 760 837 quid
781 779 871 820 Deo
891 775 1078 820 dedisti?
1100 775 1240 820 Malus
1268 774 1386 820 suisti
1400 811 1413 831 ‚

29 857 73 893 et
94 847 304 892 liberatus
324 863 368 892 es
395 866 404 892 :
427 846 536 908 quid
557 851 649 892 Deo
677 846 861 891 dedisti?
880 845 998 900 Quid
1019 862 1109 891 non
1130 846 1186 890 ab
1212 862 1264 891 eo
1286 847 1416 905 gratis

29 919 257 979 accepisti?
277 919 434 964 Merito
456 927 500 962 et
527 918 660 976 gratia
693 917 966 973 nominatur,
997 918 1099 978 quia
1121 917 1248 976 gratis
1269 917 1413 962 datur.

29 989 228 1048 Exigitur
248 1005 351 1048 ergo
373 1005 397 1033 a
418 998 478 1044 te,
493 997 544 1032 ut
566 997 610 1032 et
623 998 672 1032 tu
687 988 817 1047 gratis
831 1003 932 1032 eum
953 987 1090 1045 colas3
1114 1003 1204 1032 non
1221 988 1324 1048 quia
1342 988 1418 1034 dat

29 1059 283 1120 temporalia
302 1095 314 1116 ,
338 1059 413 1105 sed
429 1060 532 1120 quia
553 1068 729 1120 praestat
745 1069 922 1104 aeterna.

86 1134 207 1176 XVI.
245 1130 330 1176 Sed
355 1131 448 1190 ipsa
475 1140 636 1175 aeterna
661 1129 761 1174 vide
788 1146 844 1174 ne
867 1129 990 1174 aliter
1011 1131 1172 1189 cogites
1192 1165 1202 1185 ,
1230 1140 1274 1175 et
1295 1132 1417 1190 cogi-

29 1201 164 1246 tando
185 1210 348 1246 aeterna
369 1200 600 1246 carnaliter
617 1201 900 1245 nihilominus
923 1204 1062 1245 Deum
1085 1201 1214 1260 gratis
1237 1217 1327 1246 non
1348 1218 1420 1247 00-

28 1272 104 1317 las.
124 1272 240 1326 Quid
261 1273 408 1317 enim?
428 1273 471 1318 Si
489 1272 588 1317 ideo
609 1272 714 1318 colis
732 1275 886 1327 Deum,
904 1273 1007 1332 quia
1019 1273 1093 1316 dat
1109 1273 1190 1316 tibi
1207 1271 1415 1328 fundum,

29 1359 119 1388 non
142 1359 243 1388 eum
264 1343 464 1388 culturus
488 1358 553 1398 es,
580 1343 682 1403 quia
711 1341 826 1387 tollit
847 1343 927 1386 tibi
949 1341 1165 1386 fundum?
1200 1343 1286 1388 Sed
1304 1343 1431 1388 forte

29 1423 79 1458 tu
107 1413 212 1458 dicis
233 1433 242 1459 :
269 1414 373 1458 Ideo
395 1429 497 1458 eum
519 1413 681 1468 colam,
707 1414 810 1474 quia
832 1412 956 1457 dabit
992 1413 1097 1456 mihi
1122 1412 1272 1457 villam
1288 1448 1298 1468 ‚
1327 1430 1419 1459 non

29 1493 176 1530 tamen
196 1483 495 1544 temporalem.
520 1483 813 1529 Nihilominus
843 1483 987 1527 adhuc
1009 1492 1260 1543 corruptam
1290 1499 1420 1528 men-

29 1563 118 1599 tem
140 1555 248 1612 geris
270 1573 280 1599 z
306 1570 452 1599 amore
473 1554 592 1597 enim
608 1563 725 1598 casto
742 1569 832 1598 non
853 1553 978 1608 colis,
1004 1553 1148 1597 adhuc
1171 1553 1418 1598 mercedem

29 1625 205 1684 expetis.
231 1627 295 1669 Ea
316 1626 432 1668 enim
451 1624 514 1669 vis
535 1624 697 1668 habere
726 1624 772 1667 in
805 1623 957 1668 futuro
988 1623 1172 1675 saeculo,
1211 1640 1312 1684 quae
1345 1625 1419 1669 1110

29 1710 202 1739 11606336
223 1703 287 1738 est
307 1693 582 1754 derelinquas
603 1713 613 1738 ;
637 1703 806 1737 mutare
816 1694 879 1738 vis
896 1693 1165 1753 voluptatem
1178 1694 1414 1751 carnalem,

29 1782 119 1811 non
133 1776 372 1828 amputare.
388 1768 487 1811 Non
502 1765 706 1809 laudatur
724 1765 770 1808 in
790 1764 865 1808 illo
875 1764 1109 1825 jejunium,
1125 1766 1202 1825 qui
1220 1766 1275 1809 ad
1291 1765 1418 1810 luxu-

29 1836 184 1881 riosam
205 1851 376 1880 coenam
392 1844 534 1879 servat
551 1844 748 1879 ventrem
769 1850 912 1878 suum.
930 1835 1175 1879 Invitantur
1198 1837 1313 1880 enim
1337 1837 1418 1880 ali-

29 1908 207 1970 quando
227 1908 425 1953 homines
441 1906 498 1952 ad
519 1922 693 1952 coenam
714 1922 913 1964 magnam
931 1942 941 1962 ,
967 1917 1011 1951 et
1032 1923 1131 1951 cum
1155 1907 1211 1952 ad
1227 1923 1322 1953 eam
1343 1925 1418 1954 vo-

29 1978 129 2024 lunt
143 1977 258 2024 avidi
279 1978 426 2022 venire
443 2012 454 2032 ‚
473 1977 676 2037 jejunant
698 1996 707 2021 ς
733 1976 951 2037 numquid
973 1978 1055 2021 11οο
1071 1978 1289 2038 jejunium
1311 1996 1419 2024 con-

29 2049 224 2093 tinentiae
238 2083 250 2104 ,
290 2057 334 2092 et
354 2063 444 2092 non
479 2047 626 2106 potius
662 2046 846 2091 luxuriae
879 2047 1184 2107 deputandum
1205 2051 1293 2093 est?
1316 2051 1416 2096 Noli

30 2135 133 2178 ergo
148 2117 250 2164 talia
271 2133 442 2178 sperare
460 2117 539 2161 tibi
560 2116 704 2161 danda
725 2133 748 2161 a
770 2121 859 2162 Deo
877 2118 1046 2178 :qualia
1068 2119 1138 2162 hic
1155 2119 1284 2178 jubet
1306 2136 1414 2165 con-

30 2199 238 2234 temnere.
265 2191 369 2233 Haec
401 2188 516 2232 enim
549 2188 782 2248 sperabant
807 2188 950 2233 Judaei
965 2224 976 2244 ‚
1001 2188 1100 2233 ideo
1123 2190 1417 2236 turbabantur

31 2260 78 2304 in
99 2259 172 2304 illa
194 2258 568 2320 quaestione.Nam
585 2267 630 2302 et
649 2258 729 2318 ipsi
746 2259 1103 2303 resurrectionem
1125 2270 1314 2319 sperant,
1339 2261 1417 2307 sed

32 2330 88 2374 ad
109 2329 214 2374 tales
234 2329 479 2388 voluptates
490 2329 680 2388 corporis
698 2344 743 2372 sc
763 2339 940 2389 sperant
959 2339 1290 2387 resurrecturos,
1306 2348 1417 2391 qua-

32 2400 94 2444 les
122 2400 194 2444 hic
215 2408 378 2444 amant.
403 2397 508 2443 Ideo
540 2414 641 2443 cum
661 2399 720 2443 eis
742 2409 1059 2459 proponeretur
1081 2400 1264 2460 quaestio
1295 2401 1369 2446 illa
1390 2419 1416 2448 a

35 2471 284 2517 Sadducaeis
299 2505 310 2527 ‚
329 2471 406 2532 qui
426 2487 516 2516 non
537 2471 723 2515 credunt
744 2471 1119 2527 resurrectionem,
1145 2471 1200 2516 de
1221 2472 1296 2518 illa
1317 2490 1417 2519 mu-

33 2542 137 2587 liere
158 2558 257 2603 quae
280 2542 428 2602 nupsit
448 2550 613 2601 septem
635 2539 839 2586 fratribus
861 2540 1033 2588 sibimet
1050 2542 1383 2590 succedentibus
1399 2581 1411 2601 ‚

222 2623 326 2652 cxv,
1181 2619 1228 2654 18
