1841 3223
445 226 686 258 ENARRATIO
718 230 763 258 m
795 228 997 258 PsALMUM
1029 231 1115 257 Ην.
1368 216 1450 256 515

69 292 345 337 dilectionem
361 328 372 349 ,
396 302 447 338 ut
463 294 616 353 diligat
637 294 832 339 inimicos
849 328 860 349 ,
886 294 1068 338 affectus
1084 301 1148 336 est
1159 291 1290 337 taedio
1304 327 1314 347 ,
1335 291 1452 336 mul-
1471 347 1474 350 ἱ

69 372 215 408 torum
254 363 487 408 inimicitiis
504 399 515 419 ,
559 364 799 408 multorum
837 363 956 407 rabie
997 361 1365 417 circumlatratus,
1409 369 1453 406 et

69 432 259 494 quadam
291 434 483 478 humana
514 434 764 478 infirmitate
787 432 1031 478 succubuit.
1067 432 1188 477 Vidit
1209 447 1252 476 se
1269 433 1360 493 jam
1381 432 1453 475 in·-

68 504 210 563 cipere
243 505 461 563 penetrari
488 504 600 548 mala
636 505 912 564 persuasione
939 503 1182 558 diabolica,
1222 512 1271 547 ut
1303 503 1454 547 odium

68 573 250 619 inducat
271 573 499 619 adversum
521 576 715 620 inimicos
741 595 748 620 :
775 575 992 620 reluctans
1021 574 1122 619 odio
1152 584 1203 618 ut
1228 574 1456 634 perficeret

68 646 208 705 ipsam
228 639 534 701 dilectionem,
558 646 604 690 in
630 647 721 706 ipsa
748 661 896 706 pugna
919 655 963 689 et
992 645 1111 690 lucta
1137 646 1337 690 turbatus
1371 654 1451 690 est.

68 716 311 776 Ejus‘enim
332 728 415 761 vox
433 725 495 760 est
517 725 559 760 et
580 718 624 760 in
645 715 727 761 alio
750 716 942 771 Psalmo,
978 734 995 756 «
1024 716 1242 760 Turbatus
1279 725 1343 759 est
1363 730 1455 774 prae

73 780 113 827 »'
133 786 196 830 ira
232 780 383 834 oculus
404 800 540 830 meus.
571 800 592 828 »¹
616 783 673 831 Et
694 787 802 846 quid
824 786 885 830 ibi
905 787 1125 846 sequitur?
1151 805 1171 828 «
1204 785 1449 829 Inveteravi

75 875 93 897 »
112 855 160 899 in
177 855 383 900 omnibus
415 856 598 900 inimicis
631 857 781 900 meis1.
805 875 825 897 η
863 855 1009 900 Veluti
1043 856 1090 899 in
1118 864 1375 915 tempestate
1412 863 1457 898 et

70 926 277 970 fluctibus
298 926 434 984 mergi
464 935 678 986 coeperat,
705 927 816 971 sicut
839 927 1045 970 Petrus2?
1069 925 1150 969 Ille
1181 925 1298 968 enim
1319 923 1458 968 calcat

70 997 228 1041 fluctus
250 998 378 1058 hujus
394 997 564 1053 saeculi,
589 998 665 1058 qui
679 997 819 1055 diligit
833 997 1043 1043 inimicos.
1064 997 1260 1042 Christus
1282 996 1327 1040 in
1349 996 1458 1040 mari

71 1066 326 1112 ambulabat
362 1067 604 1127 intrepidus
628 1103 639 1122 ,
681 1068 804 1128 cujus
840 1068 1018 1112 omnino
1056 1066 1111 1111 de
1145 1066 1276 1112 corde
1310 1066 1459 1111 offerri

70 1153 159 1182 non
181 1146 353 1197 poterat
379 1137 542 1182 inimici
570 1137 745 1182 dilectio
768 1158 776 1182 :
802 1139 877 1199 qui
900 1137 1090 1195 pendens
1113 1137 1158 1180 in
1189 1153 1317 1181 cruce
1340 1136 1460 1181 dice-

70 1208 145 1252 bat
163 1227 173 1253 ;
197 1227 215 1248 «
242 1211 370 1252 Pater
386 1243 397 1263 ,
416 1208 592 1267 ignosce
614 1207 697 1252 illis
712 1244 723 1264 ,
748 1209 850 1269 quia
872 1209 1072 1253 nesciunt
1089 1207 1195 1268 quid
1219 1207 1457 1251 faciunt3.»

70 1281 128 1323 Et
151 1282 302 1323 Petrus
326 1278 466 1324 voluit
491 1279 730 1323 ambulare.
769 1279 848 1323 Ille
874 1289 1083 1340 tanquam
1114 1287 1271 1338 caput,
1311 1282 1464 1322 Petrus

71 1358 283 1410 tanquam*
320 1363 478 1409 corpus
515 1369 524 1394 ε
560 1369 577 1390 «
610 1349 723 1403 Quia
755 1365 884 1410 super
917 1351 1030 1394 hanc
1060 1359 1248 1409 petram,
1285 1348 1456 1409 inquit,

75 1438 95 1461 »
121 1419 349 1465 aedificabo
377 1419 614 1465 Ecclesiam
637 1435 793 1465 meam.
827 1439 848 1461 »
877 1423 1027 1464 Jussus
1054 1429 1117 1464 est
1146 1418 1394 1473 ambulare,
1420 1427 1464 1463 et

73 1489 327 1535 ambulabat
357 1491 492 1550 gratia
514 1491 731 1551 jubentis,
768 1506 856 1535 non
887 1490 1052 1534 viribus
1090 1490 1191 1534 suis.
1238 1488 1323 1534 Sed
1360 1504 1462 1533 cum

72 1560 241 1605 videret
260 1571 443 1606 ventum
460 1560 654 1606 validum
673 1595 684 1616 ,
715 1561 882 1617 timuit,
907 1569 951 1604 et
971 1560 1106 1619 mergi
1131 1561 1223 1620 jam
1244 1569 1460 1619 coeperat,

73 1630 361 1676 conturbatus
392 1631 438 1675 in
472 1631 779 1676 exercitatione
806 1646 897 1675 sua.
936 1633 974 1674 A
1004 1645 1094 1690 quo
1122 1638 1254 1673 vento
1290 1628 1464 1674 valido?

77 1720 101 1744 »Ἰ
121 1704 160 1746 Α
188 1716 296 1746 voce
316 1701 500 1757 inimici,
534 1711 578 1746 et
609 1717 633 1746 a
654 1699 938 1746 tribulatione
974 1699 1254 1759 peccatoris&
1288 1716 1308 1740 »
1342 1702 1459 1758 Ergo

74 1771 298 1832 quomodo
325 1770 399 1815 ille
432 1771 635 1816 clamavit
665 1772 710 1815 in
743 1770 976 1815 fluctibus:
1012 1789 1033 1812 «
1060 1769 1270 1824 Domine,
1305 1784 1459 1828 pereo,

80 1862 98 1884 »
119 1841 237 1886 salva
257 1843 356 1885 me⁵
395 1861 404 1886 2
446 1862 463 1883 »
495 1842 592 1886 talis
624 1850 668 1886 et
688 1842 820 1902 hujus
841 1856 926 1886 vox
943 1839 1182 1900 praecessit,
1217 1858 1234 1880 «
1265 1839 1462 1898 Exaudi,

80 1921 105 1954 »³
130 1915 245 1956 Deus
260 1947 271 1968 ,
297 1911 648 1972 deprecationem
669 1926 832 1966 meam,
866 1921 909 1955 et
930 1926 986 1955 ne
1019 1909 1260 1969 despexeris
1288 1926 1463 1969 precem

79 2001 104 2025 »-
124 1997 266 2027 meam
284 2001 293 2026 :
308 1981 488 2026 intende
499 1981 624 2036 mihi,
645 1990 688 2026 et
705 1980 860 2026 exaudi
877 1981 989 2024 me6.
1011 1998 1031 2022 n
1046 1983 1210 2034 Quare?
1227 1981 1336 2040 quid
1347 1982 1464 2027 enim

77 2053 266 2114 pateris?
283 2051 391 2113 quid
412 2053 577 2111 gemis?
602 2072 622 2095 «
646 2051 935 2098 Contristatus
957 2067 1054 2096 sum
1085 2051 1131 2095 in
1159 2052 1467 2097 exercitatione

80 2143 102 2166 »
127 2138 237 2168 mea.
263 2141 284 2166 η
304 2124 505 2168 Exerceri
525 2138 596 2167 me
623 2122 804 2184 quidem
838 2123 952 2167 inter
977 2121 1114 2166 malos
1144 2122 1350 2182 posuisti,
1390 2122 1468 2167 sed

79 2195 206 2239 nimis
236 2200 547 2239 exurrexerunt
576 2209 705 2254 supra
722 2193 833 2238 vires
852 2208 969 2237 meas
996 2211 1005 2236 :
1034 2190 1271 2252 tranquilla
1297 2201 1467 2251 pertur-

79 2266 255 2321 batum,
279 2280 460 2309 manum
478 2265 662 2310 extende
684 2263 912 2324 mergenti.
942 2281 963 2305 «
987 2262 1277 2308 Contristatus
1304 2278 1399 2306 sum
1421 2263 1467 2307 in

83 2353 104 2377 »
130 2334 436 2380 exercitatione
456 2350 551 2378 mea
567 2369 578 2390 ,
608 2343 652 2378 et
672 2333 957 2379 conturbatus
980 2347 1077 2376 sum
1100 2348 1123 2376 a
1144 2346 1251 2376 voce
1271 2331 1466 2389 inimici,

22 2458 27 2461 ⁷
85 2423 107 2447 »
131 2413 175 2449 et
195 2420 219 2449 a
241 2404 524 2450 tribulatione
552 2404 790 2465 peccatoris
805 2438 816 2459 ,
842 2403 1049 2463 quoniam
1077 2400 1406 2447 declinaverunt
1422 2403 1470 2448 in

131 2508 139 2524 ¹
158 2501 238 2533 Psal.
254 2512 298 2544 vi,
313 2501 346 2534 8.
365 2517 408 2524 —-
435 2509 449 2524 ²
477 2500 591 2534 Matth.
617 2512 674 2533 xiv
688 2525 697 2542 ,
713 2500 767 2533 30.
789 2517 829 2522 —
849 2497 862 2522 3
878 2501 956 2531 Luc.
977 2510 1065 2540 xxiii,
1092 2497 1145 2540 34.
1165 2515 1206 2521 —-
1221 2496 1237 2523 -4
1251 2498 1332 2531 Psal.
1353 2510 1417 2541 mv,
1432 2497 1464 2540 4.

85 2575 126 2581 —-
150 2556 166 2582 ⁵
182 2558 295 2591 Matth.
315 2569 385 2600 xiv,
406 2559 458 2591 30.
482 2575 523 2584 --
542 2556 558 2581 ⁶
576 2558 656 2590 Psal.
677 2567 741 2599 mv,
761 2565 795 2598 2,
815 2555 846 2588 3.

1217 2610 1280 2648 33.
