1841 3223
405 205 490 244 286
845 213 879 241 s.
916 213 1148 242 Auenswm
1182 215 1362 243 EPISCOPI

401 283 577 325 Summa
596 288 638 323 et
659 294 757 323 vera
780 277 1063 337 pulchritudo
1076 280 1241 338 justitia
1264 290 1327 324 est
1348 300 1355 324 ;
1384 280 1443 323 ibi
1465 280 1591 325 illum
1610 297 1698 326 nou
1722 283 1787 327 vi-

399 351 520 393 debis
550 349 810 408 pulchrum.
848 348 924 392 ubi
957 348 1249 408 deprehendis
1279 351 1489 410 injustum
1524 351 1592 395 :si
1625 353 1791 413 ubique

390 422 533 481 justus
555 455 565 474 ⁷
605 420 771 479 ubique
793 417 1002 463 decorus.⁴
1033 420 1189 464 Veniat
1223 435 1323 478 ergo
1350 421 1475 465 nobis
1497 422 1791 481 inspiciendus

395 491 532 535 oculis
566 491 720 534 mentis
737 525 747 545 ‚
783 489 1026 550 descriptus
1063 507 1084 534 a
1113 491 1307 551 quodam
1335 490 1562 536 laudatore
1583 509 1662 538 suo
1684 497 1791 539 Pro·

394 562 526 620 pheta
548 579 556 605 :
583 576 683 605 ecce
705 559 875 620 incipit.

454 634 530 676 IV.
556 652 576 675 «
603 633 831 677 Eructavit
851 648 926 677 cor
947 647 1093 676 meum
1117 631 1300 675 verbum
1322 632 1486 676 bonum
1500 635 1531 677 ¹.
1557 651 1577 675 »
1596 634 1702 687 Quis
1720 633 1789 679 cli-

393 703 473 759 cit,
500 706 651 758 Pater,
674 719 728 747 an
760 703 1010 762 Propheta?
1033 701 1348 746 intellexerunt
1366 704 1481 747 enim
1504 704 1684 763 quidam
1703 707 1787 759 Pa-

391 775 468 819 tris
506 787 733 834 personam
762 774 974 827 dicentis,
1005 791 1025 814 «
1051 773 1277 817 Eructavit
1309 789 1383 818 cor
1416 789 1564 818 mcum
1602 775 1788 819 verbum

394 863 416 887 »
451 845 640 899 bonum,
669 864 689 887 »
716 843 1065 889 commendantis
1096 845 1222 889 nobis
1254 846 1527 890 nativitatem
1549 846 1787 907 quamdam

390 915 675 960 ineffabilem.
712 919 774 960 Nc
806 915 916 960 forte
948 925 1123 975 putares
1154 915 1320 975 aliquid
1348 927 1641 976 assumptum,
1668 917 1787 963 unde

388 985 550 1030 Filium
585 996 809 1044 generaret
832 990 972 1043 Deus3
998 985 1374 1046 quemadmodum
1400 988 1532 1032 homo
1557 987 1640 1031 sibi
1663 1004 1782 1032 assu—

387 1058 468 1101 mit
490 1057 655 1117 aliquid
683 1055 801 1101 unde
825 1066 1002 1115 generet
1025 1056 1137 1101 filios
1155 1091 1165 1111 ,
1202 1058 1456 1116 conjugium
1478 1058 1665 1113 scilicet,
1691 1059 1783 1103 sine

387 1144 477 1189 quo
494 1129 663 1188 prolem
680 1143 907 1188 procreare
924 1128 1057 1171 bomo
1079 1143 1170 1171 non
1191 1137 1335 1186 potest
1353 1148 1360 1172 2
1378 1144 1432 1171 ne
1456 1128 1589 1187 igitur
1611 1138 1784 1188 putares

387 1199 536 1260 aliquo
557 1200 762 1259 conjugio
783 1197 1022 1258 indiguisse
1045 1201 1200 1252 Deum,
1218 1197 1337 1241 unde
1356 1197 1513 1242 Filium
1539 1208 1780 1258 generaret,

390 1290 411 1314 (ι
432 1272 660 1316 Eructavit
675 1307 686 1326 ‚
711 1271 879 1331 inquit,
915 1286 989 1315 cor
1009 1285 1157 1314 meum
1187 1268 1372 1313 verbum
1390 1269 1574 1314 bonum.
1599 1288 1618 1311 n
1642 1271 1783 1316 Hodie

385 1358 461 1387 cor
482 1352 631 1398 tuum,
657 1358 682 1387 o
702 1343 836 1387 homo
853 1377 864 1397 ‚
891 1350 1068 1399 generat
1090 1340 1320 1384 consilium
1339 1375 1349 1395 ,
1375 1356 1454 1384 nec
1487 1342 1646 1401 quaerit
1674 1358 1783 1386 uxo-

384 1428 478 1457 rem
498 1433 506 1458 :
525 1429 602 1474 per
623 1412 854 1458 consilium
875 1421 1027 1455 natum
1050 1426 1103 1454 ex
1127 1411 1258 1455 corde
1282 1419 1358 1454 tuo
1375 1410 1562 1455 aedificas
1585 1411 1778 1472 aliquid3

384 1493 429 1528 et
450 1483 525 1528 illa
549 1483 711 1528 fabrica
729 1519 739 1539 ‚
773 1492 1008 1542 antequam
1037 1490 1121 1525 stet
1144 1481 1190 1524 in
1212 1496 1342 1540 opere
1359 1516 1369 1536 ,
1403 1490 1488 1525 stat
1507 1482 1553 1525 in
1569 1483 1747 1527 consilio
1766 1504 1777 1542 3

383 1564 429 1598 et
446 1555 558 1598 inest
569 1555 660 1615 jam
679 1553 799 1614 quod
815 1552 1010 1597 facturus
1028 1567 1088 1606 es,
1114 1552 1158 1594 in
1180 1568 1232 1596 co
1254 1567 1332 1611 per
1348 1553 1468 1612 quod
1490 1552 1686 1598 facturus
1707 1569 1775 1599 es:

382 1635 427 1670 et
446 1626 598 1670 laudas
622 1625 829 1670 fabricam
852 1624 1051 1668 nondum
1073 1623 1343 1678 existentem,
1359 1624 1558 1668 nondum
1575 1625 1619 1668 in
1637 1625 1778 1685 specie
1840 1678 1841 1686 ἵ

380 1695 575 1751 aedificii,
601 1697 678 1740 sed
696 1696 740 1739 in
763 1693 1008 1754 prolatione
1025 1693 1220 1751 consilii3
1245 1709 1326 1738 nec
1357 1693 1508 1738 laudat
1529 1693 1638 1738 alius
1667 1711 1775 1740 con-
1840 1693 1841 1698 ’

379 1766 524 1812 silium
546 1777 675 1811 tuum
693 1802 703 1821 ,
737 1766 818 1810 nisi
841 1775 918 1809 aut
938 1764 1218 1820 indicaveris,
1251 1774 1327 1809 aut
1357 1764 1516 1809 viderit
1550 1764 1672 1826 quod
1704 1765 1774 1810 fe—

377 1838 488 1882 cisti.
515 1840 633 1894 Ergo
669 1837 705 1878 si
737 1849 814 1894 per
836 1832 1035 1876 Verbum
1065 1833 1238 1887 omnia,
1269 1842 1313 1877 et
1347 1835 1543 1877 Verbum
1576 1834 1630 1878 de
1652 1839 1770 1895 Deo3

376 1908 542 1968 inspice
565 1907 776 1951 fabricam
799 1903 959 1948 factam
982 1919 1058 1962 per
1085 1904 1302 1959 Verbum,
1326 1916 1365 1948 et
1399 1920 1450 1948 ex
1475 1905 1556 1950 isto
1584 1907 1771 1952 aedificio

375 1979 533 2023 mirare
551 1976 796 2022 consilium.
823 1974 963 2027 Quale
981 1974 1177 2017 Verbum
1200 1983 1264 2018 est
1281 1990 1357 2033 per
1383 1974 1503 2035 quod
1521 1975 1686 2021 factum
1706 1988 1770 2023 est

376 2052 541 2095 coelum
556 2059 599 2094 et
622 2058 752 2102 terra,
781 2056 825 2091 et
846 2045 986 2090 onmis
1009 2055 1186 2089 ornatus
1209 2045 1324 2101 coeli,
1345 2047 1485 2091 omnis
1505 2046 1767 2094 foecunditas

374 2131 523 2177 terrae,
542 2120 719 2167 diffusio
741 2118 891 2171 maris,
914 2116 1117 2160 distensio
1142 2117 1265 2172 aeris,
1286 2116 1430 2175 fulgor
1445 2116 1652 2174 siderum⁷
1678 2119 1767 2164 cla-

372 2193 478 2237 ritas
500 2191 601 2236 solis
638 2200 682 2234 et
709 2189 857 2233 lunaeP
879 2187 1096 2231 Videntur
1133 2188 1225 2231 haec
1252 2206 1261 2232 :
1288 2187 1545 2232 transcende
1576 2198 1620 2232 et
1640 2190 1760 2246 haec,

372 2264 513 2322 cogita
526 2261 732 2321 Angelos,
754 2259 1042 2318 Principatus‚
1072 2258 1219 2313 Sedes,
1235 2259 1559 2303 Dominationes
1575 2294 1586 2314 ,
1613 2263 1763 2305 Potes-

370 2344 481 2379 tates
499 2355 508 2380 2
532 2333 721 2378 «Omnia
736 2348 812 2392 per
827 2332 972 2391 ipsum
989 2329 1101 2374 facta
1123 2339 1238 2374 sunt.
1258 2330 1414 2375 »Unde
1427 2344 1528 2388 ergo
1550 2331 1628 2375 ista
1644 2333 1760 2377 bona

369 2404 485 2450 facta
507 2406 640 2449 sunt?
668 2403 779 2457 Quia
806 2409 1051 2446 eructatum
1075 2409 1138 2443 est
1155 2415 1232 2460 per
1260 2400 1382 2461 quod
1405 2401 1585 2457 fierent,
1610 2421 1629 2443 «
1650 2405 1759 2447 Ver..

372 2495 394 2520 »
430 2478 539 2521 bum
571 2477 756 2522 bonum.
784 2493 804 2516 ))
830 2477 947 2533 Ergo
976 2471 1171 2517 Verbum
1200 2472 1365 2517 bonum
1393 2491 1401 2516 :
1428 2481 1471 2516 et
1504 2472 1585 2533 ipsi
1613 2474 1757 2521 Verbo
1818 2531 1819 2538 ἵ

416 2567 430 2585 ·
447 2560 528 2594 Psal.
548 2570 634 2602 xilv,
653 2567 685 2592 2.
