1841 3223
408 180 492 220 414
850 191 884 219 S.
922 191 1154 220 AUGUSTINI
1187 195 1370 222 Emscom

407 257 639 301 duodecim
662 256 837 301 sedibus
852 273 942 301 non
959 256 1191 303 duodecim
1211 260 1422 315 homines,
1447 259 1523 304 sed
1535 275 1717 320 magnus
1734 271 1799 306 est

406 342 613 371 numerus
636 326 944 386 perfectorum.

464 399 519 440 X.
558 396 643 441 Sed
664 397 791 441 video
828 397 937 457 quid
970 407 1287 458 consequenter
1319 399 1565 459 requiratur
1595 416 1620 445 a
1643 401 1794 457 nobis,

406 466 629 527 quomodo
659 467 713 512 de
736 469 934 529 quinque
955 469 1195 528 virginibus
1219 468 1389 514 reddita
1419 480 1482 514 est
1504 470 1613 515 ratio
1629 506 1640 526 ,
1665 487 1801 532 quare

406 538 461 582 ad
484 539 681 599 quinque
704 539 855 583 muliae
878 540 1148 599 pertineant,
1174 549 1216 583 ct
1239 556 1373 600 quare
1402 540 1455 586 ad
1487 542 1682 602 quinque
1703 542 1801 588 illos

405 609 532 654 multi
551 609 710 666 Judaei,
727 620 771 654 et
792 627 926 671 quare
949 610 1004 654 ad
1025 620 1203 654 centum
1226 611 1657 671 quinquaginta-tres
1674 613 1803 658 multi

404 681 607 741 perfecti,
634 682 816 725 ostende
839 698 972 741 quare
995 690 1038 725 et
1061 682 1285 742 quomodo
1314 682 1369 725 ad
1398 681 1631 728 duodecim
1653 684 1799 740 sedes,

405 767 496 796 non
527 751 758 796 duodecim
785 752 982 796 homines
998 787 1009 808 ,
1035 751 1111 796 sed
1143 751 1271 796 multi
1295 753 1555 812 pertincant.
1582 755 1698 808 Quid
1721 755 1804 803 sibi

403 822 559 868 volunt
587 822 819 867 duodecim
844 822 987 877 sedes,
1020 839 1119 883 quae
1155 824 1401 882 significant
1424 840 1574 869 omnes
1603 826 1803 886 undique

404 895 480 954 qui
514 904 603 938 tam
627 894 808 952 perfecti
830 909 920 938 esse
943 894 1168 953 potuerint
1186 929 1196 949 ,
1233 910 1367 954 quam
1399 894 1602 953 perfectis
1635 895 1804 940 dictum

404 974 488 1009 est:
512 985 531 1007 «
551 965 764 1010 Scdebitis
787 981 916 1024 super
938 964 1172 1009 duodecim
1194 965 1314 1009 sedes
1329 1000 1339 1020 ‚
1358 965 1606 1025 judicantes
1630 966 1801 1011 duode-

407 1055 426 1077 »
463 1037 546 1081 cim
573 1036 709 1080 tribus
729 1037 883 1080 ΙειᾚὲΙ1
901 1038 919 1081 Ρ
940 1055 959 1077 »
988 1039 1045 1081 Et
1067 1052 1201 1096 quare
1225 1052 1374 1080 omnes
1399 1036 1597 1097 undique
1615 1037 1670 1082 ad
1692 1037 1806 1082 duo-

404 1108 634 1152 denarium
652 1123 884 1152 numerum
900 1108 1150 1168 pertinent?
1167 1107 1278 1161 Quia
1296 1108 1438 1167 ipsum
1460 1109 1659 1169 undique
1682 1108 1804 1170 quod

404 1178 614 1234 dicimus,
640 1178 694 1222 de
720 1188 813 1223 toto
835 1179 1003 1223 mundo
1033 1177 1219 1222 dicimus
1241 1198 1249 1223 ε
1276 1179 1392 1223 orbis
1415 1188 1562 1223 autem
1590 1189 1805 1224 terrarum

404 1260 594 1310 quatuor
623 1249 857 1309 designatis
891 1250 1088 1310 partibus
1122 1251 1399 1306 continetur,
1432 1252 1631 1307 Oriente,
1673 1252 1804 1296 Occi-

404 1320 557 1377 dente,
583 1320 849 1375 Meridiano,
882 1330 926 1364 et
948 1319 1164 1380 Aquilone
1191 1340 1199 1365 ;
1222 1321 1276 1365 ab
1299 1321 1365 1365 his
1387 1321 1590 1365 omnibus
1606 1322 1804 1381 partibus

401 1393 545 1436 vocati
570 1393 615 1436 in
641 1391 865 1446 Trinitate,
888 1401 932 1435 et
955 1390 1134 1451 perfecti
1151 1391 1237 1435 fide
1254 1401 1297 1435 et
1313 1401 1534 1452 praecepto
1562 1393 1799 1449 Trinitatis,

402 1464 611 1523 quoniam
644 1473 710 1508 ter
742 1464 944 1522 quaterni
978 1461 1212 1506 duodecim
1245 1462 1381 1518 fiunt,
1417 1463 1647 1522 agnoscitis
1669 1479 1804 1524 quare

402 1534 458 1579 ad
492 1544 635 1579 totum
665 1534 817 1579 orbem
852 1533 1102 1594 pertineant
1134 1533 1300 1589 sancti,
1335 1534 1411 1594 qui
1433 1534 1652 1579 sedebunt
1673 1551 1804 1595 super

402 1604 636 1650 duodecim
653 1605 774 1650 sedes
789 1606 1029 1666 judicaturi
1050 1605 1283 1650 duodecim
1305 1607 1445 1651 tribus
1466 1606 1614 1663 Israel,
1641 1607 1744 1668 quia
1760 1616 1804 1652 et

401 1675 637 1721 duodecim
680 1677 820 1721 tribus
856 1676 989 1721 Isra'e‘l
1007 1713 1018 1733 ,
1050 1678 1182 1721 totius
1222 1677 1354 1722 Isra‘e'l
1384 1677 1619 1723 duodecim
1663 1679 1803 1723 tribus

401 1757 517 1791 sunt.
539 1748 658 1792 Sicut
675 1748 788 1791 enim
806 1747 1045 1808 judicaturi
1063 1764 1116 1791 ex
1130 1757 1223 1792 toto
1240 1747 1425 1803 mundo,
1443 1748 1502 1793 sie
1521 1758 1564 1793 ct
1576 1749 1804 1809 judicandi

400 1833 453 1861 ex
468 1826 561 1862 toto
581 1817 1012 1877 niundo.Apostolus
1033 1817 1088 1861 de
1111 1834 1155 1862 se
1178 1817 1339 1862 Paulus
1363 1834 1461 1863 cum
1483 1828 1684 1878 argueret
1700 1818 1804 1863 fide-

399 1889 460 1931 les
482 1888 616 1931 la'l'cos
633 1922 643 1937 ‚
668 1890 770 1946 quia
786 1889 954 1945 judicia
976 1905 1052 1929 sua
1075 1905 1165 1930 non
1190 1889 1245 1929 ad
1263 1889 1503 1931 Ecclesiam
1527 1889 1800 1945 deferebant,

399 1957 477 2002 sed
499 1958 552 2001 ad
578 1956 807 2016 publicum
826 1956 1143 2016 pertrahebant
1169 1972 1242 2000 eos
1262 1972 1364 2000 cum
1388 1958 1547 2016 quibus
1578 1958 1804 2004 habebant

400 2028 572 2086 negotia
593 2063 605 2083 ,
641 2028 700 2072 ait
719 2046 727 2072 :
745 2026 957 2072 «Nescitis
979 2026 1081 2087 quia
1098 2026 1290 2086 Angelos
1309 2026 1606 2087 judicabimus
1620 2030 1663 2073 ²?
1687 2047 1708 2071 »
1729 2029 1803 2074 Vi-

400 2098 500 2143 dete
520 2097 893 2160 quemadmodum
911 2097 1106 2158 judicem
1130 2113 1174 2141 se
1192 2097 1295 2142 fecit
1313 2119 1324 2156 3
1350 2114 1440 2143 non
1462 2098 1604 2144 solum
1625 2115 1670 2144 se
1686 2135 1697 2156 ,
1723 2099 1801 2145 sed

401 2179 445 2215 ct
467 2185 620 2215 omnes
638 2170 715 2230 qui
740 2178 855 2213 recte
868 2161 1071 2229 judicant
1093 2168 1138 2211 in
1156 2167 1366 2213 Ecclesia.

458 2244 538 2286 XI.
574 2243 686 2286 Cum
705 2255 806 2298 ergo
829 2239 1111 2283 manifestum
1129 2239 1198 2295 sit,
1223 2238 1385 2285 multos
1408 2255 1509 2285 cum
1531 2241 1718 2286 Domino
1729 2242 1797 2302 ju-

400 2312 644 2366 dicaturos,
674 2310 779 2355 alios
802 2325 905 2354 vero
923 2345 933 2365 ,
959 2325 1048 2354 non
1081 2318 1226 2353 tamen
1257 2326 1308 2354 ex
1332 2326 1459 2370 aequo
1475 2346 1485 2366 ,
1511 2310 1587 2355 sed
1605 2327 1685 2370 pro
1703 2327 1797 2356 me-

400 2383 490 2426 ritis
507 2381 792 2442 judicandos,
809 2396 911 2425 cum
929 2380 1133 2426 omnibus
1146 2379 1320 2438 Angelis
1337 2381 1424 2426 suis
1440 2381 1601 2436 veniet,
1618 2381 1796 2442 quando

400 2462 501 2498 ante
521 2468 622 2497 eum
645 2451 1032 2512 congregabuntur
1055 2466 1206 2496 omnes
1221 2461 1370 2510 gentes
1384 2453 1399 2477 3
1416 2487 1427 2508 ,
1447 2460 1491 2496 et
1511 2451 1626 2497 inter
1644 2468 1795 2506 omnes

448 2544 456 2560 ¹
481 2537 591 2570 Manli.
613 2549 680 2578 xix,
695 2538 749 2569 28.
767 2554 808 2560 —
829 2544 841 2560 ²
865 2548 876 2569 ι
899 2538 970 2568 Cor.
998 2547 1041 2577 vl,
1061 2536 1092 2568 3.
1113 2553 1155 2558 -
1175 2533 1188 2559 3
1204 2535 1319 2568 Matth.
1334 2547 1412 2578 xxv,
1433 2536 1486 2578 31,
1506 2536 1559 2570 32.
