1841 3223
4 229 13 539 l

463 252 706 282 ENARRATIO
737 256 782 282 IN
814 252 1017 283 PsALMUM
1048 255 1166 283 XLVI.
1419 242 1498 283 341

120 334 142 358 »
160 317 278 373 sunt,
291 327 334 362 et
346 318 437 362 sine
449 318 542 378 ipso
554 317 717 376 factum
727 328 788 363 est
797 318 921 363 nihil¹
931 354 939 362 .
949 337 968 360 »
982 318 1061 363 Ille
1073 327 1136 362 est
1147 327 1246 362 ante
1254 319 1415 374 omnia,
1426 335 1505 379 per

115 404 246 449 quem
262 388 374 433 facta
385 398 486 433 sunt
497 390 655 433 omnia.
672 389 870 433 «Psallite
880 405 981 449 ergo
990 393 1079 434 Deo
1092 398 1256 444 nostro,
1267 389 1470 449 psallite2.
1480 408 1501 431 »

173 461 251 503 IX,
283 478 303 500 ‹<
326 459 541 512 Quoniam
560 474 633 502 rex
656 459 794 503 omnis
809 468 935 503 terrae
951 462 1100 504 Deusss.
1122 478 1141 501 »
1164 459 1280 513 Quid
1291 460 1432 504 enim?
1446 462 1504 503 Et

114 539 214 573 ante
231 545 321 573 non
343 529 487 573 onmis
509 538 633 573 terrae
648 530 796 573 Deus?
817 532 971 574 Nonne
994 539 1036 573 et
1050 529 1149 574 coeli
1162 539 1204 573 et
1217 539 1341 573 terrae
1365 533 1502 584 Deus,

112 614 210 643 cum
232 600 385 659 utique
406 614 484 658 per
500 598 626 643 illum
641 599 753 643 facta
769 608 870 643 sunt
887 600 1058 643 omnia?
1077 600 1182 653 Quis
1200 609 1342 659 posset
1360 599 1505 644 dicere

112 684 202 713 non
223 684 311 713 esse
337 672 474 713 Deum
497 670 654 712 suum?
684 668 767 713 Sed
790 684 879 713 non
908 684 1056 712 omnes
1088 669 1284 713 homines
1317 684 1507 728 agnove-

119 748 224 783 runt
242 742 382 782 Deum
407 754 534 783 suum
562 757 570 782 ε
594 747 636 782 et
659 737 735 782 ubi
757 738 1092 796 agnoscebatur,
1107 739 1230 799 quasi
1251 740 1311 783 ibi
1333 748 1507 783 tantum

117 812 230 853 Deus
253 817 366 863 erat,
395 828 414 850 «
439 811 577 854 Notus
602 808 647 852 in
662 807 811 852 Judaea
831 812 945 853 Deus
959 809 975 833 ⁴
999 829 1008 854 z
1029 827 1048 849 »
1070 808 1268 853 nondum
1288 809 1383 853 filiis
1396 811 1508 854 Core

114 878 342 923 dicebatur
368 898 376 923 z
403 898 421 920 «
443 881 603 923 Omnes
622 888 768 937 gentes
782 878 976 938 plaudite
1004 878 1221 923 manibus.
1246 897 1266 920 n
1289 879 1368 923 Ille
1391 879 1509 922 enim

112 952 227 993 Deus
249 957 378 993 notus
400 949 446 992 in
468 948 643 1004 Judaea,
664 965 737 992 rex
759 949 897 993 omnis
920 957 1046 992 terrae
1079 952 1192 993 Deus
1215 958 1292 993 est.
1331 952 1429 993 Jam
1451 948 1508 993 ab

120 1019 323 1063 omnibus
341 1019 606 1078 agnoscitur,
632 1019 734 1079 qnia
752 1018 982 1078 impletum
1004 1027 1070 1062 est
1092 1018 1212 1079 quod
1226 1018 1332 1063 dicit
1354 1022 1506 1063 Isaias:

117 1108 137 1131 «
164 1092 261 1149 Ipse
284 1091 398 1133 Deus
420 1098 521 1133 tuus
550 1089 626 1149 qui
662 1089 774 1133 eruit
796 1098 861 1146 te3
891 1088 1102 1132 universae
1131 1098 1256 1132 terrae
1286 1093 1400 1133 Deus
1427 1105 1509 1133 vo-

118 1177 138 1200 »
164 1158 335 1203 cabitur
349 1161 380 1202 5.
408 1158 620 1212 Quoniam
644 1173 719 1202 rex
741 1159 881 1204 omnis
903 1168 1026 1202 terrae
1050 1162 1178 1214 Deus,
1199 1159 1368 1219 psallite
1385 1159 1510 1204 intel-

116 1247 137 1270 »
159 1228 360 1286 ligenter.
389 1247 408 1270 »
431 1232 567 1273 Docet
587 1245 666 1273 nos
698 1238 740 1272 et
769 1228 976 1272 admonet
1008 1244 1085 1273 nos
1109 1239 1160 1273 ut
1182 1228 1416 1289 psallamus
1438 1231 1509 1273 in-

113 1299 362 1359 telligenter
379 1319 387 1344 z
411 1315 499 1344 non
517 1315 764 1360 quaeramus
782 1315 935 1344 sonum
953 1300 1082 1355 auris,
1099 1299 1175 1343 sed
1187 1299 1337 1344 lumen
1348 1299 1506 1345 cordis.

118 1388 138 1411 «
165 1369 363 1424 Psallite,
379 1370 547 1430 inquit,
572 1369 878 1428 intelligenter.
899 1388 918 1410 »
933 1371 1108 1425 Gentes,
1124 1370 1241 1413 unde
1254 1371 1395 1414 vocati
1410 1371 1509 1414 estis

114 1450 164 1485 ut
186 1441 420 1485 Christiani
435 1442 601 1497 essetis,
626 1441 867 1485 adorabant
883 1440 986 1485 deos
1011 1440 1315 1496 manufactos,
1335 1450 1378 1485 et
1398 1441 1511 1500 psal-

112 1509 265 1554 lebant
288 1511 392 1566 illis,
416 1510 492 1555 sed
514 1527 602 1556 non
630 1510 938 1570 intelligenter.
974 1511 1016 1556 Si
1045 1510 1338 1570 intelligenter
1359 1521 1509 1555 canta-

113 1589 233 1635 rent,
260 1580 425 1639 lapides
447 1596 537 1626 non
560 1580 804 1625 adorarent.
831 1580 1015 1633 Quando
1031 1581 1164 1626 homo
1186 1590 1380 1634 sensatus
1402 1597 1508 1625 can-

117 1649 236 1693 tabat
262 1648 399 1708 lapidi
424 1650 642 1695 insensato
662 1685 673 1705 ,
707 1649 926 1708 numquid
955 1649 1251 1708 intelligenter
1272 1651 1510 1696 cantabat?

113 1719 246 1765 Modo
262 1729 424 1775 autem,
442 1719 609 1775 fratres,
626 1736 715 1764 non
730 1719 928 1764 videmus
946 1720 1083 1764 oculis
1098 1736 1229 1781 quem
1257 1721 1504 1777 adoramus,

113 1799 158 1834 et
187 1799 333 1833 tamen
370 1790 553 1834 correcti
596 1789 842 1833 adoramus.
887 1789 1031 1834 Multo
1064 1789 1199 1848 magis
1232 1791 1358 1834 nobis
1393 1795 1507 1835 Deus

113 1858 460 1914 commendatur,
481 1859 583 1919 quia
598 1874 698 1903 eum
717 1859 850 1903 oculis
866 1874 955 1903 non
967 1859 1180 1904 videmus.
1203 1860 1356 1905 Sieum
1372 1861 1510 1907 oculis

113 1928 374 1984 videremus,
401 1927 511 1972 forte
527 1938 919 1973 contemneremus.
936 1931 1046 1974 Nam
1064 1939 1107 1974 et
1125 1930 1346 1974 Christum
1365 1933 1388 1974 J
1394 1931 1509 1975 udaei

113 1999 254 2043 visum
276 2008 648 2058 contempserunt,
665 2015 753 2044 non
766 2000 903 2044 visum
921 2001 1079 2044 Gentes
1093 1999 1398 2045 adoraverunt.
1418 2001 1508 2046 Illis

114 2068 230 2112 enim
252 2067 418 2112 dictum
437 2077 521 2123 est,
547 2089 566 2110 «
586 2069 759 2114 Psallitc
780 2068 1085 2128 intelligenter.
1114 2070 1257 2115 Nolite
1276 2087 1366 2115 esse
1397 2072 1508 2116 sicut

118 2156 138 2179 »
160 2153 296 2197 equus
319 2146 361 2181 et
382 2138 548 2193 mulus,
573 2140 619 2182 in
640 2139 799 2198 quibus
818 2155 907 2183 non
929 2149 992 2183 est
1008 2139 1299 2185 intellectusG.
1322 2159 1342 2182 »

172 2210 229 2251 X.
259 2225 279 2249 «
299 2208 516 2265 Regnabit
539 2209 746 2252 Dominus
768 2225 897 2268 super
914 2225 1065 2254 omnes
1085 2213 1296 2268 gentes7.»
1311 2212 1392 2264 Qui
1410 2227 1509 2272 reg-

115 2276 250 2321 nabat
268 2292 396 2336 super
408 2293 540 2321 unam
560 2287 749 2336 gentem,
775 2297 795 2320 κ
818 2279 1054 2337 Regnabst,
1080 2279 1239 2339 inquit,
1263 2295 1392 2340 super
1415 2297 1510 2326 om-

118 2364 140 2388 »
175 2362 249 2390 nes
287 2355 450 2406 gentes.
488 2366 507 2389 »
539 2348 725 2401 Quando
757 2349 1017 2394 dicebantur
1049 2349 1129 2394 ista
1153 2385 1164 2404 ,
1206 2366 1337 2410 super
1373 2368 1508 2397 unam

164 2465 173 2482 ¹
186 2461 278 2491 Joan.
294 2471 317 2500 1,
337 2459 636 2493 1-3.-²Omittitur
648 2460 746 2493 altera
758 2472 829 2504 pars
839 2473 871 2493 v.
889 2472 919 2503 7.
935 2461 1078 2494 psallite
1090 2462 1301 2506 reginos-tro,
1309 2463 1506 2506 psallite.—

121 2512 135 2536 3
155 2513 233 2546 Psal.
252 2524 338 2555 vai,
357 2514 389 2547 8.
409 2514 546 2548 —161d.
568 2526 673 2558 mxxv,
695 2525 727 2548 2.
749 2533 790 2539 -—
808 2515 822 2539 5
842 2518 912 2548 lsai.
934 2527 998 2557 mv,
1019 2516 1050 2549 5.
1076 2534 1117 2540 —
1142 2514 1158 2538 6
1175 2517 1254 2550 I’sal.
1286 2529 1382 2560 xxx1,
1408 2530 1440 2560 9.
1462 2536 1505 2541 —

119 2577 132 2602 7
153 2570 200 2601 Id.
224 2580 307 2612 vai,
324 2580 356 2611 9.
