1841 3223
433 236 672 268 mannum
705 241 749 267 nv
782 238 984 268 PsALMUM
1016 241 1102 268 Liv.
1369 230 1452 268 509

73 389 214 405 MMWU
220 389 284 405 Nm
289 389 497 405 mmm
503 389 566 405 ΙΛΜ
573 390 991 407 νὶΜὶἊῆιἏΜἋΛὶινυἋΝΊΑΊ
996 392 1274 409 ἱννὶἱὶιἋπῑνἋΜΛὶ
1280 392 1344 407 §W
1350 390 1450 407 ΙΛΜΜ

577 511 956 561 ENARRATIO

464 661 524 699 IN
565 660 868 702 PSALMUM
924 664 1046 703 LIV.

545 817 694 860 Sermo
716 814 771 859 ad
789 814 965 875 plebem
981 818 1011 860 ¹.

131 949 166 991 1.
194 950 357 991 psum
379 948 508 1008 hujus
522 948 674 993 titulus
691 953 782 994 est2
803 969 811 993 :
835 970 854 992 «
872 953 924 994 In
947 949 1094 1006 finem,
1119 950 1164 994 in
1181 951 1371 1009 hymnis,
1389 951 1458 995 in-

74 1035 96 1059 »
131 1016 331 1062 tellectus
361 1017 442 1077 ipsi
480 1019 617 1063 David
642 1020 672 1063 ³.
702 1038 721 1061 »
747 1020 831 1073 Qui
865 1022 918 1065 sit
950 1021 1045 1065 finis
1068 1037 1457 1066 commemoramus

72 1087 284 1143 breviter,
306 1088 409 1148 quia
434 1089 582 1132 nostis.
613 1109 631 1131 «
659 1090 776 1134 Finis
798 1091 913 1135 enirn
932 1091 1056 1150 Legis
1073 1091 1267 1136 Christus
1289 1101 1352 1136 est
1371 1128 1380 1147 ,
1403 1092 1458 1136 ad

75 1175 96 1199 »
125 1158 334 1219 justitiam
367 1159 486 1202 omni
514 1159 756 1206 credenti4.
785 1181 805 1202 n
840 1163 1030 1207 Intentio
1060 1178 1161 1222 ergo
1179 1162 1390 1222 dirigatur
1412 1163 1458 1206 in

72 1230 229 1284 finem,
260 1228 471 1287 dirigatur
502 1231 547 1274 in
570 1232 807 1276 Christum.
844 1235 987 1286 Quare
1009 1234 1104 1278 finis
1127 1233 1316 1278 dicitur?
1339 1237 1459 1287 Quo·-

72 1301 189 1344 niam
216 1298 431 1360 quidquid
464 1301 653 1360 agimus,
691 1302 743 1346 ad
775 1303 900 1347 illum
925 1303 1176 1362 referimus3
1201 1313 1245 1348 et
1280 1320 1380 1348 cum
1404 1303 1459 1348 ad

72 1386 174 1415 eum
203 1372 552 1431 pervenerimus,
589 1372 702 1417 ultra
734 1374 854 1434 quod
889 1391 1132 1435 quaeramus
1161 1391 1249 1419 non
1274 1375 1458 1418 habebi-

72 1457 184 1486 mus.
221 1441 388 1486 Dicitur
424 1443 540 1486 enim
561 1444 658 1488 finis
681 1445 757 1505 qui
792 1446 1033 1500 consumit,
1072 1445 1230 1490 dieitur
1260 1446 1356 1489 finis
1383 1446 1459 1506 qui

71 1512 257 1572 perficit.
284 1512 421 1557 Aliter
442 1514 604 1574 quippe
620 1514 902 1573 intelligimus
923 1532 1023 1559 cum
1045 1516 1245 1560 audimus
1263 1536 1271 1560 :
1291 1516 1459 1560 Finitus

6 1604 8 1606 ·
73 1592 139 1628 est
158 1583 279 1627 cibus
296 1583 372 1644 qui
390 1584 760 1639 manducabatur,
775 1595 818 1629 et
833 1585 955 1629 aliter
972 1586 1252 1646 intelligimus
1271 1602 1370 1631 eum
1388 1602 1461 1631 au-

74 1653 217 1698 dimus
242 1673 251 1699 :
278 1653 422 1698 Finita
443 1664 507 1699 est
533 1655 660 1699 vestis
681 1671 781 1715 quae
803 1656 1029 1700 texebatur
1061 1676 1068 1701 :
1095 1657 1140 1701 in
1172 1666 1360 1717 utroque
1383 1673 1461 1700 au-

74 1724 217 1770 dimus
248 1744 258 1770 :
298 1725 494 1770 Finitum
528 1735 618 1784 est3
643 1727 719 1771 sed
742 1726 865 1771 cibus
888 1737 936 1771 ut
951 1729 1043 1788 jam
1064 1744 1154 1772 non
1177 1737 1307 1782 esset,
1332 1728 1461 1772 vestis

73 1805 126 1841 ut
153 1794 346 1856 perfecta
374 1806 498 1841 esset.
525 1797 643 1840 Finis
672 1813 774 1856 ergo
807 1807 952 1842 noster
974 1797 1182 1857 perfectio
1206 1807 1350 1842 nostra
1373 1813 1483 1842 esse.

75 1866 228 1922 dehet,
248 1867 458 1925 perfectio
476 1877 623 1911 nostra
646 1868 854 1912 Christus.
883 1871 935 1911 In
956 1868 1032 1913 illo
1049 1869 1164 1912 enim
1186 1869 1457 1928 perficimur,

75 1939 177 2000 quia
198 1939 331 1999 ipsius
351 1939 502 1998 capitis
525 1939 721 1982 membra
743 1954 906 1983 sumus.
932 1942 988 1983 Et
1010 1939 1152 1984 dietus
1181 1949 1245 1984 est
1265 1941 1362 1984 finis
1379 1943 1461 1983 Le-

77 2010 140 2069 gis
156 2045 166 2065 ,
188 2010 289 2071 quia
311 2009 403 2053 sine
418 2008 495 2053 illo
512 2024 642 2053 nemo
662 2010 832 2068 perficit
853 2013 1028 2068 Legem.
1055 2012 1166 2055 Cum
1185 2026 1288 2070 ergo
1306 2010 1461 2054 auditis

76 2080 123 2124 in
151 2079 351 2135 Psalmis,
381 2098 401 2121 «
427 2082 479 2123 In
514 2079 646 2122 finem
679 2098 686 2123 :
715 2079 876 2137 (multi
898 2080 1013 2123 enim
1039 2080 1197 2124 Psalmi
1231 2081 1288 2124 ita
1310 2096 1463 2140 super-

77 2150 225 2210 scripti
246 2158 349 2194 sunt
369 2151 412 2207 2)
433 2164 522 2193 non
540 2149 594 2194 sit
609 2158 750 2193 vestra
768 2149 970 2208 cogitatio
993 2149 1038 2193 in
1060 2150 1459 2210 consumptionem,

77 2220 153 2265 sed
171 2220 217 2264 in
238 2220 674 2265 consummationem.

138 2294 197 2336 II.
227 2309 247 2333 «
269 2294 321 2335 In
340 2290 516 2348 hymnis
537 2310 545 2335 z
575 2308 594 2331 η
619 2290 665 2334 in
688 2288 906 2334 laudibus.
942 2290 1036 2334 Sive
1059 2289 1175 2333 enim
1201 2289 1464 2335 tribulemur

79 2372 124 2407 et
143 2371 438 2421 angustemur,
460 2362 548 2407 sive
567 2361 767 2406 laetemur
783 2371 826 2406 et
848 2361 1103 2416 exultemus,
1124 2360 1196 2405 ille
1218 2361 1462 2407 laudandus

129 2477 138 2494 ¹
153 2472 189 2502 In
206 2471 266 2503 isto
283 2472 437 2504 Sermone
454 2470 495 2502 ad
513 2470 641 2514 plebem
664 2470 743 2502 dicit
757 2469 946 2511 Augustinus
960 2469 999 2500 de
1015 2468 1182 2501 tolerandis
1205 2469 1292 2501 malis
1312 2470 1465 2512 disputat-

80 2537 141 2569 que
161 2531 275 2559 contra
299 2526 491 2559 Donatistas.
512 2543 554 2548 —-
581 2533 594 2548 2
615 2526 694 2558 Vide
711 2528 748 2558 D.
771 2525 915 2566 Guillon,
940 2529 1016 2557 tom.
1042 2535 1108 2562 xxi,
1139 2535 1209 2567 pag.
1242 2525 1400 2558 515-518.
1421 2542 1462 2547 —-

82 2580 96 2605 3
115 2582 195 2615 Psal.
215 2593 278 2625 mv,
297 2593 325 2614 1.
346 2599 387 2605 —
405 2580 421 2612 4
439 2585 528 2615 Rom.
555 2593 590 2624 x,
609 2582 641 2623 4.
