1841 3223
420 186 502 226 114
856 195 891 228 S·
926 194 1157 224 ‚mausum
1186 196 1369 223 Emscom

484 264 607 308 XIII.
643 263 760 320 Ergo
804 259 1100 305 «Considerat
1133 269 1336 320 peccator
1360 260 1528 320 justum
1564 268 1610 305 et
1641 261 1799 321 quaerit

419 352 440 376 »
475 333 734 384 mortificare
748 346 847 375 eum
866 351 874 376 :
892 332 1103 376 Dominus
1127 341 1271 376 autem
1295 347 1384 376 non
1406 329 1681 391 derelinquet
1698 347 1799 375 eum

419 422 440 445 »
476 405 520 447 in
542 403 743 446 manibus
766 402 856 461 ejus
876 404 906 446 ¹.
935 421 954 444 »
977 404 1119 456 Quare
1144 418 1248 462 ergo
1269 401 1502 462 dereliquit
1523 404 1735 460 Martyres
1755 401 1801 446 in

415 474 615 518 manibus
643 473 903 532 impiorum?
926 478 1065 527 Quare
1089 473 1287 518 fecerunt
1306 472 1388 517 illis
1410 487 1701 533 quaecumque
1722 488 1800 518 vo-

414 544 619 588 lucrunt?
641 542 758 588 Alios
787 543 930 602 gladio
963 554 1288 604 percusserunt,
1325 543 1430 588 alios
1462 543 1798 598 crucifixerunt,

414 614 518 659 alios
538 614 683 658 hestiis
705 614 1000 670 tradiderunt,
1028 614 1132 659 alios
1154 615 1325 672 ignibus
1349 622 1650 658 cremaverunt
1666 648 1677 669 ,
1698 613 1802 658 alios

413 684 457 729 in
484 695 636 729 eatena
658 686 866 730 ducentes
893 687 991 729 tabe
1014 685 1221 729 diuturna
1244 683 1543 729 confecerunt.
1565 686 1692 728 Certe
1713 698 1803 728 non

413 754 688 816 derelinquet
706 756 914 800 Dominus
935 764 1105 800 sanctos
1125 771 1223 799 suos
1244 774 1252 799 :
1278 774 1298 796 «
1318 754 1527 798 Dominus
1549 762 1802 797 autemnon

417 844 437 867 »
472 825 746 887 derelinquet
778 842 877 870 eum
910 827 955 869 in
986 826 1186 869 manibus
1213 826 1319 885 ejus.
1351 844 1370 866 »
1413 828 1636 869 Postremo
1662 824 1805 883 ipsum

414 895 575 942 Filium
590 914 715 942 suum
735 914 868 957 quare
891 896 1056 941 dimisit
1076 897 1121 939 in
1144 896 1347 941 manibus
1359 898 1383 940 J
1389 894 1643 940 udaeorum?
1662 897 1719 939 Et
1733 894 1804 939 hic

416 977 579 1013 tectum
603 969 719 1028 aperi
737 972 771 1023 ²,
797 969 829 1012 si
853 969 914 1012 vis
937 968 1054 1012 omni
1091 968 1283 1012 interiori
1316 968 1516 1012 membro
1543 966 1802 1026 constringi3

414 1039 591 1097 perveni
612 1038 667 1082 ad
692 1038 924 1082 Dominum
943 1058 952 1083 2
969 1037 1071 1082 audi
1085 1037 1192 1098 quid
1215 1037 1332 1083 dicat
1352 1037 1432 1082 alia
1454 1038 1689 1098 Scriptura,
1715 1039 1805 1081 Do—

414 1110 583 1153 minum
605 1109 848 1169 praevidens
873 1125 1101 1169 passurum
1130 1109 1185 1153 ab
1208 1109 1376 1168 impiis,
1402 1109 1509 1169 quid
1530 1109 1617 1153 ait?
1643 1111 1805 1152 «Terra

417 1198 438 1221 »
473 1179 630 1224 tradita
652 1190 715 1224 est
735 1181 781 1224 in
798 1196 952 1225 manus
971 1181 1134 1240 impii3.
1159 1199 1178 1221 »
1205 1179 1319 1233 Quid
1340 1190 1403 1224 est
1425 1199 1434 1224 :
1459 1182 1625 1223 «Terra
1646 1178 1805 1223 tradita

418 1269 438 1292 »
474 1261 537 1296 est
560 1252 604 1295 in
633 1267 786 1296 manus
808 1252 957 1312 impii?
973 1271 992 1293 »
1018 1254 1130 1296 Caro
1166 1250 1321 1295 tradita
1355 1260 1419 1295 est
1446 1250 1491 1294 in
1517 1266 1671 1294 manus
1708 1265 1808 1309 per-

416 1323 708 1384 sequentium.
745 1327 843 1370 Non
880 1323 941 1367 ibi
963 1332 1109 1368 autem
1137 1321 1299 1367 dimisit
1319 1324 1487 1382 justum
1509 1337 1635 1366 suum
1654 1324 1768 1366 Deus
1795 1341 1803 1366 :

416 1393 472 1438 de
497 1410 626 1438 carne
648 1403 773 1453 capta
798 1393 945 1438 educit
966 1394 1154 1437 animam
1176 1393 1399 1437 invictam.
1427 1391 1673 1436 Dimitteret
1695 1395 1807 1436 Deus

412 1467 581 1525 justum
601 1481 728 1510 suum
751 1466 796 1508 in
819 1465 1019 1509 manibus
1041 1465 1190 1524 impii,
1223 1465 1256 1508 si
1283 1463 1409 1508 illum
1430 1463 1601 1508 fecisset
1622 1479 1808 1508 consen-

418 1536 498 1579 tire
522 1536 655 1596 impio
690 1555 699 1580 :
732 1545 883 1580 contra
905 1535 1027 1595 quod
1057 1535 1222 1579 malum
1250 1544 1344 1579 orat
1366 1535 1413 1578 in
1434 1533 1519 1578 alio
1546 1533 1740 1589 Psalmo,
1766 1542 1810 1577 et

416 1605 524 1651 dicit
561 1627 569 1652 :
606 1610 702 1653 «Ne
735 1606 874 1652 tradas
898 1622 992 1660 me,
1019 1606 1226 1660 Domine,
1259 1622 1283 1650 a
1305 1606 1517 1650 desiderio
1541 1621 1639 1650 meo
1662 1620 1812 1665 pecca·

423 1696 440 1718 >›
477 1678 602 1721 tori4.
617 1696 637 1718 »
671 1678 792 1736 Opus
816 1685 880 1721 est
902 1687 953 1720 ut
975 1692 999 1719 a
1015 1675 1230 1720 desiderio
1247 1685 1325 1720 tuo
1346 1691 1437 1720 non
1454 1674 1634 1720 tradaris
1652 1691 1809 1735 pecca-

419 1747 523 1802 tori,
548 1763 603 1791 ne
631 1762 733 1792 cum
750 1746 967 1791 desideras
987 1746 1121 1791 vitam
1144 1755 1425 1806 praesentem,
1445 1745 1582 1789 irruas
1598 1746 1644 1789 in
1657 1745 1806 1801 illum,

417 1826 461 1862 et
475 1817 628 1876 perdas
645 1827 870 1862 aeternam.
895 1820 934 1862 Α
955 1833 1044 1877 quo
1061 1816 1275 1860 desiderio
1300 1832 1388 1861 non
1412 1815 1545 1860 debet
1572 1816 1684 1861 tradi
1705 1832 1810 1875 pec-

418 1888 579 1933 catori?
607 1889 675 1932 Ab
703 1887 779 1932 illo
801 1888 855 1933 de
883 1903 972 1948 quo
995 1888 1099 1931 item
1131 1886 1290 1931 dicitur
1315 1906 1323 1932 z
1354 1906 1374 1928 ‹<
1401 1889 1458 1930 Et
1481 1886 1596 1930 diem
1625 1886 1811 1930 hominis

422 1978 441 2001 »
477 1975 566 2004 non
588 1960 845 2019 concupivi,
871 1968 920 2003 tu
941 1959 1043 2004 scis⁵
1066 1993 1074 2002 .
1105 1977 1125 2000 »
1154 1959 1232 2011 Qui
1257 1958 1373 2002 enim
1398 1957 1613 2002 desiderat
1637 1967 1681 2002 et
1701 1973 1809 2003 con-

420 2030 602 2090 cupiscit
633 2029 749 2074 diem
776 2029 984 2084 hominis,
1010 2028 1188 2089 quando
1211 2027 1274 2072 illi
1290 2029 1480 2073 minatus
1501 2028 1634 2073 fuerit
1655 2027 1810 2074 adver-
1837 2023 1840 2026 ⁴

420 2101 570 2156 sarius,
591 2100 713 2161 quod
735 2099 861 2145 tollat
882 2100 947 2144 illi
968 2100 1082 2145 diem
1096 2100 1356 2155 humanum,
1382 2100 1484 2160 quia
1503 2099 1673 2144 occidet
1690 2115 1807 2156 eum,

421 2180 465 2216 et
485 2170 638 2231 perdet
659 2172 771 2215 hanc
792 2171 927 2216 vitam
945 2191 956 2228 3
981 2171 1055 2230 (μή
1084 2185 1174 2214 non
1195 2180 1338 2230 sperat
1365 2170 1493 2214 aliam
1515 2172 1647 2215 vitam
1663 2205 1674 2226 ‚
1698 2170 1811 2216 defi-

420 2241 501 2297 cit,
533 2251 577 2286 et
603 2241 819 2286 consentit
840 2241 1033 2285 inimico.
1061 2240 1143 2294 Qui
1165 2250 1311 2285 autem
1333 2240 1456 2285 audit
1482 2241 1718 2285 Dominum
1741 2240 1809 2286 di-

424 2321 596 2356 centem
614 2329 624 2357 :
644 2310 822 2358 «Nolite
839 2310 989 2355 timere
1010 2325 1082 2356 eos
1104 2310 1180 2371 qui
1199 2326 1356 2371 corpus
1374 2310 1597 2367 occidunt,
1621 2311 1812 2356 animam

433 2400 453 2424 »
490 2392 636 2427 autem
659 2399 749 2428 non
770 2392 952 2443 possunt
972 2381 1192 2427 occidere⁰
1219 2402 1227 2427 :
1256 2401 1276 2425 »
1304 2383 1382 2427 etsi
1403 2382 1602 2428 tradatur
1628 2392 1742 2428 terra
1769 2383 1815 2428 in

472 2485 479 2502 ¹
502 2478 571 2510 Psal
608 2491 717 2521 xxxvi,
737 2480 790 2513 33.
812 2493 846 2502 -Λ
871 2486 884 2503 ²
906 2482 985 2513 Luc.
1008 2491 1164 2523 v‚19.--
1183 2478 1198 2504 3
1214 2480 1287 2514 soh.
1309 2479 1426 2523 1x‚2‘4.
1444 2498 1486 2504 —-
1503 2479 1520 2512 4
1538 2480 1621 2514 Psal.
1638 2491 1809 2524 cxxxlx‚9.

427 2550 469 2558 -
487 2532 636 2568 ⁵Je-rem.
657 2545 732 2576 xxu,
756 2535 805 2567 16.
824 2552 846 2558 -
886 2533 901 2558 ⁶
924 2536 1037 2568 Matth.
1059 2547 1092 2577 x,
1107 2536 1161 2569 28.
