1841 3223
213 231 454 260 ENAanAno
487 235 519 260 11
551 235 595 261 m
630 232 833 261 PsALMUM
866 235 1032 270 xxxvi,
1068 231 1197 260 snum.
1233 234 1279 259 11.
1375 223 1429 259 77

48 315 68 339 »
105 313 161 342 an
183 296 343 342 fames?
365 313 420 341 an
445 298 649 342 nuditas?
668 314 721 343 an
740 298 981 358 persecutio
995 299 1035 342 ‚91
1049 315 1069 338 »
1089 297 1322 350 Quomodo
1339 298 1431 352 hae-

44 367 195 424 rebat,
234 368 311 428 qui
342 366 471 411 rebus
496 366 654 411 talibus
683 383 774 412 non
803 368 1108 427 separabatur?
1150 368 1432 412 «Confirmat

45 454 66 478 »
101 447 247 482 autem
281 438 420 497 justos
454 437 715 481 Dominus.»
750 438 1074 482 Descenderam
1104 437 1284 497 quidam
1325 441 1432 482 Pro-

41 508 188 567 phetae
209 508 265 552 de
291 506 560 566 Jerosolyma
576 542 588 563 ,
623 516 667 552 et
685 507 852 567 impleti
876 507 1036 567 Spiritu
1069 517 1217 552 sancto
1240 509 1432 568 prophe-

43 586 244 623 taverunt
267 577 405 621 eidem
426 577 561 622 Paulo
582 577 703 638 quod
725 577 862 622 multa
885 594 1087 637 passurus
1105 587 1213 622 esset
1235 579 1280 622 in
1302 582 1432 623 Jeru-

41 646 173 692 salem
205 667 214 692 :
246 647 305 692 ita
336 655 386 692 fit
422 647 601 709 quidam
633 663 810 703 eorum,
843 648 1019 707 Agabus
1049 648 1248 703 nomine,
1289 648 1431 694 soluta

41 733 149 763 zona
170 716 366 778 alligaret
387 734 430 763 se
445 753 457 774 ,
477 717 850 779 quemadmodum
869 717 978 762 solet
1000 717 1091 761 fieri
1109 752 1120 772 ,
1155 727 1205 761 ut
1223 719 1288 762 his
1319 720 1431 763 indi-

41 788 115 833 ciis
138 803 282 832 rerum
303 787 452 833 sutura
473 788 789 833 demonstraret
810 789 1048 848 Propheta,
1069 787 1216 832 dicens
1235 807 1244 833 :
1269 807 1288 831 (ι
1309 789 1431 834 Sicut

43 877 65 902 >›
99 859 323 919 alligatum
343 875 414 905 me
435 859 607 915 videtis,
622 860 682 905 sic
695 869 868 920 oportet
889 859 1055 919 alligari
1072 859 1294 904 hominem
1311 861 1430 906 hunc

42 948 64 973 »
98 930 144 973 in
167 929 458 976 Jerosolomis.
483 949 503 972 »
541 933 713 975 Fratres
745 940 889 975 autem
920 946 1125 991 responso
1154 930 1430 975 admonitum

36 999 215 1046 Saulum
232 1035 243 1056 ‚
257 1002 348 1062 jam
372 1001 574 1056 Paulum,
599 1017 655 1046 ne
671 1017 715 1045 se
733 1002 863 1046 tantis
885 1001 1086 1062 periculis
1111 1002 1426 1058 committeret,

33 1081 261 1132 coeperunt
289 1072 528 1128 deterrere,
554 1081 598 1116 et
620 1072 840 1117 monendo
863 1082 906 1117 et
933 1072 1126 1132 rogando
1149 1089 1350 1118 revocare
1373 1089 1428 1118 ne

32 1142 114 1187 iret
126 1142 172 1186 in
189 1141 522 1200 Jerosolymam.
544 1141 624 1186 Ille
641 1152 786 1187 autem
809 1142 885 1203 qui
903 1143 994 1203 jam
1016 1143 1061 1187 in
1079 1159 1229 1187 eorum
1242 1160 1425 1189 numero

33 1223 124 1258 erat
137 1249 148 1270 ,
167 1213 223 1258 de
240 1214 402 1274 quibus
423 1213 590 1258 dictum
608 1223 694 1268 est,
725 1214 1004 1259 «Confirmat
1026 1223 1171 1258 autem
1190 1215 1330 1275 justos
1349 1218 1427 1259 Do-

35 1303 56 1326 »
91 1284 259 1342 minus,
283 1283 426 1340 Quid,
452 1284 620 1345 inquit,
652 1283 925 1343 confringitis
948 1300 1021 1329 cor
1050 1300 1196 1329 meum
1209 1288 1254 1328 ²?
1282 1305 1301 1327 »
1328 1289 1427 1331 Nou

31 1355 145 1401 facio
168 1355 357 1400 animam
376 1371 515 1399 meam
538 1356 768 1415 pretiosam
791 1356 913 1400 mihi.
935 1357 1044 1410 Quia
1067 1358 1157 1416 jam
1181 1356 1347 1402 dixerat
1368 1358 1427 1402 eis

31 1442 142 1487 quos
174 1426 436 1486 parturierat
466 1426 511 1469 in
543 1425 809 1486 Evangelio,
840 1429 925 1470 «Et
957 1427 1047 1487 ipse
1085 1427 1314 1487 impendar
1346 1444 1426 1488 pro

34 1515 55 1539 »
92 1496 321 1541 animabus
350 1496 545 1540 vestris3.
571 1500 664 1555 Ego
686 1497 826 1552 enim,
853 1496 1020 1556 iuquit,
1044 1513 1134 1542 non
1156 1497 1297 1542 solum
1330 1497 1427 1542 alli-

33 1586 54 1610 »
91 1568 208 1627 gari,
249 1566 325 1612 sed
353 1568 482 1612 etiam
505 1568 615 1613 mori
633 1577 807 1628 paratus
830 1584 926 1612 sum
944 1584 1023 1629 pro
1044 1569 1222 1614 nomine
1250 1569 1425 1615 Domini

33 1657 55 1682 »
90 1641 194 1683 Jesu
225 1638 429 1684 Chrisffl.
458 1656 479 1680 1)

90 1711 190 1754 VII.
222 1709 501 1755 «Confirmat
521 1724 624 1768 ergo
637 1710 776 1770 justos
793 1709 1021 1753 Dominus.
1051 1726 1070 1748 η
1097 1710 1330 1760 Quomodo
1353 1725 1425 1754 eos

31 1779 289 1824 confirmat?
331 1797 352 1820 «
381 1778 511 1823 Novit
546 1779 756 1822 Dominus
793 1777 883 1822 vias
920 1777 1301 1822 immaculatorum
1329 1781 1359 1822 ⁵.
1398 1798 1417 1821 »

31 1848 219 1905 Quando
243 1848 470 1909 patiuntur
490 1847 624 1903 mala,
650 1848 737 1892 vias
766 1847 900 1892 malas
929 1848 1155 1892 ambulare
1182 1848 1423 1894 creduntur

30 1922 86 1966 ab
107 1920 432 1979 ignorantibus,
459 1919 514 1964 ab
537 1920 602 1964 his
623 1919 699 1981 qui
716 1935 806 1964 non
822 1929 1041 1964 noverunt
1063 1920 1209 1964 videre
1229 1921 1319 1965 vias
1341 1922 1424 1965 im-

29 1991 366 2036 maculatorum.
393 1990 474 2035 Ille
500 1991 576 2051 qui
608 2006 678 2034 eas
700 1990 848 2045 novit,
884 1990 963 2034 scit
985 2006 1062 2050 per
1098 2006 1231 2051 quam
1255 2001 1424 2036 rectum

30 2061 164 2106 ducat
181 2070 428 2106 mansuetos
456 2076 570 2105 suos.
601 2060 726 2105 Unde
744 2059 852 2104 dixit
867 2061 911 2104 in
935 2059 1018 2105 alio
1041 2060 1212 2105 Psalmo
1229 2097 1239 2116 ,
1273 2081 1293 2104 «
1312 2062 1424 2105 Diri-

33 2150 55 2174 »
89 2140 161 2190 get
184 2131 309 2176 mites
335 2130 380 2174 in
398 2129 563 2190 judicio
579 2164 590 2184 ‚
620 2129 798 2174 docebit
824 2140 1070 2174 mansuetos
1106 2131 1196 2175 vias
1224 2148 1321 2176 suas
1337 2134 1369 2174 ⁶.
1399 2150 1418 2172 »

31 2201 264 2256 Quomodo
283 2201 445 2261 putatis
468 2199 703 2245 detestatos
725 2201 923 2245 homines
950 2209 1222 2246 transeuntes
1246 2201 1420 2246 ulcero-

31 2289 127 2320 sum
149 2286 386 2332 pauperem
402 2271 619 2331 jacentem
636 2280 738 2316 ante
756 2272 900 2316 divitis
923 2273 1103 2332 januam
1117 2275 1166 2315 ⁷⁴?
1198 2273 1421 2333 quomodo

31 2345 146 2390 forte
167 2345 286 2389 hunc
314 2341 496 2388 occlusis
518 2343 695 2388 naribus
713 2343 1044 2404 conspuebant?
1066 2348 1254 2390 Noverat
1276 2355 1421 2391 autem

32 2415 244 2462 Dominus
265 2413 329 2460 illi
350 2429 520 2459 servare
539 2414 803 2475 paradisum.
825 2415 1060 2469 Quomodo
1074 2426 1220 2462 autem
1237 2417 1317 2461 sibi
1339 2433 1420 2478 op-

79 2520 90 2537 1
107 2515 199 2546 Rom.
218 2523 291 2553 vm,
309 2511 364 2544 35.
389 2528 432 2535 —-
449 2518 463 2535 ²
478 2513 551 2545 Act.
572 2523 628 2553 xx,
647 2510 702 2554 24.
718 2528 761 2534 —-
781 2509 794 2534 3
818 2521 837 2544 2
857 2513 929 2545 Cor.
946 2523 988 2544 xu
1002 2537 1012 2554 ,
1035 2516 1085 2546 15.
1102 2529 1140 2537 -
1161 2511 1177 2544 4
1196 2517 1269 2547 Act.
1287 2525 1352 2556 xxi,
1367 2525 1419 2547 ιι-

36 2571 86 2604 13.
106 2586 148 2593 —-
166 2567 406 2610 ⁵Psa1.xxxv1‚
428 2567 478 2602 18.
495 2584 537 2592 -··
562 2566 577 2592 6
596 2568 643 2601 ld.
665 2579 751 2607 xxiv,
768 2579 800 2610 9.
823 2585 862 2590 —
882 2575 895 2601 ἲ
920 2570 997 2601 Luc.
1019 2580 1084 2611 xvi,
1102 2579 1157 2603 20.
