1841 3223
428 243 673 273 ENARRATIO
704 246 750 273 IN
782 243 984 273 PsALMUM
1016 245 1105 272 xm.
1373 234 1458 273 239

72 310 158 354 tuit
180 310 296 355 enim
321 309 395 354 ille
423 310 559 355 oculis
593 310 784 370 corporis
805 310 890 354 mei
919 307 1145 355 ostendere
1167 311 1307 353 Deum
1331 323 1479 361 suum*

67 379 224 435 solem,
249 379 411 441 quibus
433 393 514 437 ego
541 378 678 423 oculis
701 378 928 423 ostendam
952 378 1051 423 solis
1070 379 1342 423 creatorem?

129 452 229 494 VII.
265 452 577 495 Verumtamen
602 447 820 492 audiendo
842 449 1039 508 quotidie
1073 468 1081 493 :
1122 467 1138 489 «
1155 448 1240 493 Ubi
1260 457 1326 494 est
1346 451 1459 495 Deus

71 538 91 561 n
127 521 259 564 tuus?
283 537 303 560 »
329 528 373 563 et
395 519 442 562 in
469 517 673 576 lacrymis
695 517 802 562 meis
825 517 1089 578 quotidianis
1111 528 1258 578 pastus
1275 553 1286 575 ,
1318 517 1388 563 die
1408 535 1458 564 ac

68 599 196 635 nocte
212 590 445 635 meditatus
467 605 562 634 sum
576 589 698 650 quod
720 588 867 634 audivi
893 608 904 634 ι
926 608 945 631 «
966 589 1049 634 Ubi
1070 598 1135 633 est
1154 593 1268 634 Deus
1286 592 1414 635 tuus?
1434 608 1455 633 >1

67 661 248 721 quaesivi
268 661 397 705 etiam
421 676 503 720 ago
531 661 621 720 ipse
643 663 784 705 Deum
806 675 953 704 meum
970 695 981 715 ,
1007 668 1057 703 ut
1078 659 1113 704 si
1135 675 1304 719 possem
1320 695 1331 715 ,
1367 676 1460 705 non

68 741 242 777 tantum
275 732 522 788 crederem,
557 731 633 776 sed
667 731 833 792 aliquid
863 741 908 776 et
936 730 1145 776 viderem.
1181 730 1320 776 Video
1342 732 1460 776 enim

68 819 167 864 quae
203 802 354 848 fecerit
382 806 497 848 Deus
524 819 667 858 meus,
702 818 792 848 non
819 812 966 848 autem
993 801 1124 847 video
1151 801 1294 862 ipsum
1317 805 1459 847 Deum

68 890 216 920 meum
248 875 326 936 qui
351 874 455 920 fecit
484 876 593 920 haec.
618 874 703 921 Sed
724 875 932 936 quoniam
953 874 1065 919 sicut
1085 889 1238 919 cervus
1260 873 1459 918 desidero

69 945 124 990 ad
150 945 293 990 fontes
314 961 525 1006 aquarum
540 981 550 1001 ,
579 955 622 990 et
643 955 705 990 est
720 944 840 1005 apud
859 960 961 989 eum
982 944 1080 990 fons
1098 945 1200 989 vitae
1219 980 1231 1000 ,
1258 954 1303 989 et
1323 945 1368 989 in
1387 945 1460 989 in-

67 1015 292 1060 tellectum
313 1016 496 1076 scriptus
521 1025 586 1060 est
618 1015 813 1061 Psalmus
845 1015 944 1060 filiis
977 1018 1114 1071 Core,
1147 1024 1191 1060 et
1225 1014 1460 1060 invisibilia

67 1086 145 1131 Dei
166 1101 244 1146 per
264 1101 313 1130 ea
334 1102 434 1147 quae
455 1087 569 1131 facta
599 1095 702 1131 sunt
723 1085 944 1131 intellecta
966 1086 1295 1146 conspiciuntur
1319 1105 1328 1131 z
1351 1085 1460 1147 quid

68 1172 193 1215 agam
209 1192 220 1212 ,
255 1166 306 1201 ut
334 1157 552 1201 inveniam
578 1159 718 1201 Deum
742 1159 918 1200 meum?
941 1157 1237 1202 Considerabo
1259 1165 1419 1201 terram
1445 1175 1456 1201 ε

67 1227 183 1273 facta
204 1237 266 1272 est
290 1237 418 1272 terra.
451 1230 530 1272 Est
549 1243 705 1287 magna
721 1227 1004 1287 pulchritudo
1023 1237 1232 1272 terrarum
1250 1248 1261 1285 3
1285 1227 1359 1272 sed
1380 1228 1459 1272 ha-

68 1298 144 1342 bet
165 1298 389 1343 artificem.
423 1300 579 1356 Magna
603 1297 810 1342 miracula
832 1306 935 1343 sunt
967 1298 1182 1343 seminum
1205 1307 1337 1358 atque
1366 1297 1460 1357 gig-

68 1369 293 1428 nentium,
309 1368 384 1413 sed
405 1369 571 1413 habent
590 1369 669 1413 ista
693 1369 838 1414 omnia
859 1378 1113 1414 creatorem.
1132 1369 1327 1414 Ostendo
1342 1384 1460 1428 mag-

68 1439 312 1484 nitudinem
344 1438 598 1484 circumfusi
631 1440 790 1495 maris,
827 1449 1008 1500 stupeo,
1055 1439 1204 1495 miror,
1248 1439 1457 1484 artificem

67 1525 242 1570 quaero,
276 1509 440 1555 coelum
461 1509 646 1570 suspicio
669 1519 712 1554 et
733 1509 1109 1570 pulchritudinem
1138 1509 1350 1566 siderum,
1376 1511 1458 1555 ad-

66 1580 202 1624 miror
222 1579 499 1640 splendorem
515 1579 614 1624 solis
631 1579 847 1625 exerendo
867 1579 954 1624 diei
977 1579 1282 1636 sufficientem,
1306 1579 1458 1625 lunam

67 1660 303 1695 nocturnas
334 1650 536 1694 tenebras
570 1650 870 1695 consolantem
895 1669 904 1694 :
929 1650 1038 1695 mira
1076 1659 1177 1695 sunt
1214 1650 1330 1706 haec,
1366 1650 1459 1696 lau-

68 1718 213 1764 danda
250 1729 352 1764 sunt
378 1721 494 1776 haec,
531 1719 602 1766 vel
625 1720 754 1764 etiam
789 1719 1005 1780 stupenda
1038 1730 1140 1765 sunt
1163 1720 1285 1776 haec,
1314 1736 1459 1781 neque

69 1791 185 1834 enim
206 1799 400 1846 terrena,
429 1789 504 1835 sed
537 1792 630 1851 jam
659 1789 851 1835 coelestia
882 1800 986 1834 sunt
1011 1791 1104 1836 haec
1133 1811 1142 1836 :
1168 1791 1368 1836 nondum
1395 1791 1459 1836 ibi

68 1870 152 1905 stat
173 1861 262 1905 sitis
282 1876 378 1906 mea
403 1880 414 1906 ε
438 1862 532 1905 haec
554 1861 704 1917 miror,
729 1861 824 1905 haec
839 1860 972 1906 laudo
997 1881 1006 1906 :
1031 1861 1107 1906 sed
1124 1877 1224 1906 eum
1249 1862 1327 1923 qui
1355 1862 1460 1907 fecit

69 1932 188 1988 haec,
218 1932 332 1977 sitio.
359 1932 509 1977 Redeo
543 1932 599 1977 ad
621 1947 691 1976 me
718 1932 884 1992 ipsum,
915 1942 960 1977 et
982 1933 1078 1994 quis
1099 1933 1182 1978 sim
1215 1934 1347 1978 etiam
1368 1933 1458 1994 ipse

69 2003 145 2063 qui
162 2001 265 2047 talia
278 2017 429 2063 quaero
443 2037 454 2058 ,
479 2011 726 2063 perscrutor
746 2021 756 2047 2
781 2002 956 2047 invenio
978 2017 1049 2047 me
1065 2004 1227 2048 habere
1244 2019 1401 2064 corpus
1415 2014 1459 2049 et

69 2073 290 2131 animam,
324 2088 465 2118 unum
491 2073 613 2133 quod
637 2088 783 2132 regam
800 2108 810 2127 ‚
849 2072 970 2117 aliud
998 2089 1089 2134 quo
1116 2089 1267 2134 regar,
1303 2090 1462 2135 corpus

69 2143 248 2197 servire,
275 2143 463 2186 animam
483 2141 710 2201 imperare.
749 2141 953 2186 Discerno
975 2142 1165 2187 animam
1193 2144 1350 2189 melius
1370 2161 1461 2190 esse

67 2212 236 2272 ahquid
262 2227 393 2272 quam
428 2227 606 2271 corpuS,
636 2211 866 2272 ipsumque
888 2212 1190 2272 inquisitorem
1212 2214 1364 2258 talium
1387 2231 1459 2259 re-

71 2285 170 2326 rum
188 2298 278 2327 non
294 2298 467 2342 corpus,
487 2282 563 2326 sed
584 2282 773 2326 animam
795 2282 950 2328 video:
968 2293 1012 2327 et
1033 2292 1179 2328 tamen
1193 2284 1288 2329 haec
1313 2286 1458 2331 omnia

70 2369 171 2414 quae
193 2352 464 2409 collustravi,
488 2368 566 2412 per
586 2368 743 2413 corpus
771 2368 821 2397 ea
843 2369 912 2397 me
933 2353 1205 2399 collustrasse
1226 2371 1455 2414 cognosco.

74 2427 249 2468 Terram
267 2423 525 2478 laudabam,
551 2422 687 2468 oculis
706 2439 1023 2482 cognov30ram
1049 2440 1166 2469 mare
1194 2424 1456 2483 laudabam,

73 2495 209 2539 oculis
227 2509 538 2552 cognoveram
563 2493 742 2549 coelum,
766 2493 922 2549 sidera,
947 2493 1083 2538 solem
1098 2494 1338 2558 lunamque
1359 2497 1459 2542 lau-

74 2564 230 2610 dabam
248 2598 260 2621 ,
297 2563 432 2610 oculis
456 2578 758 2622 cognoveram.
783 2563 911 2609 Oculi
941 2565 1136 2612 membra
1163 2576 1266 2613 sunt
1294 2569 1456 2625 carni-³,
