1841 3223
413 275 654 305 Ermum-10
685 278 732 305 m
763 275 968 306 PsALMUM
1000 278 1056 305 ιι.
1328 264 1412 305 473

34 352 149 388 certe
169 343 215 387 in
243 344 376 388 finem
396 341 612 397 destruet,
637 342 815 403 quando
836 341 946 386 illud
967 341 1258 386 ventilabrum
1279 357 1415 386 vene-

33 415 114 469 rit,
158 423 200 458 et
227 428 402 458 acervus
430 411 565 472 paleae
606 429 627 457 a
656 428 791 456 massa
829 422 1048 473 separatus
1081 411 1227 456 fuerit.
1261 415 1416 458 Nonne

33 501 170 530 massa
192 486 237 529 in
259 486 434 539 horrea,
472 492 515 527 et
539 483 662 543 palca
691 484 735 527 in
764 484 964 541 ignem1?
1001 486 1156 528 Nonne
1185 493 1302 528 totus
1338 484 1417 529 iste

34 556 178 600 Doech
197 554 251 599 ad
271 554 483 599 sinistram
502 555 652 609 stabit,
677 554 854 614 quando
875 553 1070 598 dicturus
1088 564 1151 598 est
1173 554 1382 598 Dominus
1404 574 1414 600 ι

37 645 58 668 «
92 629 158 670 Ite
180 625 224 669 in
247 626 390 684 ignem
413 634 626 669 aeternum
647 625 723 685 qui
740 633 915 684 paratus
938 634 1001 668 est
1023 623 1199 669 diabolo
1222 635 1265 669 et
1283 641 1418 685 ange-

36 714 57 738 »
92 696 142 740 lis
163 698 306 753 ejus2?
330 699 532 740 Destruet
553 711 656 755 ergo
674 704 716 738 te
730 698 845 739 Deus
868 695 912 738 in
931 695 1062 739 finem
1080 715 1088 740 z
1114 695 1269 740 evellet
1287 705 1329 739 te
1345 731 1355 750 ,
1377 706 1420 741 et

35 785 56 809 »
91 767 321 826 emigrabit
353 776 394 811 te
418 766 472 811 de
503 765 784 811 tabernaculo
814 776 948 811 tuo.»
980 767 1113 811 Modo
1144 783 1246 826 ergo
1270 768 1420 812 Doe'ch

31 838 110 882 iste
139 838 359 881 Idumaeus
393 846 457 881 est
483 837 528 881 in
552 837 833 882 tabernaculo
859 857 867 882 :
895 838 970 882 sed
993 853 1138 882 servus
1162 854 1251 882 non
1273 847 1421 882 manet

32 908 77 952 in
95 907 226 952 domo
247 908 293 951 in
316 910 569 952 aeternumss.
592 909 809 967 Operatur
831 918 874 952 et
894 909 972 952 iste
995 908 1160 969 aliquid
1191 908 1318 964 boni,
1342 909 1421 952 etsi

32 993 122 1022 non
146 977 266 1022 factis
293 979 378 1022 suis
396 1014 406 1033 ,
433 978 584 1022 saltem
612 979 753 1022 verbis
774 979 871 1033 Dei,
898 987 948 1022 ut
970 979 1013 1022 in
1032 978 1223 1023 Ecclesia
1243 978 1420 1038 quando

31 1065 108 1094 sua
141 1049 298 1109 quaerit
310 1050 343 1104 ⁴,
371 1048 522 1093 saltem
548 1065 646 1109 quae
670 1049 829 1094 Christi
855 1058 956 1093 sunt
988 1049 1117 1092 dicat.
1145 1048 1229 1093 Sed
1265 1049 1420 1093 «Emi-

34 1139 54 1162 »
91 1120 229 1179 grabit
248 1129 291 1164 te
317 1119 371 1163 de
393 1120 677 1164 tabernaculo
705 1129 793 1164 tuo.
817 1122 957 1164 Amen
979 1119 1076 1164 dico
1098 1120 1219 1164 vobis
1234 1155 1244 1175 ,
1271 1135 1422 1180 perce-

34 1208 54 1232 »
89 1199 250 1250 perunt
275 1188 521 1234 mercedem
551 1206 671 1234 suam
691 1193 720 1234 ⁵.
753 1193 810 1234 Et
846 1189 1034 1234 radicem
1061 1199 1182 1234 tuam
1222 1189 1276 1234 de
1308 1199 1421 1235 terra

33 1279 54 1302 >›
90 1261 344 1305 viventium.
367 1279 386 1302 »
415 1263 529 1318 Ergo
552 1261 596 1304 in
620 1270 729 1305 terra
750 1261 990 1305 viventium
1008 1276 1086 1304 nos
1109 1259 1318 1304 debemus
1335 1262 1417 1305 ha-

31 1331 136 1375 bere
158 1330 362 1375 radicem.
386 1330 524 1375 Radix
543 1340 689 1375 nostra
716 1331 778 1374 ibi
802 1332 869 1375 sit.
899 1335 950 1375 In
975 1330 1147 1376 occulto
1177 1340 1239 1375 est
1263 1330 1382 1375 radix
1408 1343 1425 1373 :⁷

31 1401 200 1446 fructus
240 1400 378 1446 videri
409 1410 612 1461 possunt,
643 1400 765 1445 radix
798 1401 936 1445 videri
966 1417 1055 1446 non
1087 1411 1244 1461 potest.
1280 1401 1421 1446 Radix

30 1481 176 1516 nostra
188 1472 372 1516 charitas
389 1481 551 1527 nostra,
566 1469 726 1516 frustra
740 1473 876 1516 nostri
894 1487 1023 1531 opera
1042 1482 1187 1516 nostra
1206 1492 1214 1517 z
1236 1488 1345 1532 opus
1358 1482 1423 1517 est

29 1551 80 1586 ut
101 1558 232 1602 opera
254 1551 328 1586 tua
350 1542 405 1586 de
422 1540 630 1586 charitate
655 1541 909 1602 procedant,
933 1552 1037 1587 tunc
1056 1552 1119 1587 est
1142 1543 1262 1587 radix
1280 1552 1354 1588 tua
1376 1544 1422 1587 in

30 1622 143 1657 terra
165 1613 420 1658 viventium.
458 1612 567 1657 Inde
588 1613 881 1657 eradicabitur
902 1614 980 1657 iste
1007 1615 1178 1666 Doech,
1212 1630 1292 1659 nec
1325 1630 1422 1659 om-

30 1683 136 1727 nino
152 1684 313 1743 poterit
335 1683 396 1726 ibi
423 1698 700 1742 permanere,
728 1683 830 1743 quia
853 1698 934 1727 nco
956 1684 1083 1728 altius
1109 1684 1171 1728 ibi
1199 1685 1290 1729 fixit
1311 1684 1420 1728 radi-

31 1770 123 1799 cem
147 1775 156 1800 :
182 1754 257 1799 sed
279 1754 501 1814 quomodo
523 1754 596 1797 illa
617 1755 778 1798 semina
801 1755 845 1798 in
867 1764 990 1814 petra
1008 1791 1018 1810 ,
1039 1756 1117 1799 etsi
1139 1755 1328 1800 radicem
1352 1757 1424 1816 eji-

31 1825 161 1879 ciant,
179 1834 325 1868 tamen
341 1825 441 1885 quia
456 1826 683 1869 humorem
699 1840 785 1868 non
804 1825 984 1880 habent,
1001 1824 1089 1869 sole
1105 1835 1200 1869 orto
1214 1828 1424 1871 continuo

31 1896 274 1940 arescuntss.
295 1898 352 1939 At
368 1910 471 1939 vero
493 1894 555 1938 illi
575 1895 651 1954 qui
674 1894 801 1938 altius
819 1897 960 1954 figunt
982 1895 1194 1952 radicem,
1216 1896 1323 1957 quid
1346 1913 1424 1941 au-

31 1965 160 2010 diunt
178 1965 232 2010 ab
254 1964 491 2025 Apostolo?
516 1984 536 2007 «
563 1965 713 2009 Flecto
738 1980 878 2023 genua
900 1981 995 2010 mea
1026 1982 1105 2026 pro
1125 1967 1247 2011 vobis
1270 1966 1324 2011 ad
1347 1971 1424 2011 Pa-

36 2056 55 2079 »
88 2045 200 2080 trem
222 2036 395 2081 Domini
420 2036 553 2080 nostri
591 2039 694 2080 Jesu
718 2037 898 2091 Christi,
930 2046 978 2080 ut
1017 2037 1105 2081 sitis
1139 2037 1185 2081 in
1214 2039 1424 2083 charitate

33 2124 54 2148 »
89 2106 268 2151 radicati
290 2115 334 2150 et
350 2105 536 2150 fundati.
556 2125 573 2147 »
599 2109 656 2150 Et
677 2107 783 2166 quia
805 2107 867 2149 ibi
879 2108 970 2166 jam
987 2107 1108 2150 radix
1135 2127 1144 2151 ε
1173 2110 1262 2152 «Ut
1284 2109 1422 2167 possi-

34 2195 54 2219 »
89 2177 142 2222 tis
157 2212 167 2232 ,
192 2177 358 2237 inquit,
387 2176 757 2236 comprehendere
779 2193 878 2237 quae
901 2178 956 2221 sit
973 2177 1180 2233 altitudo,
1206 2177 1392 2223 latitudo
1408 2215 1419 2235 ,

34 2265 56 2289 »
89 2237 321 2305 longitudo
353 2255 396 2291 et
424 2245 721 2306 profundum,
747 2248 854 2292 scire
876 2247 1006 2291 etiam
1028 2249 1423 2307 supereminentem

35 2336 56 2359 »
91 2317 313 2361 scientiam
335 2317 553 2361 charitatis
587 2318 768 2373 Christi,
801 2327 851 2362 ut
871 2318 1141 2377 impleamini
1171 2318 1217 2362 in
1246 2334 1423 2364 omnem

34 2406 54 2429 n
90 2387 408 2447 plenitudinem
433 2388 549 2432 Dei7.
571 2406 591 2429 ι)
619 2388 794 2432 Talibus
816 2388 1034 2432 fructibus
1061 2388 1193 2447 digna
1218 2399 1282 2434 est
1303 2399 1423 2436 tanta

32 2458 168 2513 radiX,
194 2467 282 2502 tam
305 2458 502 2518 simpleX,
528 2467 616 2503 tam
641 2460 900 2519 germinam,
926 2460 971 2503 in
994 2459 1186 2518 germina
1208 2469 1296 2504 tam
1318 2461 1420 2505 alte-

79 2561 90 2577 ¹
122 2553 233 2586 Mauh.
254 2565 300 2596 111,
323 2563 375 2596 12,
395 2559 428 2587 et
452 2564 521 2595 xui,
547 2553 600 2596 40.
637 2572 680 2577 -—
712 2563 724 2578 ²
744 2556 790 2587 Id.
812 2566 895 2596 xxv,
916 2553 968 2595 41.
990 2572 1032 2577 —-
1053 2553 1065 2577 3
1084 2557 1175 2587 Joan.
1206 2566 1280 2598 νιιι,
1307 2555 1361 2588 35.
1379 2573 1422 2580 -—

34 2609 49 2633 A
69 2609 180 2653 Philip.
208 2621 252 2652 11,
277 2619 329 2642 21.
348 2628 388 2633 —
408 2609 422 2634 ⁵
441 2611 552 2642 Mauh.
574 2620 670 2651 v1‚2.
692 2609 761 2634 ...⁴5
785 2611 830 2642 ld.
853 2622 922 2654 xm,
942 2611 972 2645 5.
993 2628 1034 2635 --
1059 2619 1072 2645 7
1093 2611 1208 2655 Ephes.
1232 2623 1281 2654 m,
1303 2611 1414 2654 14-19.
