1841 3223
216 267 458 297 ENARRATIO
489 271 504 296 1
537 271 582 296 IN
614 268 818 297 PsALMUM
848 270 1014 308 vam,
1049 267 1176 297 SERM.
1212 269 1243 295 1.
1328 255 1413 294 379

31 351 117 396 que
142 344 312 396 poterat
343 333 605 378 descendere
626 333 680 377 de
707 348 858 389 cruce,
879 334 955 394 qui
976 333 1120 393 potuit
1141 332 1196 376 de
1213 331 1413 392 sepulcro
1464 354 1466 356 >

31 421 252 464 resurgere
279 424 288 450 :
308 403 384 448 sed
399 403 550 448 docuit
565 419 643 448 nos
661 402 774 447 ferre
790 403 1046 448 insultantes
1062 438 1072 458 ,
1093 402 1244 447 docuit
1258 401 1414 446 adver-

31 492 103 522 sus
123 476 294 534 linguas
320 474 549 519 hominum
566 489 655 518 esse
670 474 901 533 patientes,
930 474 1079 517 bibere
1093 473 1226 517 modo
1238 471 1413 517 calicem

32 546 355 600 amaritudinis}
395 554 439 589 et
479 554 626 606 postea
658 546 850 604 accipere
882 546 1189 604 sempiternam
1212 543 1413 588 salutem.

31 618 138 662 Bibe
157 631 270 675 aeger
290 615 469 660 calicem
495 630 714 671 amarum,
749 624 800 659 ut
820 630 949 659 sanus
978 616 1053 670 sis,
1090 616 1158 659 cui
1193 630 1283 658 non
1315 622 1418 658 sunt

32 704 134 733 sana
145 687 307 732 viscera
324 705 333 731 :
358 685 449 730 noli
460 686 673 746 trepidare
688 720 699 741 ‚
720 685 821 745 quia
843 700 899 728 ne
921 684 1158 744 trepidares
1178 719 1190 739 ,
1210 686 1332 743 prior
1346 684 1415 727 bi-

31 758 99 803 bit
124 755 344 811 medicus,
369 754 414 799 id
441 764 528 810 est,
557 755 763 815 passionis
791 754 1125 799 amaritudinem
1156 753 1270 797 bibit
1298 754 1416 812 prior

30 826 257 873 Dominus.
278 826 396 870 Bibit
412 826 730 885 quipeccatum
762 840 852 869 non
879 823 1092 879 habebat,
1120 823 1196 884 qui
1214 822 1336 883 quod
1372 822 1418 866 in

32 913 84 942 eo
101 905 324 941 sanaretur
345 911 435 940 non
455 895 662 940 habebat.
688 895 794 939 Bibe
809 894 948 940 donec
970 903 1159 939 transeat
1174 893 1419 938 amaritudo

30 968 163 1028 hujus
184 967 354 1022 saeculi,
375 975 418 1011 et
433 967 580 1011 veniat
595 967 805 1011 saeculum
817 1002 828 1022 ,
850 967 925 1010 ubi
948 964 1121 1010 nullum
1134 964 1387 1010 scandalum
1403 999 1415 1020 ‚

30 1038 154 1084 nulla
183 1038 246 1082 ira
260 1071 272 1094 ‚
310 1035 433 1081 nulla
467 1037 590 1081 tabes
604 1072 616 1092 ,
656 1037 779 1082 nulla
813 1035 1079 1092 amaritudo,
1115 1036 1237 1081 nulla
1259 1034 1415 1091 febris,

31 1108 179 1155 nullus
209 1107 365 1164 dolus,
401 1107 535 1152 nullae
571 1107 836 1162 inimicitiae,
881 1106 1003 1151 nulla
1036 1116 1256 1162 senectus,
1297 1106 1419 1151 nulla

32 1194 175 1235 mors,
206 1177 327 1222 nulla
359 1177 598 1222 eontentio.
629 1177 796 1222 Labora
825 1178 923 1233 hic,
943 1186 1154 1221 venturus
1182 1176 1237 1220 ad
1257 1177 1416 1234 finem3

31 1249 209 1305 labora,
233 1263 289 1292 ne
310 1263 409 1292 cum
443 1263 532 1292 non
562 1248 626 1293 vis
664 1249 734 1292 hic
771 1247 994 1302 laborare,
1024 1247 1169 1291 venias
1197 1246 1252 1291 ad
1286 1248 1417 1290 finem

33 1320 132 1379 vitae
149 1354 161 1375 ,
186 1327 229 1363 et
262 1332 491 1379 nunquam
509 1318 657 1362 venias
679 1317 733 1362 ad
761 1318 892 1362 finem
915 1317 1132 1362 laborum.
1159 1337 1179 1360 α
1201 1317 1415 1371 Quoniam

35 1408 57 1432 υ
91 1405 181 1434 non
196 1389 360 1434 videbit
372 1389 595 1433 interitum
607 1424 618 1444 ‚
630 1404 731 1433 cum
740 1387 896 1433 viderit
908 1389 1122 1449 sapientes
1134 1389 1380 1432 morientes.
1395 1406 1416 1428 n

91 1462 196 1504 XII.
235 1478 255 1501 «
274 1458 411 1504 Simul
438 1459 691 1519 imprudens
713 1469 756 1504 et
777 1459 982 1519 insipiens
1001 1459 1208 1519 peribunt
1222 1461 1252 1502 ¹.
1272 1476 1292 1499 »
1314 1458 1419 1511 Quis

33 1539 97 1575 est
136 1548 156 1572 «
170 1529 462 1590 Imprudens?
482 1549 499 1572 »
531 1530 616 1583 Qui
647 1546 737 1574 non
766 1529 845 1577 sibi
883 1530 1090 1589 prospicit
1117 1528 1162 1572 in
1200 1528 1416 1573 futurum.

33 1600 136 1654 Quis
157 1608 221 1644 est
245 1618 263 1640 «
278 1599 519 1659 Insipiens?
540 1619 558 1642 »
586 1600 671 1654 Qui
693 1615 783 1644 non
804 1599 1008 1658 intelligit
1031 1600 1077 1643 in
1100 1615 1189 1659 quo
1212 1599 1326 1643 malo
1349 1600 1417 1643 sit.

34 1663 102 1716 Tu
121 1684 225 1715 vero
245 1668 439 1729 intellige
456 1671 502 1714 in
520 1686 609 1730 quo
626 1669 741 1714 malo
763 1669 818 1714 sis
835 1669 967 1714 modo
984 1703 994 1723 ,
1020 1679 1063 1713 et
1079 1669 1276 1729 prospice
1298 1678 1347 1713 ut
1374 1669 1421 1713 in

34 1740 159 1785 bonis
181 1741 233 1784 sis
256 1740 300 1784 in
320 1749 557 1800 posterum.
585 1739 876 1798 Intelligendo
893 1739 938 1782 in
960 1754 1048 1798 quo
1070 1738 1186 1783 malo
1214 1740 1269 1783 sis
1285 1774 1296 1794 ‚
1331 1754 1421 1783 non

34 1811 116 1855 eris
132 1810 336 1870 insipiens
357 1829 365 1854 :
391 1809 696 1870 prospiciendo
719 1809 800 1853 tibi
821 1809 866 1852 in
889 1809 1105 1864 futurum,
1130 1824 1221 1853 non
1243 1808 1324 1853 eris
1345 1809 1426 1852 im·

34 1880 240 1943 prudens.
267 1880 373 1934 Quis
395 1889 459 1925 est
488 1880 563 1940 qui
584 1880 666 1924 sibi
689 1880 919 1939 prospicit?
943 1882 1097 1924 Servus
1120 1878 1193 1923 ille
1215 1880 1285 1923 cui
1303 1879 1425 1924 dedit

35 1951 246 1997 Dominus
267 1966 370 1994 suus
391 1950 513 2011 quod
533 1959 753 2008 erogaret,
784 1959 827 1994 et
856 1959 1005 2009 postea
1036 1949 1147 1993 dixit
1174 1950 1211 1993 ei
1245 1969 1255 1994 ε
1284 1952 1424 1994 «Non

41 2040 60 2064 »
94 2031 217 2082 potes
237 2021 347 2065 mihi
368 2036 493 2079 agere
510 2055 521 2076 ‚
547 2020 682 2065 redde
710 2021 923 2065 rationem
946 2029 1065 2065 actus
1082 2021 1162 2065 tui.
1191 2038 1211 2061 »
1237 2024 1295 2065 Et
1314 2020 1387 2065 ille
1412 2039 1421 2066 ε

38 2108 62 2134 «ι
95 2091 212 2145 Quid
224 2091 363 2136 facio?
376 2090 526 2135 fodere
540 2107 629 2136 non
642 2106 831 2151 possum,
846 2091 1091 2136 mendicare
1099 2090 1347 2136 confundor
1357 2093 1389 2135 ².
1400 2109 1420 2132 »

37 2160 124 2207 Sed
145 2170 189 2205 et
209 2160 265 2205 de
287 2176 332 2204 re
353 2161 521 2205 domini
544 2161 610 2205 sui
632 2160 734 2205 fecit
754 2161 834 2205 sibi
857 2162 1015 2206 amicos
1032 2196 1042 2215 ,
1068 2162 1144 2221 qui
1165 2161 1290 2204 illum
1313 2161 1424 2205 rcci-

37 2241 212 2292 perent‚
239 2247 339 2276 cum
368 2231 424 2276 de
452 2241 553 2276 actu
585 2232 880 2292 projiceretur.
914 2235 970 2276 Et
1003 2231 1076 2275 ille
1097 2231 1296 2275 fraudem
1324 2230 1426 2276 fecit

0 2337 1 2352 ,
39 2301 217 2347 domino
240 2318 318 2347 suo
335 2337 346 2357 ,
375 2311 425 2345 ut
441 2311 712 2361 compararet
728 2302 810 2346 sibi
834 2302 1013 2356 amicos,
1039 2302 1116 2362 qui
1140 2301 1264 2345 illum
1287 2302 1425 2346 susci-

0 2449 2 2485 >

0 2519 2 2552 l

0 2654 4 2696 ἱ

0 2703 5 2743 ἕ

38 2381 192 2431 perent
220 2391 229 2416 ε
253 2381 304 2416 tu
325 2371 415 2416 noli
436 2371 588 2416 timere
616 2387 672 2416 ne
693 2371 887 2418 fraudem
917 2372 1047 2417 facias
1067 2393 1077 2429 3
1106 2372 1197 2431 ipse
1217 2372 1426 2416 Dominus

39 2443 240 2487 hortatur
272 2451 323 2487 ut
354 2441 506 2497 facias,
541 2443 632 2502 ipse
661 2443 741 2486 tibi
769 2442 875 2487 dicit
911 2463 919 2487 z
958 2447 1044 2487 Fac
1073 2443 1154 2486 tibi
1187 2444 1343 2487 amieos
1371 2443 1426 2487 de

43 2529 65 2554 »
98 2527 346 2558 mammona
365 2513 618 2572 iniquitatis.
646 2513 884 2557 »Fortassis
904 2528 952 2556 ea
971 2529 1071 2572 quae
1095 2514 1334 2573 acquisisti,
1373 2513 1428 2557 de

91 2603 98 2618 ¹
124 2596 204 2630 Psal.
222 2607 328 2639 xzvm,
357 2608 369 2629 1
383 2607 409 2629 1.
426 2613 466 2618 —
486 2603 498 2619 ²
518 2598 596 2629 Luc·
619 2607 685 2634 xvi,
713 2607 778 2637 1-9.
