1841 3223
368 225 453 266 454
806 236 839 264 s.
876 236 1105 264 AUGUSTINI
1138 237 1318 264 Emscom

371 304 416 346 in
434 302 716 346 tribulatione
738 311 781 346 et
799 301 968 360 flagello
989 302 1142 346 dicunt
1163 301 1217 345 de
1243 302 1372 346 corde
1389 300 1594 356 distorto,
1610 303 1748 354 Deus,

369 374 479 434 quid
492 375 572 418 tibi
588 373 669 418 feci
679 376 696 417 Ξ)
707 377 815 418 Vere
833 373 932 433 quia
946 372 1053 417 niliil
1066 377 1151 416 Deo
1166 372 1377 427 fecerunt,
1390 373 1532 416 omnia
1547 371 1661 415 enim
1672 371 1753 415 sibi

366 445 579 489 fecerunt.
601 463 618 485 a
635 448 691 489 Et
707 445 904 504 spiritum
924 453 1091 488 rectum
1113 444 1271 487 innova
1287 444 1332 486 in
1353 442 1586 487 visceribus
1601 442 1749 485 meis.»

424 518 649 560 XVI.«Ne
662 515 860 575 projicias
883 530 951 558 1110
969 531 989 558 a
1014 513 1121 558 facie
1138 523 1226 557 tua.
1249 533 1268 555 »
1284 517 1440 558 Averte
1463 513 1617 557 faciem
1635 522 1753 556 tuam

370 603 393 631 a
413 587 599 647 peccatis
617 586 746 630 meis:
775 594 817 629 et
843 604 862 626 «
887 587 949 630 Ne
971 585 1168 644 projicias
1191 599 1259 628 me
1282 601 1304 627 a
1329 582 1435 627 faeie
1456 592 1543 627 tua.
1575 601 1594 623 >›
1620 583 1754 642 Cujus

369 656 524 701 faciem
550 657 695 710 timet,
729 655 860 715 ipsius
892 654 1043 698 faeiem
1077 655 1266 698 invocat.
1297 674 1315 695 «
1342 657 1404 698 Ne
1423 653 1618 713 projicias
1640 668 1709 696 me
1732 668 1754 695 a

371 746 392 770 η
427 728 538 772 facie
560 736 633 771 tua
647 746 655 770 :
671 735 714 770 et
730 726 924 785 spiritum
941 735 1139 769 sanctum
1162 735 1288 769 tuum
1306 741 1360 768 ne
1380 723 1546 767 auferas
1565 739 1587 766 a
1604 738 1673 766 me
1688 723 1715 766 ¹.
1732 741 1751 762 »

367 801 445 843 Est
466 799 583 842 enim
613 797 794 857 Spiritus
823 805 998 840 sanctus
1026 796 1071 839 in
1095 797 1345 840 confitente.
1373 797 1468 838 Jam
1499 793 1553 838 ad
1590 793 1757 837 donum

375 870 554 926 Spiritus
584 868 720 912 sancti
747 867 959 926 pertinet,
990 867 1090 926 quia
1116 866 1196 909 tibi
1227 864 1425 925 displicet
1453 864 1572 924 quod
1601 863 1753 909 fecisti:

368 938 604 984 Immundo
643 937 812 997 spiritui
852 946 1028 996 peccata
1067 936 1266 996 placent,
1302 939 1458 981 Sancto
1492 934 1753 996 displicent:

368 1010 577 1064 Quamvis
610 1025 712 1067 ergo
742 1009 885 1052 adhuc
917 1008 1088 1051 veniam
1116 1007 1385 1066 depreceris,
1418 1016 1565 1050 tamen
1597 1022 1646 1050 ex
1676 1005 1758 1049 alia

367 1090 491 1141 parte
513 1082 615 1140 quia
637 1080 715 1124 tibi
732 1079 929 1139 displicet
943 1078 1108 1122 malum
1131 1078 1252 1138 quod
1265 1078 1529 1134 commisisti,
1553 1080 1639 1121 Deo
1658 1093 1759 1122 con-

366 1153 564 1214 jungeris
581 1167 590 1192 z
607 1152 691 1195 hoc
709 1151 825 1194 enim
848 1159 891 1194 et
912 1150 992 1194 tibi
1014 1149 1226 1209 displicet,
1249 1148 1370 1210 quod
1390 1158 1433 1192 et
1454 1148 1531 1192 illi.
1558 1151 1655 1192 Jam
1670 1148 1758 1192 duo

369 1223 468 1269 estis
491 1223 548 1266 ad
569 1220 906 1281 expugnandam
930 1221 1085 1264 febrim
1101 1229 1244 1274 tuam,
1272 1230 1320 1264 tu
1347 1229 1390 1263 et
1411 1220 1620 1264 medicus.
1647 1219 1759 1272 Quia

368 1308 470 1351 ergo
492 1308 581 1337 non
603 1301 746 1352 potest
767 1307 856 1335 esse
879 1289 1090 1335 confessio
1126 1291 1292 1349 peccati
1325 1300 1368 1334 et
1401 1290 1571 1350 punitio
1594 1290 1759 1349 peccati

369 1365 416 1408 in
448 1363 626 1408 homine
656 1378 678 1405 a
709 1378 752 1405 se
775 1362 890 1420 ipso,
916 1376 1016 1405 cum
1046 1362 1230 1421 quisque
1254 1361 1336 1404 sibi
1363 1362 1573 1415 irascitur,
1604 1370 1646 1404 et
1679 1361 1759 1404 sibi

370 1433 570 1494 displicet
585 1469 595 1488 ,
621 1433 712 1477 sine
730 1432 847 1476 dono
872 1431 1055 1491 Spiritus
1078 1432 1212 1475 sancti
1234 1447 1325 1475 non
1347 1440 1423 1474 est.
1449 1434 1535 1475 Nec
1558 1431 1638 1481 ait,
1662 1432 1759 1490 Spi-

370 1506 505 1549 ritum
523 1513 722 1548 sanctum
745 1512 871 1546 tuum
889 1501 943 1546 da
967 1502 1095 1557 mihi,
1120 1501 1219 1556 sed,
1241 1521 1260 1542 «
1278 1504 1341 1546 Ne
1365 1500 1532 1544 auferas
1554 1518 1577 1545 a
1595 1516 1678 1545 me.
1704 1504 1761 1545 Et

375 1593 396 1616 »
433 1575 642 1634 Spiritum
664 1582 863 1617 sanctuni
889 1581 1012 1616 tuum
1035 1588 1089 1615 ne
1113 1571 1281 1616 auferas
1300 1588 1322 1615 a
1341 1587 1424 1615 me.
1444 1591 1462 1612 »

429 1647 573 1689 XVII.
597 1664 617 1686 «
633 1643 785 1687 Redde
800 1643 904 1686 mihi
919 1642 1229 1686 exultationem
1242 1642 1438 1686 salutaris
1455 1642 1550 1685 tui'2.
1572 1642 1723 1686 Redde
1742 1660 1760 1682 n

371 1732 505 1777 quam
527 1716 766 1769 habebam,
788 1730 919 1774 quam
944 1715 1165 1773 peccando
1181 1714 1403 1757 amiseram
1425 1734 1433 1758 2
1460 1713 1644 1757 «Redde
1661 1714 1765 1756 mihi

377 1807 397 1829 »
433 1786 747 1831 exultationem
779 1785 974 1828 salutaris
996 1785 1059 1829 tui
1086 1805 1093 1829 :
1121 1803 1140 1825 »
1175 1786 1328 1844 utique
1352 1785 1509 1829 Christi
1542 1784 1620 1828 tui.
1660 1785 1765 1837 Quis

374 1859 492 1903 enim
516 1858 606 1902 sine
628 1856 703 1901 illo
731 1857 871 1900 sanari
896 1857 1067 1916 potnit?
1090 1857 1199 1908 Quia
1222 1868 1265 1899 et
1297 1869 1531 1916 antequam
1554 1855 1608 1899 de
1631 1857 1765 1899 Maria

374 1937 647 1981 nasceretur,
677 1947 697 1968 «
724 1931 774 1970 ln
795 1927 1007 1985 principio
1032 1935 1123 1969 erat
1140 1927 1333 1969 Verbum
1350 1962 1360 1981 ,
1386 1936 1429 1970 et
1453 1926 1646 1970 Verbum
1676 1935 1766 1969 erat

378 2019 398 2043 »
435 1999 551 2059 apud
569 2002 729 2052 Deum,
756 2007 799 2041 ct
828 2000 939 2041 Deus
963 2006 1054 2041 erat
1078 1997 1270 2040 Verbum
1287 1999 1300 2023 ³
1326 2017 1334 2042 2
1359 2016 1378 2038 »
1405 2006 1449 2041 et
1476 1997 1534 2040 ita
1563 2013 1585 2040 a
1609 1998 1765 2040 sanetis

375 2070 572 2130 patribus
601 2068 865 2128 dispensatio
899 2076 1108 2126 suseeptae
1142 2067 1282 2111 carnis
1310 2066 1455 2110 futura
1487 2066 1762 2120 credebatur,

375 2143 487 2186 sicut
510 2140 679 2184 anobis
708 2140 820 2183 facta
848 2138 1053 2182 creditur.
1088 2141 1299 2197 Tempora
1335 2138 1496 2181 variata
1525 2147 1651 2192 sunt,
1678 2153 1767 2182 non

377 2212 500 2256 fides.
530 2230 550 2252 «
576 2209 727 2254 Redde
751 2209 856 2252 mihi
878 2207 1188 2252 exultationem
1205 2207 1402 2251 salutaris
1427 2209 1490 2252 tui
1513 2228 1520 2252 ;
1547 2217 1590 2252 et
1611 2208 1767 2267 spiritu

381 2301 402 2324 n
438 2280 667 2341 principali
702 2281 911 2333 confirma
944 2294 1028 2322 me.
1059 2297 1077 2319 n
1115 2278 1325 2323 Nonnulli
1357 2278 1664 2322 intellexerunt
1697 2279 1766 2322 hic

380 2352 635 2396 Trinitatem
668 2351 713 2394 in
748 2354 836 2394 Deo
872 2350 1012 2409 ipsum
1049 2351 1213 2403 Deum,
1244 2358 1417 2408 excepta
1451 2348 1767 2407 dispensatione

381 2422 521 2466 carnis
549 2440 558 2464 :
592 2421 798 2477 quoniam
831 2420 1039 2478 scriptum
1074 2428 1136 2462 cst
1163 2438 1171 2462 z
1203 2437 1222 2460 «
1254 2422 1366 2462 Deus
1399 2418 1572 2478 spiritus
1606 2419 1714 2462 cst⁴.
1744 2437 1762 2457 »

379 2489 510 2544 Quod
531 2491 646 2534 enim
670 2506 758 2534 non
781 2500 843 2533 est
865 2505 1044 2548 corpus,
1069 2498 1111 2532 01
1131 2498 1271 2532 tamen
1295 2498 1358 2532 est
1374 2524 1384 2542 ,
1411 2488 1583 2532 videtur
1611 2498 1767 2532 restare

434 2583 440 2597 ¹
464 2575 542 2606 psat.
564 2587 593 2613 L,
617 2575 666 2606 13.
688 2593 728 2597 -—-
749 2575 860 2606 3Ι1»ἰιΙ.
885 2575 936 2615 [5.
954 2592 994 2597 —-
1013 2573 1024 2596 3
1043 2577 1133 2605 Joan.
1155 2587 1177 2608 1.
1202 2586 1228 2605 1.
1246 2591 1286 2596 -
1311 2572 1452 2614 41tl.1v‚
1473 2573 1526 2614 22.
