1841 3223
405 230 647 262 ENAnnA‘rlo
680 235 724 262 IN
759 231 962 262 PsALMUM
993 235 1111 261 xLix.
1350 222 1433 262 413

52 309 196 344 torum
220 299 453 359 significat,
484 299 560 344 sed
593 300 844 345 universum
872 310 1118 344 sanctorum
1148 308 1192 343 et
1217 301 1453 360 justorum*

51 385 284 414 numerum
316 379 433 414 certa
465 385 593 413 causa
624 380 746 414 tanto
776 386 958 415 numero
980 370 1192 430 siguificat
1218 372 1437 430 Scriptura

51 448 103 483 ut
123 454 272 484 omnes
290 438 591 496 intelligantur
611 440 656 482 in
669 439 754 484 illis
769 450 948 484 centum
961 441 1439 501 quinquaginta-tribus

50 509 316 569 pertinentes
338 508 393 553 ad
420 510 778 554 resurrectionem
807 511 908 554 vitae
929 520 1120 555 aeternae.
1149 512 1323 557 Etenim
1352 515 1439 556 Lex

51 580 186 624 habet
205 580 357 624 decem
379 590 596 640 praecepta
621 599 629 625 ε
658 580 840 640 Spiritus
863 591 1007 625 autem
1027 582 1191 640 gratiae,
1215 598 1441 643 perquam

49 649 185 695 solam
202 652 291 694 Lex
307 649 529 710 impletur,
546 649 807 710 septiformis
827 650 987 710 legitur
1001 654 1030 695 ¹.
1057 652 1363 698 Discutiendus
1379 662 1443 698 est

53 737 157 780 ergo
178 736 385 766 numerus
401 756 412 776 ,
439 722 549 782 quid
571 722 654 766 sibi
674 721 812 767 velint
835 722 986 768 decem
1010 732 1053 768 et
1073 733 1236 784 septem
1261 743 1269 770 ;
1290 724 1442 769 decem

53 792 98 836 in
121 791 347 851 praeceptis
365 826 376 847 ,
400 801 566 852 septem
588 793 632 837 in
662 793 797 852 gratia
821 793 1004 852 Spiritus
1026 794 1189 852 sancti,
1214 810 1289 854 per
1309 811 1442 855 quam

53 862 480 921 gratiamimplentur
493 872 724 922 praecepta.
745 866 903 908 Decem
924 879 1025 923 ergo
1047 874 1090 909 et
1111 874 1276 925 septem
1292 874 1444 910 tenent

53 947 203 977 omnes
234 933 500 992 pertinentes
529 932 584 978 ad
614 933 996 990 resurrectionem,
1025 934 1080 979 ad
1109 934 1350 989 dexteram,
1388 936 1444 979 ad

53 1018 234 1060 regnum
251 1003 465 1048 coelorum
478 1038 489 1058 ,
517 1004 571 1047 ad
588 1004 722 1048 vitam
740 1014 947 1049 aeternam
967 1041 976 1059 ,
1002 1005 1048 1049 id
1070 1015 1158 1061 est,
1181 1009 1340 1065 Legem
1358 1007 1443 1049 im-

52 1073 221 1134 plentes
236 1089 311 1133 per
333 1075 512 1134 gratiam
529 1075 728 1134 Spiritus,
752 1091 840 1119 non
863 1076 984 1136 quasi
999 1092 1076 1136 per
1093 1092 1201 1137 opus
1218 1092 1345 1121 suum
1369 1085 1445 1121 aut

52 1159 130 1203 per
156 1144 362 1188 meritum
384 1160 528 1188 suum.
551 1148 711 1189 Decem
734 1154 879 1189 autem
903 1155 945 1189 et
968 1155 1132 1205 septem
1151 1182 1161 1202 ,
1187 1148 1220 1191 si
1244 1163 1444 1192 numeres

53 1214 109 1257 ab
128 1229 216 1258 uno
238 1230 377 1274 usque
392 1215 446 1259 ad
462 1214 613 1259 decem
628 1225 671 1258 et
691 1225 854 1275 septem
874 1251 884 1269 ,
905 1215 1107 1261 addendo
1125 1233 1328 1263 numeros
1349 1234 1444 1263 om·-

53 1300 129 1329 nes
152 1285 389 1344 gradatim,
415 1295 464 1330 ut
492 1285 547 1330 ad
570 1302 707 1330 unum
736 1287 868 1331 addas
891 1286 1004 1342 duo,
1030 1288 1163 1333 addas
1183 1290 1283 1344 tria,
1311 1291 1443 1335 addas

52 1365 258 1416 quatuor,
282 1366 332 1401 ut
351 1357 457 1400 fiant
479 1357 651 1412 decem,
678 1357 881 1402 addendo
904 1359 1100 1419 quinque
1119 1369 1168 1403 ut
1191 1361 1297 1405 fiant
1318 1362 1445 1422 quin-

54 1425 194 1470 decim
210 1461 220 1481 ,
246 1426 449 1471 addendo
472 1442 543 1470 sex
564 1436 614 1471 ut
631 1427 738 1471 fiant
757 1428 1100 1487 viginti-unum,
1123 1431 1325 1475 addendo
1347 1448 1446 1491 scp-

53 1505 143 1540 tem
163 1506 214 1541 ut
235 1496 344 1540 fiant
364 1496 665 1555 viginti-octo,
692 1497 895 1542 addendo
919 1508 1017 1543 octo
1047 1509 1095 1543 ut
1120 1501 1228 1544 fiant
1244 1502 1443 1560 triginta-

53 1583 147 1621 sex,
191 1566 396 1612 addendo
439 1583 598 1636 novem
639 1577 690 1612 ut
733 1569 841 1613 fiant
879 1571 1167 1630 quadraginta
1182 1599 1201 1605 -
1216 1574 1412 1633 quinque
1431 1610 1441 1623 ,

55 1636 258 1683 addendo
276 1638 426 1683 decem
450 1649 500 1684 ut
523 1640 631 1685 fiant
651 1640 1192 1703 quinquaginta-quinque
1202 1679 1217 1699 ,
1240 1644 1445 1690 addendo

54 1709 259 1754 undecim
292 1719 343 1754 ut
374 1710 481 1754 fiant
510 1710 862 1769 sexaginta-sex,
896 1712 1098 1757 addendo
1136 1713 1367 1758 duodecim
1396 1724 1446 1760 ut

54 1781 161 1825 fiant
185 1782 606 1841 septuaginta-octo,
639 1781 842 1826 addendo
872 1782 1079 1827 tredecim
1103 1792 1152 1827 ut
1174 1785 1280 1829 fiant
1303 1802 1445 1830 nona-

56 1853 174 1911 ginta
195 1868 334 1897 unum
352 1889 362 1908 ,
389 1852 592 1899 addendo
610 1853 941 1914 quatuordecim
958 1890 968 1909 ,
1011 1864 1060 1899 ut
1101 1856 1207 1900 fiant
1245 1867 1446 1902 centum-

55 1921 274 1981 quinque,
312 1919 516 1965 addendo
553 1924 802 1980 quindecim
831 1933 882 1964 ut
910 1925 1015 1965 fiant
1044 1927 1413 1983 centum-viginti
1432 1963 1443 1982 ,

57 1989 262 2035 addendo
288 1989 501 2035 sexdecim
520 1999 571 2034 ut
594 1991 701 2034 fiant
722 1999 900 2034 centum
922 1991 1188 2050 triginta-sex
1209 2030 1218 2049 ,
1241 1995 1445 2042 addendo

58 2060 209 2105 decem
240 2070 281 2105 et
303 2071 490 2120 septem,
516 2061 767 2105 efficiuntur
788 2071 966 2106 centum
984 2063 1404 2123 quinquaginta-tria
1433 2088 1441 2113 ε

58 2131 249 2176 invenies
265 2132 485 2190 ingentem
503 2128 736 2176 numerum
754 2132 949 2176 omnium
964 2142 1209 2178 sanctorum
1228 2138 1445 2195 pertinere

59 2201 250 2247 adhunc
279 2218 512 2247 numerum
537 2203 721 2263 piscium
743 2219 999 2263 paucorum.
1021 2205 1254 2257 Quomodo
1273 2223 1375 2266 ergo
1402 2210 1448 2254 in

59 2273 257 2334 quinque
280 2273 521 2333 virginibus
552 2273 891 2318 innumerabiles
915 2275 1125 2332 virgines,
1155 2279 1376 2336 quomodo
1400 2281 1446 2324 in

60 2343 258 2404 quinque
280 2343 486 2388 fratribus
502 2343 617 2388 illius
634 2345 711 2405 qui
730 2345 1020 2405 torquebatur
1037 2345 1154 2405 apud
1173 2347 1333 2393 inferos
1350 2349 1447 2394 mil-

61 2414 119 2458 lia
139 2413 292 2474 populi
313 2415 565 2460 Judaeorum
579 2451 589 2471 ,
614 2415 837 2476 quomodo
851 2415 896 2458 in
925 2431 1107 2461 numero
1128 2427 1303 2463 centum
1322 2421 1449 2481 quin-

62 2485 431 2546 quaginta-trium
453 2485 634 2546 piscium
657 2485 791 2530 millia
814 2485 1000 2530 minium
1014 2496 1262 2533 sanctorum
1286 2509 1295 2535 :
1320 2491 1378 2536 sic
1400 2492 1446 2536 in

112 2577 123 2594 ¹
145 2572 218 2604 lsai.
244 2582 288 2614 xi,
307 2581 341 2614 2,
363 2572 394 2604 3.
