1841 3223
397 237 476 277 134
807 251 839 276 s.
876 247 1106 276 AUGUSTINI
1139 250 1319 277 RPISCOPI

394 333 413 356 »
450 313 652 358 mandata
684 329 777 357 mea
806 313 993 357 custodit
1018 333 1026 358 :
1056 323 1098 358 et
1126 314 1201 374 qui
1230 313 1370 373 diligit
1396 329 1464 358 me
1482 350 1492 369 ,
1526 315 1730 374 diligetur
1752 331 1775 360 a

395 404 414 427 »
453 390 575 429 Patre
598 400 694 428 meo
711 420 721 437 ,
754 394 796 428 et
818 401 898 443 ego
923 384 1097 443 diligam
1128 402 1227 430 euni
1245 389 1272 429 ¹.
1302 404 1320 426 υ
1348 389 1403 430 Et
1424 395 1632 446 tanquam
1655 387 1774 432 diee-

392 467 510 501 retur
533 457 570 499 ei
595 475 602 500 ε
624 454 740 508 Quid
766 455 828 499 illi
857 456 1004 511 dabis,
1039 456 1222 516 diligens
1246 459 1372 501 eum?
1398 476 1417 498 α
1444 460 1500 501 Et
1520 457 1745 502 ostendam
1761 494 1773 513 ‚

386 546 406 569 >1
443 527 601 587 inquit,
623 541 692 570 mo
713 526 855 585 ipsum
876 526 953 570 illi.
976 545 995 567 η
1020 528 1062 571 Si
1080 542 1182 585 ergo
1205 527 1487 586 diligentibus
1509 544 1608 572 eum
1631 529 1776 574 hocin

385 598 565 658 praemio
587 597 798 658 promisit,
817 598 917 657 quia
936 598 1136 642 ostendet
1150 614 1193 642 se
1209 598 1350 657 ipsum
1367 598 1470 654 illis,
1492 597 1773 644 manifestum

387 680 450 715 est
485 670 587 730 quia
622 668 693 716 illa
730 670 836 714 visio
868 670 1058 714 veritatis
1089 669 1182 714 talis
1215 670 1341 714 nobis
1371 671 1657 729 promittitur,
1688 688 1775 732 qua

381 742 471 786 visa
494 743 583 802 jam
608 757 698 786 non
724 740 918 786 dicamus
941 756 950 783 ι
974 760 994 783 «
1020 739 1203 800 lmpleta
1225 750 1289 785 est
1316 742 1460 786 anima
1489 756 1583 786 mea
1605 740 1774 788 illusio-

387 831 408 854 »
445 813 587 856 nibus
611 830 631 853 >›

442 886 546 927 XII.
569 902 588 924 «
606 883 855 926 Infirmatus
868 896 965 925 sum
980 890 1023 925 et
1034 880 1289 925 humiliatus
1300 897 1395 925 sum
1413 897 1551 942 usque
1563 881 1732 927 nimis2.
1748 902 1769 925 »

384 954 468 1007 Qui
491 952 744 998 recordatui·
775 951 1050 996 altitudinem
1071 952 1267 1007 sabbati,
1300 953 1390 1012 ipse
1411 952 1529 997 videt
1557 963 1773 1013 quantum

385 1025 438 1069 sit
461 1023 730 1069 humiliatus.
757 1027 866 1069 Nam
889 1024 964 1084 qui
993 1039 1082 1068 non
1104 1033 1245 1083 potest
1272 1025 1461 1083 cogitare
1490 1040 1590 1085 quae
1613 1026 1667 1069 sit
1699 1024 1770 1070 illa

385 1094 543 1156 quietis
566 1094 777 1150 altitudo,
809 1110 898 1138 non
920 1093 1040 1139 videt
1067 1094 1145 1138 uhi
1163 1110 1282 1139 nune
1309 1095 1378 1138 sit.
1411 1098 1644 1154 Propterea
1666 1095 1774 1140 alius

385 1164 580 1210 Psalmus
601 1164 707 1209 dixit
727 1184 736 1209 ε
760 1184 780 1207 «
805 1164 899 1224 Ego
922 1163 1010 1209 dixi
1027 1165 1071 1208 in
1094 1165 1225 1209 extasi
1247 1180 1341 1209 mea
1361 1184 1370 1210 ι
1389 1166 1610 1226 Projeetus
1631 1181 1727 1210 sum
1749 1182 1773 1210 a

387 1255 407 1279 κ)
443 1236 552 1281 facie
574 1236 803 1281 oculorum
826 1246 1003 1281 tuorum
1018 1237 1049 1279 ³.
1070 1255 1089 1278 »
1111 1239 1344 1295 Assumpta
1366 1237 1482 1280 enim
1500 1247 1647 1281 mente
1666 1237 1774 1282 vidit

386 1309 532 1353 neseio
554 1308 878 1368 quidsublime,
896 1317 939 1352 et
960 1307 1079 1368 quod
1096 1307 1204 1352 vidit
1222 1307 1420 1352 nondum
1437 1307 1499 1351 ibi
1515 1318 1631 1352 totus
1653 1318 1769 1354 erat:

383 1389 426 1424 et
444 1378 650 1440 quadam,
668 1378 701 1423 si
717 1379 802 1423 diei
824 1388 981 1438 potest,
1000 1378 1123 1439 quasi
1146 1378 1444 1423 coruscatione
1469 1379 1582 1423 facta
1597 1378 1774 1424 luminis

384 1451 557 1505 aeterni,
582 1450 658 1494 ubi
682 1451 813 1494 sensit
837 1466 926 1494 non
943 1465 987 1494 se
1013 1450 1074 1493 ibi
1092 1465 1205 1504 esse,
1231 1449 1351 1510 quod
1369 1450 1511 1510 potuit
1533 1460 1774 1511 utcumque

383 1521 626 1580 intelligere
641 1556 651 1575 ,
681 1519 791 1565 vidit
813 1520 890 1564 ubi
913 1530 1049 1575 esset,
1075 1530 1117 1565 et
1139 1521 1511 1580 quemadmodum
1541 1521 1664 1566 malis
1687 1523 1797 1566 liu-⁹

385 1594 523 1637 manis
544 1593 789 1636 infirmatus
811 1602 853 1636 et
875 1601 1118 1636 coarctatus
1137 1602 1246 1636 esset
1267 1609 1275 1633 z
1298 1601 1341 1636 et
1358 1593 1417 1637 ait
1435 1612 1443 1637 :
1467 1612 1487 1634 «
1507 1596 1600 1651 Ego
1617 1592 1706 1637 dixi
1727 1592 1774 1637 in

384 1681 405 1705 »
442 1663 575 1707 extasi
597 1678 691 1706 mea
715 1682 723 1707 z
745 1663 966 1722 Projeetus
989 1678 1084 1706 sum
1103 1678 1126 1706 a
1149 1662 1259 1707 facie
1280 1662 1510 1707 oculorum
1531 1673 1724 1708 tuorum.
1749 1682 1769 1705 »

386 1734 489 1779 Tale
521 1744 585 1779 est
612 1735 757 1779 neseio
790 1734 897 1794 quid
921 1734 1041 1794 quod
1072 1733 1161 1778 vidi
1195 1735 1241 1778 in
1265 1735 1419 1790 extasi,
1455 1734 1558 1779 inde
1592 1736 1773 1780 sentiam

382 1821 515 1867 quam
537 1805 668 1864 longe
691 1821 786 1849 sum
803 1841 814 1860 ,
839 1806 916 1866 qui
938 1805 1137 1850 nondum
1166 1806 1227 1848 ibi
1245 1822 1357 1849 sum.
1388 1809 1484 1850 ,lam
1508 1806 1569 1850 ibi
1586 1815 1678 1850 erat
1698 1807 1773 1867 qui

384 1877 492 1920 dixit
519 1885 789 1935 assumptum
826 1891 869 1919 se
896 1876 942 1919 in
974 1876 1151 1919 tertium
1181 1875 1370 1931 eoelum,
1406 1885 1449 1920 et
1479 1876 1538 1920 ibi
1566 1875 1774 1921 audiebat

383 1945 624 1990 ineffabilia
646 1946 778 1990 verba
796 1981 806 2001 ,
832 1962 932 2005 quae
954 1961 1044 1990 non
1068 1945 1169 1990 licet
1191 1946 1356 1990 homini
1379 1946 1516 2007 loqui.
1547 1947 1631 1991 Sed
1650 1962 1773 1991 revo-

383 2027 504 2063 catus
524 2026 585 2061 est
609 2016 663 2061 ad
681 2033 775 2072 nos,
802 2027 852 2061 ut
874 2026 1064 2076 gemeret
1077 2019 1195 2077 prius
1213 2018 1502 2077 perficiendus
1526 2018 1571 2061 in
1593 2019 1773 2062 infirmi-

382 2098 496 2144 tate,
525 2098 567 2132 et
598 2089 656 2132 sie
686 2098 834 2148 postea
860 2088 1118 2133 indueretur
1147 2090 1335 2134 virtute:
1363 2090 1577 2134 animatus
1595 2099 1739 2133 tamen
1757 2126 1768 2145 ,

381 2161 485 2222 quia
506 2160 616 2204 vidit
638 2159 805 2220 aliquid
829 2175 972 2203 rerum
990 2159 1163 2203 illarum
1186 2176 1264 2219 pro
1295 2159 1617 2220 dispensatione
1638 2161 1771 2204 officii

380 2233 472 2286 sui,
496 2231 653 2290 adjecit
679 2230 854 2275 dicens:
885 2250 904 2272 «
931 2229 1089 2274 Audivi
1112 2231 1229 2274 inell
1222 2231 1351 2275 thilia
1372 2232 1502 2275 veiha
1522 2247 1659 2291 ,quae
1681 2247 1770 2275 non

383 2320 403 2343 »
439 2267 540 2346 licet
559 2302 726 2345 homini
744 2301 907 2362 lo‹1ui⁴.
937 2319 956 2342 »
984 2304 1078 2345 Jam
1095 2317 1197 2353 eioo
1220 2301 1327 2361 quid
1349 2317 1456 2361 opus
1478 2311 1565 2357 est,
1590 2312 1640 2346 ut
1657 2319 1680 2346 a
1701 2318 1771 2346 me

379 2381 455 2415 aut
472 2388 494 2415 a
515 2387 738 2432 quoquam
769 2372 971 2431 quaeiatis
994 2387 1093 2432 qum
1113 2388 1202 2416 non
1231 2372 1330 2416 lieet
1349 2372 1515 2416 homini
1547 2371 1698 2433 loqui.
1735 2373 1769 2416 si

378 2441 440 2485 illi
464 2457 552 2485 non
577 2442 698 2486 licuit
719 2442 867 2503 loqui,
888 2443 959 2487 eui
982 2442 1105 2487 licuit
1131 2444 1312 2487 audite?
1336 2443 1471 2502 Plan0
1476 2459 1597 2487 amus
1620 2453 1768 2488 tamen

428 2546 435 2560 ¹
457 2541 547 2570 Joan.
570 2551 646 2577 xiv,
667 2548 719 2571 21.
750 2557 792 2561 ——
818 2547 831 2561 '¹
859 2539 935 2572 Psal.
965 2551 1090 2580 xxxvii,
1117 2552 1148 2583 9.
1178 2558 1215 2563 -—
1246 2539 1258 2563 3
1287 2541 1332 2572 111.
1362 2551 1449 2573 xxx.
1472 2543 1524 2572 223.
1553 2539 1624 2570 -4
1645 2552 1664 2572 ’.ι
1690 2543 1764 2571 Cor.

384 2604 445 2634 ΧΠ,
470 2603 562 2625 ’2-11).
