1841 3223
212 252 455 284 ENARRAno
487 257 520 283 11
553 257 598 284 m
631 254 834 284 PsALMUM
865 254 1019 291 xxxvx,
1052 250 1179 280 SERM.
1215 252 1264 279 11.
1362 240 1437 278 101

63 329 165 366 suut
190 341 200 366 t
226 321 553 381 appellaverunt
584 320 639 365 ad
668 325 996 380 Imperatorem,
1027 327 1070 363 ct
1091 317 1153 362 ibi
1186 316 1287 361 victi
1324 327 1440 362 sunt.

66 391 206 436 Semel
233 392 370 437 victus
396 400 460 436 est
502 391 656 435 absens
679 391 1024 446 Maximianista,
1055 398 1099 434 et
1129 397 1244 434 tacet
1269 407 1278 434 z
1309 397 1352 433 et
1380 397 1446 432 ter

62 462 200 506 victus
223 477 409 521 praesens
423 461 644 505 Donatista
666 476 754 505 non
775 463 912 504 tacet?

120 534 286 576 XXIII.
319 531 402 576 Sed
428 531 483 575 de
511 546 695 576 numero
718 529 944 575 contendis
972 545 1072 574 cum
1101 529 1441 575 Maximianistis‘

63 603 120 646 Ut
141 601 253 657 dixi,
284 600 408 647 faveo
440 601 533 646 tibi.
571 601 767 645 Trecenti
806 600 956 645 decem
998 599 1144 659 plures
1179 610 1281 645 sunt
1314 617 1447 662 quam

62 681 237 716 centum
251 708 261 727 ,
282 671 353 716 vel
371 682 480 733 quot
506 672 688 716 fuerunt
711 671 788 733 qui
821 670 1140 715 damnaverunt
1161 687 1184 714 a
1206 680 1328 729 ¹parte
1349 675 1450 717 Ma-

61 742 236 787 ximiani
260 743 526 787 Primianum
555 761 564 787 z
597 742 729 786 millia
753 742 1052 802 episcoporum
1076 757 1153 801 pei·
1184 742 1334 785 orbem
1358 751 1448 786 ter-

62 828 205 856 rarum
225 813 302 874 qui
323 812 643 857 damnaverunt
660 829 682 857 a
705 822 828 873 parte
848 812 1068 857 Caeciliani
1095 815 1315 857 Donatum
1338 813 1448 857 nihil

60 883 265 943 ponderis
299 883 416 943 apud
453 893 497 927 te
527 884 689 928 habere
713 885 865 943 puta‘s‘?
897 882 980 928 Sed
1010 882 1207 928 dicturus
1239 899 1282 927 es
1304 884 1444 929 mihi:

60 953 285 1013 Numquid
307 954 552 998 Donatistas
573 953 710 997 millia
725 955 1026 1013 episcoporum
1053 953 1372 998 damnaverunt
1394 954 1450 998 de

61 1033 154 1069 toto
178 1025 284 1069 orbe
299 1025 730 1085 terrarum?0ptime
744 1061 755 1080 ,
780 1041 870 1069 non
888 1024 1167 1073 damnarunt.
1194 1028 1338 1079 Quare
1359 1041 1451 1070 non

61 1094 478 1149 damnaruntPQuia
494 1096 660 1156 judicio
676 1112 765 1141 non
787 1096 1096 1141 interfuerunt.
1121 1097 1163 1142 Si
1171 1096 1337 1156 judicio
1359 1112 1451 1142 non

59 1164 379 1222 interfuerunt,
408 1175 636 1226 propterea
667 1183 754 1211 non
777 1165 1119 1222 damnaverunt,
1151 1168 1253 1228 quia
1275 1182 1451 1212 causam

47 1235 179 1281 ‘illam
204 1237 378 1297 penitus
401 1238 661 1281 nescierunt.
683 1237 752 1281 Ab
773 1237 1082 1282 innocentibus
1103 1253 1238 1298 quare
1260 1247 1304 1282 te
1324 1254 1450 1298 sepa-

58 1308 191 1352 rasti?
207 1307 338 1352 Venit
360 1309 448 1353 huc
470 1307 524 1352 ad
547 1318 588 1352 te
603 1307 658 1352 de
675 1308 780 1352 orbe
798 1317 1010 1352 terrarum
1031 1309 1271 1369 baptizatus
1284 1345 1294 1365 ,
1316 1325 1449 1370 quem

57 1379 121 1423 vis
158 1378 449 1438 rebaptizare,
490 1388 533 1422 et
571 1387 614 1423 te
636 1380 726 1439 jam
758 1378 887 1423 letale
924 1379 1212 1424 ministerium
1241 1396 1450 1425 exercen-

57 1456 162 1503 tem,
183 1457 226 1492 et
239 1447 458 1492 volentem
479 1448 634 1493 iterare
656 1448 775 1509 quod
805 1448 935 1493 semel
968 1449 1097 1493 datur
1127 1459 1170 1494 et
1201 1466 1290 1495 non
1321 1451 1451 1495 amit-

59 1518 185 1573 titur,
210 1517 301 1562 adit
330 1530 429 1562 cum
444 1533 600 1577 magna
612 1534 720 1563 voce
737 1527 780 1562 et
798 1519 982 1577 gemitu,
1001 1528 1044 1563 et
1062 1519 1165 1564 dicit
1189 1521 1268 1564 tibi
1292 1540 1301 1565 :
1332 1521 1452 1574 Quid

59 1597 122 1632 est
154 1588 274 1648 quod
300 1589 363 1633 vis
397 1587 568 1634 facere?
594 1588 860 1648 rebaptizare
883 1590 980 1632 me?
1001 1590 1060 1633 ait
1081 1591 1225 1635 nescio
1242 1591 1337 1651 quis
1355 1594 1451 1636 Me-

57 1668 383 1719 sopotamenus,
409 1659 555 1703 nescio
582 1659 678 1719 quis
709 1661 862 1716 Syrus,
915 1659 1059 1704 nescio
1093 1659 1189 1720 quis
1219 1662 1447 1719 Ponticus,

55 1728 126 1774 vel
152 1728 323 1787 longius
344 1729 620 1774 constitutus.
647 1729 930 1789 Respondes:
957 1731 1065 1783 Quia
1088 1747 1176 1776 non
1190 1733 1322 1777 habes
1337 1733 1451 1793 bap-

59 1798 250 1843 tismum
267 1801 437 1853 Quale?
454 1803 567 1858 Lege
579 1799 792 1859 Epistolas
816 1799 1010 1859 Apostoli
1033 1800 1086 1844 ad
1108 1817 1178 1845 mc
1206 1800 1342 1846 datas.
1368 1805 1452 1847 Ve-

59 1868 124 1912 nit
157 1869 300 1914 nescio
342 1869 439 1930 quis
466 1869 522 1913 de
560 1869 747 1924 Galatia,
773 1869 828 1914 de
851 1873 1015 1926 Ponto,
1042 1871 1162 1915 venit
1187 1872 1332 1917 nescio
1353 1875 1451 1933 quis

59 1938 114 1983 de
145 1939 472 2000 philadelphia,
503 1941 556 1985 ad
595 1957 701 2001 quas
735 1930 948 2001 Ecclesias
985 1944 1174 1986 Joannes
1211 1943 1379 2003 scripsit
1401 1947 1448 2003 ¹3

57 2009 177 2053 venit
211 2026 235 2054 a
271 2009 479 2065 Colossis,
504 2011 626 2055 venit
648 1997 919 2071 aPhilippis,
944 2027 968 2055 a
992 2011 1328 2059 Thessalonica.
1353 2017 1450 2074 Ego

58 2094 147 2123 non
180 2070 321 2125 habeo
344 2080 610 2141 baptismum
639 2080 692 2125 ad
715 2096 846 2141 quem
880 2081 1048 2141 sciipsit
1074 2083 1335 2142 Apostolus,
1371 2101 1449 2145 per

57 2156 190 2209 'quem
213 2159 264 2195 tu
283 2151 451 2195 habes?
468 2149 614 2195 Audes
645 2150 788 2211 legeie
813 2151 1039 2210 epistolam
1070 2168 1237 2211 meam,
1262 2155 1338 2215 qui
1371 2154 1441 2200 dea

58 2220 224 2266 testaris
245 2236 397 2281 pacem
413 2222 584 2265 meam?

105 2323 113 2339 ¹
129 2318 230 2361 Apoc.
247 2330 272 2361 1,
288 2318 319 2361 4.
