<?xml version="1.0" encoding="UTF-8"?>
<!DOCTYPE html PUBLIC "-//W3C//DTD XHTML 1.0 Transitional//EN"
    "http://www.w3.org/TR/xhtml1/DTD/xhtml1-transitional.dtd">
<html xmlns="http://www.w3.org/1999/xhtml" xml:lang="en" lang="en">
 <head>
  <title>
</title>
<meta http-equiv="Content-Type" content="text/html;charset=utf-8" />
  <meta name='ocr-system' content='tesseract 3.04.00' />
  <meta name='ocr-capabilities' content='ocr_page ocr_carea ocr_par ocr_line ocrx_word'/>
</head>
<body>
  <div class='ocr_page' id='page_1' title='image "./operaomniaaccura08auguuoft_0083.png"; bbox 0 0 1841 3223; ppageno 0'>
   <div class='ocr_carea' id='block_1_1' title="bbox 223 249 1448 303">
    <p class='ocr_par' dir='ltr' id='par_1_1' title="bbox 223 249 1448 303">
     <span class='ocr_line' id='line_1_1' title="bbox 223 249 1448 303; baseline -0.006 -8"><span class='ocrx_word' id='word_1_1' title='bbox 223 266 465 295; x_wconf 70' lang='lat' dir='ltr'>ENAnnAno</span> <span class='ocrx_word' id='word_1_2' title='bbox 497 269 529 294; x_wconf 89' lang='lat'>11</span> <span class='ocrx_word' id='word_1_3' title='bbox 561 267 606 294; x_wconf 76' lang='grc' dir='ltr'>ΙΝ</span> <span class='ocrx_word' id='word_1_4' title='bbox 639 265 841 294; x_wconf 78' lang='lat' dir='ltr'>PsALMUM</span> <span class='ocrx_word' id='word_1_5' title='bbox 873 266 1037 303; x_wconf 73' lang='lat' dir='ltr'>xxxv1,</span> <span class='ocrx_word' id='word_1_6' title='bbox 1072 262 1199 292; x_wconf 71' lang='lat' dir='ltr'><strong>SERM.</strong></span> <span class='ocrx_word' id='word_1_7' title='bbox 1236 264 1283 290; x_wconf 88' lang='lat'>11.</span> <span class='ocrx_word' id='word_1_8' title='bbox 1393 249 1448 289; x_wconf 88' lang='lat'>73</span> 
     </span>
    </p>
   </div>
   <div class='ocr_carea' id='block_1_2' title="bbox 11 330 1452 2581">
    <p class='ocr_par' dir='ltr' id='par_1_2' title="bbox 63 330 1452 533">
     <span class='ocr_line' id='line_1_2' title="bbox 66 330 1449 392; baseline -0.004 -16"><span class='ocrx_word' id='word_1_9' title='bbox 66 347 144 392; x_wconf 89' lang='lat' dir='ltr'>per</span> <span class='ocrx_word' id='word_1_10' title='bbox 165 331 312 377; x_wconf 89' lang='lat' dir='ltr'>oeulos</span> <span class='ocrx_word' id='word_1_11' title='bbox 335 331 437 376; x_wconf 83' lang='lat' dir='ltr'>fidei</span> <span class='ocrx_word' id='word_1_12' title='bbox 464 331 661 391; x_wconf 82' lang='lat' dir='ltr'>prospice</span> <span class='ocrx_word' id='word_1_13' title='bbox 685 347 783 375; x_wconf 86' lang='lat' dir='ltr'>cum</span> <span class='ocrx_word' id='word_1_14' title='bbox 810 335 898 376; x_wconf 92' lang='lat' dir='ltr'>Deo</span> <span class='ocrx_word' id='word_1_15' title='bbox 917 331 1008 375; x_wconf 87' lang='lat' dir='ltr'>dies</span> <span class='ocrx_word' id='word_1_16' title='bbox 1039 330 1131 390; x_wconf 83' lang='lat' dir='ltr'>ejus</span> <span class='ocrx_word' id='word_1_17' title='bbox 1163 337 1207 372; x_wconf 89' lang='lat' dir='ltr'>et</span> <span class='ocrx_word' id='word_1_18' title='bbox 1226 342 1327 371; x_wconf 88' lang='lat' dir='ltr'>cum</span> <span class='ocrx_word' id='word_1_19' title='bbox 1348 342 1449 371; x_wconf 90' lang='lat' dir='ltr'>eum</span> 
     </span>
     <span class='ocr_line' id='line_1_3' title="bbox 64 400 1452 456; baseline -0.004 -11"><span class='ocrx_word' id='word_1_20' title='bbox 64 401 220 446; x_wconf 88' lang='lat' dir='ltr'>videris</span> <span class='ocrx_word' id='word_1_21' title='bbox 237 402 282 446; x_wconf 90' lang='lat' dir='ltr'>in</span> <span class='ocrx_word' id='word_1_22' title='bbox 302 410 344 445; x_wconf 90' lang='lat' dir='ltr'>te</span> <span class='ocrx_word' id='word_1_23' title='bbox 359 400 605 446; x_wconf 80' lang='lat' dir='ltr'>saevientem</span> <span class='ocrx_word' id='word_1_24' title='bbox 624 435 635 456; x_wconf 87' lang='lat'><strong>‚</strong></span> <span class='ocrx_word' id='word_1_25' title='bbox 660 400 729 444; x_wconf 90' lang='lat' dir='ltr'>die</span> <span class='ocrx_word' id='word_1_26' title='bbox 749 401 852 444; x_wconf 87' lang='lat' dir='ltr'>tibi:</span> <span class='ocrx_word' id='word_1_27' title='bbox 881 403 966 445; x_wconf 86' lang='lat' dir='ltr'>Iste</span> <span class='ocrx_word' id='word_1_28' title='bbox 996 409 1072 444; x_wconf 87' lang='lat' dir='ltr'>aut</span> <span class='ocrx_word' id='word_1_29' title='bbox 1093 406 1334 452; x_wconf 87' lang='lat' dir='ltr'>correctus,</span> <span class='ocrx_word' id='word_1_30' title='bbox 1358 411 1452 441; x_wconf 91' lang='lat' dir='ltr'>me-</span> 
     </span>
     <span class='ocr_line' id='line_1_4' title="bbox 63 473 1450 533; baseline 0 -16"><span class='ocrx_word' id='word_1_31' title='bbox 63 487 166 518; x_wconf 89' lang='lat' dir='ltr'>cum</span> <span class='ocrx_word' id='word_1_32' title='bbox 188 473 291 531; x_wconf 81' lang='lat' dir='ltr'>erit3</span> <span class='ocrx_word' id='word_1_33' title='bbox 316 482 392 518; x_wconf 85' lang='lat' dir='ltr'>aut</span> <span class='ocrx_word' id='word_1_34' title='bbox 412 488 705 533; x_wconf 87' lang='lat' dir='ltr'>perseverans,</span> <span class='ocrx_word' id='word_1_35' title='bbox 731 488 903 517; x_wconf 88' lang='lat' dir='ltr'>mecum</span> <span class='ocrx_word' id='word_1_36' title='bbox 922 489 1010 517; x_wconf 89' lang='lat' dir='ltr'>non</span> <span class='ocrx_word' id='word_1_37' title='bbox 1027 473 1122 518; x_wconf 87' lang='lat' dir='ltr'>erit.</span> <span class='ocrx_word' id='word_1_38' title='bbox 1448 483 1450 485; x_wconf 65' lang='grc'><strong>“</strong></span> 
     </span>
    </p>

    <p class='ocr_par' dir='ltr' id='par_1_3' title="bbox 11 540 1452 2581">
     <span class='ocr_line' id='line_1_5' title="bbox 124 540 1450 603; baseline -0.002 -16"><span class='ocrx_word' id='word_1_39' title='bbox 124 546 206 587; x_wconf 92' lang='lat' dir='ltr'>III.</span> <span class='ocrx_word' id='word_1_40' title='bbox 227 543 344 597; x_wconf 86' lang='lat' dir='ltr'>Quid</span> <span class='ocrx_word' id='word_1_41' title='bbox 362 543 508 588; x_wconf 76' lang='lat' dir='ltr'>enim?</span> <span class='ocrx_word' id='word_1_42' title='bbox 526 543 741 603; x_wconf 87' lang='lat' dir='ltr'>Injustitia</span> <span class='ocrx_word' id='word_1_43' title='bbox 762 543 910 603; x_wconf 87' lang='lat' dir='ltr'>injusti</span> <span class='ocrx_word' id='word_1_44' title='bbox 932 543 1011 587; x_wconf 87' lang='lat' dir='ltr'>tibi</span> <span class='ocrx_word' id='word_1_45' title='bbox 1035 552 1186 598; x_wconf 88' lang='lat' dir='ltr'>nocet,</span> <span class='ocrx_word' id='word_1_46' title='bbox 1211 551 1255 587; x_wconf 89' lang='lat' dir='ltr'>et</span> <span class='ocrx_word' id='word_1_47' title='bbox 1266 540 1330 586; x_wconf 87' lang='lat' dir='ltr'>illi</span> <span class='ocrx_word' id='word_1_48' title='bbox 1359 557 1450 586; x_wconf 92' lang='lat' dir='ltr'>non</span> 
     </span>
     <span class='ocr_line' id='line_1_6' title="bbox 62 613 1450 674; baseline -0.001 -15"><span class='ocrx_word' id='word_1_49' title='bbox 62 616 217 660; x_wconf 80' lang='lat' dir='ltr'>nocet?</span> <span class='ocrx_word' id='word_1_50' title='bbox 239 613 364 659; x_wconf 83' lang='lat' dir='ltr'><strong>Unde</strong></span> <span class='ocrx_word' id='word_1_51' title='bbox 386 614 479 658; x_wconf 86' lang='lat' dir='ltr'>fieri</span> <span class='ocrx_word' id='word_1_52' title='bbox 497 623 639 674; x_wconf 89' lang='lat' dir='ltr'>potest</span> <span class='ocrx_word' id='word_1_53' title='bbox 659 649 669 670; x_wconf 94' lang='lat'>,</span> <span class='ocrx_word' id='word_1_54' title='bbox 700 623 751 658; x_wconf 86' lang='lat' dir='ltr'>ut</span> <span class='ocrx_word' id='word_1_55' title='bbox 776 614 980 674; x_wconf 86' lang='lat' dir='ltr'>iniquitas</span> <span class='ocrx_word' id='word_1_56' title='bbox 1004 615 1094 674; x_wconf 83' lang='lat' dir='ltr'>ejus</span> <span class='ocrx_word' id='word_1_57' title='bbox 1114 649 1124 669; x_wconf 98' lang='lat'>,</span> <span class='ocrx_word' id='word_1_58' title='bbox 1149 630 1248 674; x_wconf 81' lang='lat' dir='ltr'>quae</span> <span class='ocrx_word' id='word_1_59' title='bbox 1271 629 1346 674; x_wconf 90' lang='lat' dir='ltr'>per</span> <span class='ocrx_word' id='word_1_60' title='bbox 1360 614 1450 673; x_wconf 88' lang='lat' dir='ltr'>ejus</span> 
     </span>
     <span class='ocr_line' id='line_1_7' title="bbox 62 683 1451 745; baseline 0 -17"><span class='ocrx_word' id='word_1_61' title='bbox 62 684 408 743; x_wconf 82' lang='lat' dir='ltr'>indignationem</span> <span class='ocrx_word' id='word_1_62' title='bbox 449 694 494 729; x_wconf 88' lang='lat' dir='ltr'>et</span> <span class='ocrx_word' id='word_1_63' title='bbox 514 684 664 729; x_wconf 91' lang='lat' dir='ltr'>odium</span> <span class='ocrx_word' id='word_1_64' title='bbox 690 684 887 745; x_wconf 85' lang='lat' dir='ltr'>procedit</span> <span class='ocrx_word' id='word_1_65' title='bbox 921 684 975 729; x_wconf 88' lang='lat' dir='ltr'>ad</span> <span class='ocrx_word' id='word_1_66' title='bbox 998 683 1250 728; x_wconf 84' lang='lat' dir='ltr'>laedendum</span> <span class='ocrx_word' id='word_1_67' title='bbox 1271 693 1313 728; x_wconf 87' lang='lat' dir='ltr'>te</span> <span class='ocrx_word' id='word_1_68' title='bbox 1335 721 1340 729; x_wconf 82' lang='lat'>.</span> <span class='ocrx_word' id='word_1_69' title='bbox 1361 699 1451 728; x_wconf 90' lang='lat' dir='ltr'>non</span> 
     </span>
     <span class='ocr_line' id='line_1_8' title="bbox 63 754 1450 816; baseline 0 -18"><span class='ocrx_word' id='word_1_70' title='bbox 63 755 182 815; x_wconf 90' lang='lat' dir='ltr'>prius</span> <span class='ocrx_word' id='word_1_71' title='bbox 216 756 357 816; x_wconf 89' lang='lat' dir='ltr'>ipsum</span> <span class='ocrx_word' id='word_1_72' title='bbox 390 765 530 800; x_wconf 86' lang='lat' dir='ltr'>vastet</span> <span class='ocrx_word' id='word_1_73' title='bbox 564 757 701 811; x_wconf 89' lang='lat' dir='ltr'>intus,</span> <span class='ocrx_word' id='word_1_74' title='bbox 740 771 871 816; x_wconf 82' lang='lat' dir='ltr'>quam</span> <span class='ocrx_word' id='word_1_75' title='bbox 906 764 950 799; x_wconf 87' lang='lat' dir='ltr'>te</span> <span class='ocrx_word' id='word_1_76' title='bbox 972 764 1110 799; x_wconf 87' lang='lat' dir='ltr'>tentet</span> <span class='ocrx_word' id='word_1_77' title='bbox 1146 754 1276 799; x_wconf 76' lang='lat' dir='ltr'>foris?</span> <span class='ocrx_word' id='word_1_78' title='bbox 1308 758 1450 798; x_wconf 89' lang='lat' dir='ltr'>Tuum</span> 
     </span>
     <span class='ocr_line' id='line_1_9' title="bbox 62 826 1451 887; baseline -0.001 -16"><span class='ocrx_word' id='word_1_79' title='bbox 62 842 219 887; x_wconf 89' lang='lat' dir='ltr'>corpus</span> <span class='ocrx_word' id='word_1_80' title='bbox 254 827 415 887; x_wconf 85' lang='lat' dir='ltr'><strong>premit</strong></span> <span class='ocrx_word' id='word_1_81' title='bbox 440 827 700 883; x_wconf 82' lang='lat' dir='ltr'>adversitas,</span> <span class='ocrx_word' id='word_1_82' title='bbox 736 827 850 872; x_wconf 85' lang='lat' dir='ltr'>illius</span> <span class='ocrx_word' id='word_1_83' title='bbox 880 827 1074 871; x_wconf 88' lang='lat' dir='ltr'>animum</span> <span class='ocrx_word' id='word_1_84' title='bbox 1102 826 1337 886; x_wconf 77' lang='lat' dir='ltr'>putrefacit</span> <span class='ocrx_word' id='word_1_85' title='bbox 1365 826 1451 870; x_wconf 90' lang='lat' dir='ltr'>ini-</span> 
     </span>
     <span class='ocr_line' id='line_1_10' title="bbox 61 897 1451 960; baseline 0 -18"><span class='ocrx_word' id='word_1_86' title='bbox 61 898 219 959; x_wconf 88' lang='lat' dir='ltr'>quitas.</span> <span class='ocrx_word' id='word_1_87' title='bbox 241 901 350 944; x_wconf 87' lang='lat' dir='ltr'>Nam</span> <span class='ocrx_word' id='word_1_88' title='bbox 373 908 416 943; x_wconf 87' lang='lat' dir='ltr'>et</span> <span class='ocrx_word' id='word_1_89' title='bbox 433 898 652 960; x_wconf 89' lang='lat' dir='ltr'>quidquid</span> <span class='ocrx_word' id='word_1_90' title='bbox 662 899 709 943; x_wconf 86' lang='lat' dir='ltr'>in</span> <span class='ocrx_word' id='word_1_91' title='bbox 731 908 774 943; x_wconf 89' lang='lat' dir='ltr'>te</span> <span class='ocrx_word' id='word_1_92' title='bbox 791 899 972 959; x_wconf 82' lang='lat' dir='ltr'>profert,</span> <span class='ocrx_word' id='word_1_93' title='bbox 987 899 1033 942; x_wconf 91' lang='lat' dir='ltr'>in</span> <span class='ocrx_word' id='word_1_94' title='bbox 1050 897 1175 943; x_wconf 93' lang='lat' dir='ltr'>illum</span> <span class='ocrx_word' id='word_1_95' title='bbox 1192 898 1319 942; x_wconf 90' lang='lat' dir='ltr'>redit.</span> <span class='ocrx_word' id='word_1_96' title='bbox 1346 899 1451 958; x_wconf 87' lang='lat' dir='ltr'>Ejus</span> 
     </span>
     <span class='ocr_line' id='line_1_11' title="bbox 62 968 1450 1028; baseline 0 -16"><span class='ocrx_word' id='word_1_97' title='bbox 62 968 178 1012; x_wconf 85' lang='lat' dir='ltr'>enim</span> <span class='ocrx_word' id='word_1_98' title='bbox 200 970 443 1028; x_wconf 92' lang='lat' dir='ltr'>persecutio</span> <span class='ocrx_word' id='word_1_99' title='bbox 465 978 508 1013; x_wconf 87' lang='lat' dir='ltr'>te</span> <span class='ocrx_word' id='word_1_100' title='bbox 528 968 632 1013; x_wconf 82' lang='lat' dir='ltr'>facit</span> <span class='ocrx_word' id='word_1_101' title='bbox 650 979 882 1028; x_wconf 86' lang='lat' dir='ltr'>purgatum</span> <span class='ocrx_word' id='word_1_102' title='bbox 898 1005 908 1024; x_wconf 90' lang='lat'>,</span> <span class='ocrx_word' id='word_1_103' title='bbox 926 968 1052 1013; x_wconf 90' lang='lat' dir='ltr'>illum</span> <span class='ocrx_word' id='word_1_104' title='bbox 1086 984 1225 1013; x_wconf 83' lang='lat' dir='ltr'>reum.</span> <span class='ocrx_word' id='word_1_105' title='bbox 1247 969 1329 1014; x_wconf 92' lang='lat' dir='ltr'>Cui</span> <span class='ocrx_word' id='word_1_106' title='bbox 1346 983 1450 1027; x_wconf 83' lang='lat' dir='ltr'>ergo</span> 
     </span>
     <span class='ocr_line' id='line_1_12' title="bbox 61 1037 1451 1100; baseline 0 -18"><span class='ocrx_word' id='word_1_107' title='bbox 61 1037 160 1098; x_wconf 86' lang='lat' dir='ltr'>plus</span> <span class='ocrx_word' id='word_1_108' title='bbox 181 1040 460 1083; x_wconf 79' lang='lat' dir='ltr'>noeetPEece</span> <span class='ocrx_word' id='word_1_109' title='bbox 480 1039 698 1083; x_wconf 83' lang='lat' dir='ltr'>saeviendo</span> <span class='ocrx_word' id='word_1_110' title='bbox 720 1039 949 1099; x_wconf 77' lang='lat' dir='ltr'>expoliavit</span> <span class='ocrx_word' id='word_1_111' title='bbox 966 1050 1009 1084; x_wconf 83' lang='lat' dir='ltr'>te</span> <span class='ocrx_word' id='word_1_112' title='bbox 1033 1056 1045 1084; x_wconf 91' lang='grc'>.·</span> <span class='ocrx_word' id='word_1_113' title='bbox 1065 1039 1162 1100; x_wconf 88' lang='lat' dir='ltr'>quis</span> <span class='ocrx_word' id='word_1_114' title='bbox 1178 1039 1339 1083; x_wconf 88' lang='lat' dir='ltr'>damno</span> <span class='ocrx_word' id='word_1_115' title='bbox 1353 1054 1451 1097; x_wconf 88' lang='lat' dir='ltr'>gra-</span> 
     </span>
     <span class='ocr_line' id='line_1_13' title="bbox 60 1109 1450 1170; baseline 0 -16"><span class='ocrx_word' id='word_1_116' title='bbox 60 1109 180 1154; x_wconf 85' lang='lat' dir='ltr'>viore</span> <span class='ocrx_word' id='word_1_117' title='bbox 202 1109 466 1169; x_wconf 84' lang='lat' dir='ltr'>percutitur,</span> <span class='ocrx_word' id='word_1_118' title='bbox 503 1110 581 1170; x_wconf 86' lang='lat' dir='ltr'>qui</span> <span class='ocrx_word' id='word_1_119' title='bbox 614 1110 774 1154; x_wconf 88' lang='lat' dir='ltr'>amittit</span> <span class='ocrx_word' id='word_1_120' title='bbox 804 1111 1035 1169; x_wconf 85' lang='lat' dir='ltr'>pecuniam</span> <span class='ocrx_word' id='word_1_121' title='bbox 1053 1146 1063 1165; x_wconf 91' lang='lat'>,</span> <span class='ocrx_word' id='word_1_122' title='bbox 1096 1126 1151 1154; x_wconf 88' lang='lat' dir='ltr'>an</span> <span class='ocrx_word' id='word_1_123' title='bbox 1180 1111 1256 1170; x_wconf 88' lang='lat' dir='ltr'>qui</span> <span class='ocrx_word' id='word_1_124' title='bbox 1291 1110 1450 1154; x_wconf 88' lang='lat' dir='ltr'>amittit</span> 
     </span>
     <span class='ocr_line' id='line_1_14' title="bbox 61 1179 1450 1241; baseline 0.001 -18"><span class='ocrx_word' id='word_1_125' title='bbox 61 1179 227 1223; x_wconf 78' lang='lat' dir='ltr'>fidem?</span> <span class='ocrx_word' id='word_1_126' title='bbox 249 1179 583 1225; x_wconf 85' lang='lat' dir='ltr'>Noruntdolere</span> <span class='ocrx_word' id='word_1_127' title='bbox 605 1179 765 1224; x_wconf 89' lang='lat' dir='ltr'>damna</span> <span class='ocrx_word' id='word_1_128' title='bbox 779 1181 857 1224; x_wconf 83' lang='lat' dir='ltr'>ista</span> <span class='ocrx_word' id='word_1_129' title='bbox 873 1216 883 1235; x_wconf 81' lang='lat'>,</span> <span class='ocrx_word' id='word_1_130' title='bbox 904 1180 979 1241; x_wconf 90' lang='lat' dir='ltr'>qui</span> <span class='ocrx_word' id='word_1_131' title='bbox 999 1180 1162 1224; x_wconf 84' lang='lat' dir='ltr'>habent</span> <span class='ocrx_word' id='word_1_132' title='bbox 1183 1180 1362 1224; x_wconf 89' lang='lat' dir='ltr'>oculum</span> <span class='ocrx_word' id='word_1_133' title='bbox 1381 1180 1450 1224; x_wconf 93' lang='lat' dir='ltr'>in-</span> 
     </span>
     <span class='ocr_line' id='line_1_15' title="bbox 60 1249 1445 1310; baseline 0.001 -17"><span class='ocrx_word' id='word_1_134' title='bbox 60 1249 278 1294; x_wconf 83' lang='lat' dir='ltr'>teriorem.</span> <span class='ocrx_word' id='word_1_135' title='bbox 310 1249 459 1294; x_wconf 88' lang='lat' dir='ltr'>Multis</span> <span class='ocrx_word' id='word_1_136' title='bbox 487 1250 604 1295; x_wconf 91' lang='lat' dir='ltr'>enim</span> <span class='ocrx_word' id='word_1_137' title='bbox 636 1250 777 1310; x_wconf 85' lang='lat' dir='ltr'>fulget</span> <span class='ocrx_word' id='word_1_138' title='bbox 811 1266 991 1305; x_wconf 81' lang='lat' dir='ltr'>aurum,</span> <span class='ocrx_word' id='word_1_139' title='bbox 1029 1250 1135 1296; x_wconf 83' lang='lat' dir='ltr'>fides</span> <span class='ocrx_word' id='word_1_140' title='bbox 1166 1266 1257 1295; x_wconf 89' lang='lat' dir='ltr'>non</span> <span class='ocrx_word' id='word_1_141' title='bbox 1290 1249 1445 1308; x_wconf 81' lang='lat' dir='ltr'>fulget.</span> 
     </span>
     <span class='ocr_line' id='line_1_16' title="bbox 58 1320 1450 1381; baseline 0 -16"><span class='ocrx_word' id='word_1_142' title='bbox 58 1320 236 1365; x_wconf 81' lang='lat' dir='ltr'>Habent</span> <span class='ocrx_word' id='word_1_143' title='bbox 256 1320 419 1381; x_wconf 87' lang='lat' dir='ltr'>quippe</span> <span class='ocrx_word' id='word_1_144' title='bbox 437 1320 585 1365; x_wconf 88' lang='lat' dir='ltr'>oeulos</span> <span class='ocrx_word' id='word_1_145' title='bbox 610 1320 728 1365; x_wconf 92' lang='lat' dir='ltr'>unde</span> <span class='ocrx_word' id='word_1_146' title='bbox 751 1337 906 1365; x_wconf 89' lang='lat' dir='ltr'>aurum</span> <span class='ocrx_word' id='word_1_147' title='bbox 938 1321 1117 1366; x_wconf 87' lang='lat' dir='ltr'>videant</span> <span class='ocrx_word' id='word_1_148' title='bbox 1143 1341 1152 1366; x_wconf 89' lang='lat'>:</span> <span class='ocrx_word' id='word_1_149' title='bbox 1173 1320 1292 1365; x_wconf 89' lang='lat' dir='ltr'>unde</span> <span class='ocrx_word' id='word_1_150' title='bbox 1317 1321 1450 1365; x_wconf 88' lang='lat' dir='ltr'>fidem</span> 
     </span>
     <span class='ocr_line' id='line_1_17' title="bbox 56 1390 1450 1453; baseline 0 -17"><span class='ocrx_word' id='word_1_151' title='bbox 56 1390 255 1446; x_wconf 87' lang='lat' dir='ltr'>videant,</span> <span class='ocrx_word' id='word_1_152' title='bbox 273 1408 361 1436; x_wconf 91' lang='lat' dir='ltr'>non</span> <span class='ocrx_word' id='word_1_153' title='bbox 377 1392 556 1436; x_wconf 80' lang='lat' dir='ltr'>liabent.</span> <span class='ocrx_word' id='word_1_154' title='bbox 581 1396 690 1438; x_wconf 86' lang='lat' dir='ltr'>Nam</span> <span class='ocrx_word' id='word_1_155' title='bbox 703 1393 738 1437; x_wconf 91' lang='lat' dir='ltr'>si</span> <span class='ocrx_word' id='word_1_156' title='bbox 754 1393 967 1438; x_wconf 86' lang='lat' dir='ltr'>haberent</span> <span class='ocrx_word' id='word_1_157' title='bbox 987 1402 1030 1437; x_wconf 88' lang='lat' dir='ltr'>et</span> <span class='ocrx_word' id='word_1_158' title='bbox 1045 1392 1246 1437; x_wconf 84' lang='lat' dir='ltr'>viderent</span> <span class='ocrx_word' id='word_1_159' title='bbox 1263 1428 1273 1447; x_wconf 93' lang='lat'>,</span> <span class='ocrx_word' id='word_1_160' title='bbox 1295 1393 1450 1453; x_wconf 88' lang='lat' dir='ltr'>utique</span> 
     </span>
     <span class='ocr_line' id='line_1_18' title="bbox 56 1463 1452 1525; baseline 0.001 -19"><span class='ocrx_word' id='word_1_161' title='bbox 56 1463 154 1523; x_wconf 91' lang='lat' dir='ltr'>plus</span> <span class='ocrx_word' id='word_1_162' title='bbox 178 1473 373 1508; x_wconf 88' lang='lat' dir='ltr'>amarent</span> <span class='ocrx_word' id='word_1_163' title='bbox 396 1483 404 1509; x_wconf 71' lang='grc' dir='ltr'><strong><em>ε</em></strong></span> <span class='ocrx_word' id='word_1_164' title='bbox 437 1473 481 1508; x_wconf 90' lang='lat' dir='ltr'>et</span> <span class='ocrx_word' id='word_1_165' title='bbox 504 1473 650 1508; x_wconf 90' lang='lat' dir='ltr'>tamen</span> <span class='ocrx_word' id='word_1_166' title='bbox 677 1464 856 1525; x_wconf 88' lang='lat' dir='ltr'>quando</span> <span class='ocrx_word' id='word_1_167' title='bbox 880 1464 939 1509; x_wconf 92' lang='lat' dir='ltr'>eis</span> <span class='ocrx_word' id='word_1_168' title='bbox 962 1465 1177 1523; x_wconf 81' lang='lat' dir='ltr'>frangitur</span> <span class='ocrx_word' id='word_1_169' title='bbox 1209 1464 1338 1518; x_wconf 86' lang='lat' dir='ltr'>fides,</span> <span class='ocrx_word' id='word_1_170' title='bbox 1365 1463 1452 1508; x_wconf 87' lang='lat' dir='ltr'>cla-</span> 
     </span>
     <span class='ocr_line' id='line_1_19' title="bbox 55 1533 1450 1590; baseline 0.001 -13"><span class='ocrx_word' id='word_1_171' title='bbox 55 1542 205 1589; x_wconf 83' lang='lat' dir='ltr'>mant,</span> <span class='ocrx_word' id='word_1_172' title='bbox 225 1533 436 1579; x_wconf 89' lang='lat' dir='ltr'>invidiam</span> <span class='ocrx_word' id='word_1_173' title='bbox 457 1534 641 1590; x_wconf 83' lang='lat' dir='ltr'>faciunt,</span> <span class='ocrx_word' id='word_1_174' title='bbox 662 1544 706 1579; x_wconf 86' lang='lat' dir='ltr'>et</span> <span class='ocrx_word' id='word_1_175' title='bbox 727 1534 882 1579; x_wconf 87' lang='lat' dir='ltr'>dicunt</span> <span class='ocrx_word' id='word_1_176' title='bbox 900 1554 909 1580; x_wconf 88' lang='lat'>:</span> <span class='ocrx_word' id='word_1_177' title='bbox 927 1536 964 1579; x_wconf 93' lang='grc' dir='ltr'>Ο</span> <span class='ocrx_word' id='word_1_178' title='bbox 982 1534 1111 1579; x_wconf 76' lang='lat' dir='ltr'>fides!</span> <span class='ocrx_word' id='word_1_179' title='bbox 1132 1534 1209 1578; x_wconf 90' lang='lat' dir='ltr'>ubi</span> <span class='ocrx_word' id='word_1_180' title='bbox 1232 1543 1296 1578; x_wconf 88' lang='lat' dir='ltr'>est</span> <span class='ocrx_word' id='word_1_181' title='bbox 1317 1533 1450 1578; x_wconf 77' lang='lat' dir='ltr'>fides?</span> 
     </span>
     <span class='ocr_line' id='line_1_20' title="bbox 54 1605 1450 1667; baseline -0.001 -16"><span class='ocrx_word' id='word_1_182' title='bbox 54 1607 186 1651; x_wconf 84' lang='lat' dir='ltr'>Amas</span> <span class='ocrx_word' id='word_1_183' title='bbox 206 1621 300 1650; x_wconf 87' lang='lat' dir='ltr'>eam</span> <span class='ocrx_word' id='word_1_184' title='bbox 317 1616 368 1651; x_wconf 89' lang='lat' dir='ltr'>ut</span> <span class='ocrx_word' id='word_1_185' title='bbox 389 1607 556 1665; x_wconf 84' lang='lat' dir='ltr'>exigas,</span> <span class='ocrx_word' id='word_1_186' title='bbox 583 1622 679 1651; x_wconf 91' lang='lat' dir='ltr'>ama</span> <span class='ocrx_word' id='word_1_187' title='bbox 702 1616 752 1651; x_wconf 91' lang='lat' dir='ltr'>ut</span> <span class='ocrx_word' id='word_1_188' title='bbox 772 1607 990 1651; x_wconf 84' lang='lat' dir='ltr'>exhibeas.</span> <span class='ocrx_word' id='word_1_189' title='bbox 1025 1609 1142 1666; x_wconf 88' lang='lat' dir='ltr'>Ergo</span> <span class='ocrx_word' id='word_1_190' title='bbox 1171 1605 1273 1667; x_wconf 86' lang='lat' dir='ltr'>quia</span> <span class='ocrx_word' id='word_1_191' title='bbox 1299 1620 1450 1650; x_wconf 91' lang='lat' dir='ltr'>omnes</span> 
     </span>
     <span class='ocr_line' id='line_1_21' title="bbox 55 1675 1451 1737; baseline 0.001 -18"><span class='ocrx_word' id='word_1_192' title='bbox 55 1677 130 1736; x_wconf 89' lang='lat' dir='ltr'>qui</span> <span class='ocrx_word' id='word_1_193' title='bbox 161 1686 484 1737; x_wconf 87' lang='lat' dir='ltr'>persequuntur</span> <span class='ocrx_word' id='word_1_194' title='bbox 507 1678 669 1737; x_wconf 86' lang='lat' dir='ltr'>justos,</span> <span class='ocrx_word' id='word_1_195' title='bbox 707 1678 902 1736; x_wconf 88' lang='lat' dir='ltr'>graviore</span> <span class='ocrx_word' id='word_1_196' title='bbox 940 1676 1102 1721; x_wconf 86' lang='lat' dir='ltr'>damno</span> <span class='ocrx_word' id='word_1_197' title='bbox 1134 1675 1381 1730; x_wconf 87' lang='lat' dir='ltr'>feriuntur,</span> <span class='ocrx_word' id='word_1_198' title='bbox 1407 1685 1451 1720; x_wconf 91' lang='lat' dir='ltr'>et</span> 
     </span>
     <span class='ocr_line' id='line_1_22' title="bbox 56 1744 1450 1806; baseline 0 -17"><span class='ocrx_word' id='word_1_199' title='bbox 56 1746 253 1805; x_wconf 87' lang='lat' dir='ltr'>graviore</span> <span class='ocrx_word' id='word_1_200' title='bbox 281 1746 472 1806; x_wconf 89' lang='lat' dir='ltr'>pernicie</span> <span class='ocrx_word' id='word_1_201' title='bbox 505 1747 797 1800; x_wconf 83' lang='lat' dir='ltr'>afflictantur,</span> <span class='ocrx_word' id='word_1_202' title='bbox 828 1760 930 1789; x_wconf 90' lang='lat' dir='ltr'>eum</span> <span class='ocrx_word' id='word_1_203' title='bbox 963 1744 1010 1788; x_wconf 92' lang='lat' dir='ltr'>in</span> <span class='ocrx_word' id='word_1_204' title='bbox 1041 1744 1100 1788; x_wconf 92' lang='lat' dir='ltr'>eis</span> <span class='ocrx_word' id='word_1_205' title='bbox 1133 1754 1328 1789; x_wconf 87' lang='lat' dir='ltr'>vastatur</span> <span class='ocrx_word' id='word_1_206' title='bbox 1358 1745 1450 1804; x_wconf 92' lang='lat' dir='ltr'>ipse</span> 
     </span>
     <span class='ocr_line' id='line_1_23' title="bbox 56 1813 1450 1876; baseline -0.001 -16"><span class='ocrx_word' id='word_1_207' title='bbox 56 1815 251 1872; x_wconf 72' lang='lat' dir='ltr'>animus,</span> <span class='ocrx_word' id='word_1_208' title='bbox 276 1816 492 1876; x_wconf 89' lang='lat' dir='ltr'>sequitur,</span> <span class='ocrx_word' id='word_1_209' title='bbox 522 1824 565 1859; x_wconf 88' lang='lat' dir='ltr'>et</span> <span class='ocrx_word' id='word_1_210' title='bbox 598 1815 789 1860; x_wconf 86' lang='lat' dir='ltr'>ostendit</span> <span class='ocrx_word' id='word_1_211' title='bbox 819 1816 902 1859; x_wconf 90' lang='lat' dir='ltr'>hoc</span> <span class='ocrx_word' id='word_1_212' title='bbox 932 1814 1127 1859; x_wconf 86' lang='lat' dir='ltr'>Psalmus</span> <span class='ocrx_word' id='word_1_213' title='bbox 1155 1833 1163 1859; x_wconf 94' lang='lat'><strong>:</strong></span> <span class='ocrx_word' id='word_1_214' title='bbox 1194 1833 1214 1857; x_wconf 75' lang='grc' dir='ltr'>α</span> <span class='ocrx_word' id='word_1_215' title='bbox 1245 1813 1450 1859; x_wconf 78' lang='lat' dir='ltr'>Gladium</span> 
     </span>
     <span class='ocr_line' id='line_1_24' title="bbox 11 1885 1451 1946; baseline 0.001 -18"><span class='ocrx_word' id='word_1_216' title='bbox 11 1901 14 1904; x_wconf 54' lang='lat'><strong>⁴</strong></span> <span class='ocrx_word' id='word_1_217' title='bbox 58 1904 79 1928; x_wconf 84' lang='lat'>»</span> <span class='ocrx_word' id='word_1_218' title='bbox 109 1885 354 1930; x_wconf 87' lang='lat' dir='ltr'>eduxerunt</span> <span class='ocrx_word' id='word_1_219' title='bbox 387 1894 634 1946; x_wconf 82' lang='lat' dir='ltr'>peccatores</span> <span class='ocrx_word' id='word_1_220' title='bbox 653 1921 663 1941; x_wconf 91' lang='lat'>,</span> <span class='ocrx_word' id='word_1_221' title='bbox 698 1885 987 1930; x_wconf 88' lang='lat' dir='ltr'>intenderunt</span> <span class='ocrx_word' id='word_1_222' title='bbox 1018 1900 1168 1930; x_wconf 87' lang='lat' dir='ltr'>areum</span> <span class='ocrx_word' id='word_1_223' title='bbox 1196 1900 1324 1929; x_wconf 90' lang='lat' dir='ltr'>suum</span> <span class='ocrx_word' id='word_1_224' title='bbox 1359 1900 1369 1926; x_wconf 78' lang='lat' dir='ltr'>t</span> <span class='ocrx_word' id='word_1_225' title='bbox 1400 1894 1451 1929; x_wconf 91' lang='lat' dir='ltr'>ut</span> 
     </span>
     <span class='ocr_line' id='line_1_25' title="bbox 57 1955 1447 2017; baseline 0.003 -20"><span class='ocrx_word' id='word_1_226' title='bbox 57 1973 79 1997; x_wconf 94' lang='lat'>»</span> <span class='ocrx_word' id='word_1_227' title='bbox 105 1955 308 2017; x_wconf 87' lang='lat' dir='ltr'>dejiciant</span> <span class='ocrx_word' id='word_1_228' title='bbox 323 1956 498 2016; x_wconf 87' lang='lat' dir='ltr'>inopem</span> <span class='ocrx_word' id='word_1_229' title='bbox 508 1965 552 2000; x_wconf 87' lang='lat' dir='ltr'>et</span> <span class='ocrx_word' id='word_1_230' title='bbox 564 1971 816 2016; x_wconf 86' lang='lat' dir='ltr'>pauperem,</span> <span class='ocrx_word' id='word_1_231' title='bbox 834 1965 884 2000; x_wconf 91' lang='lat' dir='ltr'>ut</span> <span class='ocrx_word' id='word_1_232' title='bbox 903 1956 1126 2000; x_wconf 86' lang='lat' dir='ltr'>trucident</span> <span class='ocrx_word' id='word_1_233' title='bbox 1142 1966 1281 2000; x_wconf 90' lang='lat' dir='ltr'>rectos</span> <span class='ocrx_word' id='word_1_234' title='bbox 1299 1955 1447 2001; x_wconf 88' lang='lat' dir='ltr'>corde.</span> 
     </span>
     <span class='ocr_line' id='line_1_26' title="bbox 57 2027 1451 2087; baseline 0.001 -18"><span class='ocrx_word' id='word_1_235' title='bbox 57 2045 78 2069; x_wconf 86' lang='lat'>»</span> <span class='ocrx_word' id='word_1_236' title='bbox 100 2030 282 2073; x_wconf 86' lang='lat' dir='ltr'>Framea</span> <span class='ocrx_word' id='word_1_237' title='bbox 313 2043 466 2073; x_wconf 87' lang='lat' dir='ltr'>eorum</span> <span class='ocrx_word' id='word_1_238' title='bbox 493 2030 626 2072; x_wconf 85' lang='lat' dir='ltr'>intret</span> <span class='ocrx_word' id='word_1_239' title='bbox 646 2028 692 2072; x_wconf 91' lang='lat' dir='ltr'>in</span> <span class='ocrx_word' id='word_1_240' title='bbox 716 2043 790 2072; x_wconf 87' lang='lat' dir='ltr'>cor</span> <span class='ocrx_word' id='word_1_241' title='bbox 823 2029 1016 2087; x_wconf 87' lang='lat' dir='ltr'>ipsorum</span> <span class='ocrx_word' id='word_1_242' title='bbox 1032 2030 1063 2072; x_wconf 84' lang='lat'>1.</span> <span class='ocrx_word' id='word_1_243' title='bbox 1094 2046 1114 2069; x_wconf 79' lang='lat'>&gt;›</span> <span class='ocrx_word' id='word_1_244' title='bbox 1141 2027 1287 2072; x_wconf 86' lang='lat' dir='ltr'>Facile</span> <span class='ocrx_word' id='word_1_245' title='bbox 1311 2035 1374 2071; x_wconf 88' lang='lat' dir='ltr'>est</span> <span class='ocrx_word' id='word_1_246' title='bbox 1400 2036 1451 2071; x_wconf 91' lang='lat' dir='ltr'>ut</span> 
     </span>
     <span class='ocr_line' id='line_1_27' title="bbox 54 2096 1446 2158; baseline 0 -17"><span class='ocrx_word' id='word_1_247' title='bbox 54 2097 219 2142; x_wconf 86' lang='lat' dir='ltr'>framea</span> <span class='ocrx_word' id='word_1_248' title='bbox 236 2099 343 2157; x_wconf 88' lang='lat' dir='ltr'>ejus,</span> <span class='ocrx_word' id='word_1_249' title='bbox 364 2096 411 2141; x_wconf 89' lang='lat' dir='ltr'>id</span> <span class='ocrx_word' id='word_1_250' title='bbox 426 2107 505 2152; x_wconf 90' lang='lat' dir='ltr'>est,</span> <span class='ocrx_word' id='word_1_251' title='bbox 524 2097 691 2155; x_wconf 88' lang='lat' dir='ltr'>gladius</span> <span class='ocrx_word' id='word_1_252' title='bbox 710 2100 802 2158; x_wconf 88' lang='lat' dir='ltr'>ejus</span> <span class='ocrx_word' id='word_1_253' title='bbox 815 2098 1039 2157; x_wconf 89' lang='lat' dir='ltr'>perveniat</span> <span class='ocrx_word' id='word_1_254' title='bbox 1057 2097 1110 2142; x_wconf 79' lang='lat' dir='ltr'>ad</span> <span class='ocrx_word' id='word_1_255' title='bbox 1129 2114 1286 2157; x_wconf 88' lang='lat' dir='ltr'>corpus</span> <span class='ocrx_word' id='word_1_256' title='bbox 1302 2107 1446 2153; x_wconf 89' lang='lat' dir='ltr'>tuum,</span> 
     </span>
     <span class='ocr_line' id='line_1_28' title="bbox 53 2166 1450 2227; baseline 0 -16"><span class='ocrx_word' id='word_1_257' title='bbox 53 2167 164 2212; x_wconf 89' lang='lat' dir='ltr'>sicut</span> <span class='ocrx_word' id='word_1_258' title='bbox 195 2167 395 2227; x_wconf 89' lang='lat' dir='ltr'>pervenit</span> <span class='ocrx_word' id='word_1_259' title='bbox 426 2166 593 2225; x_wconf 80' lang='lat' dir='ltr'>gladius</span> <span class='ocrx_word' id='word_1_260' title='bbox 618 2177 944 2227; x_wconf 86' lang='lat' dir='ltr'>persecutorum</span> <span class='ocrx_word' id='word_1_261' title='bbox 975 2167 1031 2211; x_wconf 90' lang='lat' dir='ltr'>ad</span> <span class='ocrx_word' id='word_1_262' title='bbox 1068 2184 1248 2227; x_wconf 83' lang='lat' dir='ltr'>corpora</span> <span class='ocrx_word' id='word_1_263' title='bbox 1279 2171 1450 2225; x_wconf 86' lang='lat' dir='ltr'>Marty-</span> 
     </span>
     <span class='ocr_line' id='line_1_29' title="bbox 54 2236 1449 2298; baseline 0.001 -17"><span class='ocrx_word' id='word_1_264' title='bbox 54 2252 176 2294; x_wconf 72' lang='lat' dir='ltr'>rum,</span> <span class='ocrx_word' id='word_1_265' title='bbox 192 2236 267 2281; x_wconf 91' lang='lat' dir='ltr'>sed</span> <span class='ocrx_word' id='word_1_266' title='bbox 283 2252 486 2297; x_wconf 88' lang='lat' dir='ltr'>percusso</span> <span class='ocrx_word' id='word_1_267' title='bbox 504 2253 706 2298; x_wconf 90' lang='lat' dir='ltr'>corpore,</span> <span class='ocrx_word' id='word_1_268' title='bbox 727 2254 801 2282; x_wconf 93' lang='lat' dir='ltr'>cor</span> <span class='ocrx_word' id='word_1_269' title='bbox 819 2239 975 2283; x_wconf 85' lang='lat' dir='ltr'>mansit</span> <span class='ocrx_word' id='word_1_270' title='bbox 991 2236 1176 2282; x_wconf 84' lang='lat' dir='ltr'>illaesum</span> <span class='ocrx_word' id='word_1_271' title='bbox 1204 2258 1213 2283; x_wconf 75' lang='grc' dir='ltr'>ι</span> <span class='ocrx_word' id='word_1_272' title='bbox 1239 2237 1353 2282; x_wconf 87' lang='lat' dir='ltr'>illius</span> <span class='ocrx_word' id='word_1_273' title='bbox 1368 2254 1449 2282; x_wconf 88' lang='lat' dir='ltr'>au-</span> 
     </span>
     <span class='ocr_line' id='line_1_30' title="bbox 55 2307 1449 2369; baseline 0 -16"><span class='ocrx_word' id='word_1_274' title='bbox 55 2317 145 2353; x_wconf 86' lang='lat' dir='ltr'>tem</span> <span class='ocrx_word' id='word_1_275' title='bbox 164 2323 240 2353; x_wconf 90' lang='lat' dir='ltr'>cor</span> <span class='ocrx_word' id='word_1_276' title='bbox 261 2308 337 2368; x_wconf 87' lang='lat' dir='ltr'>qui</span> <span class='ocrx_word' id='word_1_277' title='bbox 367 2307 561 2367; x_wconf 87' lang='lat' dir='ltr'>gladium</span> <span class='ocrx_word' id='word_1_278' title='bbox 589 2308 739 2353; x_wconf 81' lang='lat' dir='ltr'>eduxit</span> <span class='ocrx_word' id='word_1_279' title='bbox 765 2308 810 2352; x_wconf 91' lang='lat' dir='ltr'>in</span> <span class='ocrx_word' id='word_1_280' title='bbox 837 2324 993 2368; x_wconf 89' lang='lat' dir='ltr'>corpus</span> <span class='ocrx_word' id='word_1_281' title='bbox 1027 2309 1158 2369; x_wconf 84' lang='lat' dir='ltr'>justi,</span> <span class='ocrx_word' id='word_1_282' title='bbox 1205 2324 1294 2353; x_wconf 89' lang='lat' dir='ltr'>non</span> <span class='ocrx_word' id='word_1_283' title='bbox 1321 2309 1449 2368; x_wconf 86' lang='lat' dir='ltr'>plane</span> 
     </span>
     <span class='ocr_line' id='line_1_31' title="bbox 54 2378 1448 2424; baseline 0.001 -2"><span class='ocrx_word' id='word_1_284' title='bbox 54 2380 215 2423; x_wconf 86' lang='lat' dir='ltr'>mansit</span> <span class='ocrx_word' id='word_1_285' title='bbox 255 2378 456 2424; x_wconf 84' lang='lat' dir='ltr'>illaesum.</span> <span class='ocrx_word' id='word_1_286' title='bbox 482 2382 576 2424; x_wconf 89' lang='lat' dir='ltr'>Hoc</span> <span class='ocrx_word' id='word_1_287' title='bbox 601 2379 797 2424; x_wconf 85' lang='lat' dir='ltr'>Psalmus</span> <span class='ocrx_word' id='word_1_288' title='bbox 827 2380 906 2424; x_wconf 89' lang='lat' dir='ltr'>iste</span> <span class='ocrx_word' id='word_1_289' title='bbox 939 2388 1136 2424; x_wconf 86' lang='lat' dir='ltr'>testatur.</span> <span class='ocrx_word' id='word_1_290' title='bbox 1169 2382 1349 2424; x_wconf 86' lang='lat' dir='ltr'>Framea</span> <span class='ocrx_word' id='word_1_291' title='bbox 1371 2395 1448 2424; x_wconf 91' lang='lat' dir='ltr'>eo-</span> 
     </span>
     <span class='ocr_line' id='line_1_32' title="bbox 55 2449 1448 2511; baseline 0.001 -17"><span class='ocrx_word' id='word_1_292' title='bbox 55 2466 154 2494; x_wconf 89' lang='lat' dir='ltr'>rum</span> <span class='ocrx_word' id='word_1_293' title='bbox 173 2466 261 2494; x_wconf 90' lang='lat' dir='ltr'>non</span> <span class='ocrx_word' id='word_1_294' title='bbox 283 2451 440 2505; x_wconf 87' lang='lat' dir='ltr'>intret,</span> <span class='ocrx_word' id='word_1_295' title='bbox 465 2449 589 2506; x_wconf 82' lang='lat' dir='ltr'>dixit,</span> <span class='ocrx_word' id='word_1_296' title='bbox 620 2451 666 2495; x_wconf 89' lang='lat' dir='ltr'>in</span> <span class='ocrx_word' id='word_1_297' title='bbox 703 2467 860 2511; x_wconf 91' lang='lat' dir='ltr'>eorpus</span> <span class='ocrx_word' id='word_1_298' title='bbox 883 2467 1056 2509; x_wconf 68' lang='lat' dir='ltr'>eorum,</span> <span class='ocrx_word' id='word_1_299' title='bbox 1091 2449 1187 2506; x_wconf 92' lang='lat' dir='ltr'>sed,</span> <span class='ocrx_word' id='word_1_300' title='bbox 1218 2470 1236 2492; x_wconf 93' lang='lat'>«</span> <span class='ocrx_word' id='word_1_301' title='bbox 1265 2454 1448 2496; x_wconf 85' lang='lat' dir='ltr'>Framea</span> 
     </span>
     <span class='ocr_line' id='line_1_33' title="bbox 59 2520 1448 2581; baseline 0.001 -18"><span class='ocrx_word' id='word_1_302' title='bbox 59 2538 80 2563; x_wconf 86' lang='lat'>»</span> <span class='ocrx_word' id='word_1_303' title='bbox 105 2535 257 2564; x_wconf 89' lang='lat' dir='ltr'>eorum</span> <span class='ocrx_word' id='word_1_304' title='bbox 295 2520 428 2565; x_wconf 88' lang='lat' dir='ltr'>intret</span> <span class='ocrx_word' id='word_1_305' title='bbox 461 2520 508 2565; x_wconf 89' lang='lat' dir='ltr'>in</span> <span class='ocrx_word' id='word_1_306' title='bbox 550 2536 624 2566; x_wconf 93' lang='lat' dir='ltr'>cor</span> <span class='ocrx_word' id='word_1_307' title='bbox 664 2522 872 2581; x_wconf 88' lang='lat' dir='ltr'>ipsorum.</span> <span class='ocrx_word' id='word_1_308' title='bbox 914 2540 934 2562; x_wconf 87' lang='lat'>»</span> <span class='ocrx_word' id='word_1_309' title='bbox 961 2524 1011 2566; x_wconf 90' lang='lat' dir='ltr'>In</span> <span class='ocrx_word' id='word_1_310' title='bbox 1034 2536 1215 2581; x_wconf 89' lang='lat' dir='ltr'>corpore</span> <span class='ocrx_word' id='word_1_311' title='bbox 1249 2521 1448 2566; x_wconf 82' lang='lat' dir='ltr'>occidere</span> 
     </span>
    </p>
   </div>
   <div class='ocr_carea' id='block_1_3' title="bbox 106 2604 490 2648">
    <p class='ocr_par' dir='ltr' id='par_1_4' title="bbox 106 2604 490 2648">
     <span class='ocr_line' id='line_1_34' title="bbox 106 2604 490 2648; baseline 0.005 -12"><span class='ocrx_word' id='word_1_312' title='bbox 106 2609 113 2626; x_wconf 91' lang='lat'>¹</span> <span class='ocrx_word' id='word_1_313' title='bbox 136 2604 214 2637; x_wconf 71' lang='lat' dir='ltr'>Psal.</span> <span class='ocrx_word' id='word_1_314' title='bbox 231 2615 340 2647; x_wconf 61' lang='lat' dir='ltr'>xxvvi,</span> <span class='ocrx_word' id='word_1_315' title='bbox 363 2604 414 2648; x_wconf 68' lang='lat'>14,</span> <span class='ocrx_word' id='word_1_316' title='bbox 440 2605 490 2638; x_wconf 83' lang='lat'>15.</span> 
     </span>
    </p>
   </div>
  </div>
 </body>
</html>
