1841 3223
397 183 452 221 96
828 190 861 218 5.
898 190 1128 218 1110051151
1161 190 1343 217 1111500111

397 257 661 303 Primianum
678 291 688 311 ,
714 256 854 315 primo
876 254 996 314 quod
1017 269 1146 314 super
1162 254 1282 299 vivos
1303 255 1524 314 episcopos
1556 255 1659 299 alios
1676 256 1783 300 sub-

396 328 583 388 rogarit,
609 326 730 387 quod
753 327 936 370 incestos
959 340 1058 370 cum
1082 334 1331 370 sanctorum
1354 326 1661 370 communione
1688 326 1783 370 mis-

393 400 531 445 cuerit
554 420 564 455 3
601 397 722 458 quod
759 397 1035 457 presbyteros
1071 397 1126 441 ad
1161 397 1507 457 conjurationem
1547 395 1784 442 ineundam

394 470 690 527 constringere
714 468 999 528 pertentarit,
1022 468 1142 525 quod
1167 471 1199 512 F
1206 478 1460 513 ortunatum
1479 468 1784 528 presbyterum

395 543 438 585 in
455 539 646 584 eloacam
669 537 816 583 feeerit
839 539 976 594 mitti,
999 553 1098 583 cum
1115 538 1430 598 aegrotantibus
1453 538 1668 599 baptismo
1686 554 1785 584 suc-

392 611 615 667 currisset,
645 607 765 670 quod
788 609 1143 654 communionem
1167 609 1385 654 Demetrio
1406 610 1661 668 presbytero
1682 625 1784 669 per-

391 681 578 740 negarit,
600 689 650 724 ut
674 689 849 739 cogeret
872 680 1010 724 silium
1034 679 1260 737 abdicare,
1284 679 1405 740 quod
1421 679 1536 724 idem
1557 680 1786 740 presbyter

392 753 645 813 objurgatus
663 751 743 806 sit,
766 750 886 811 quod
904 751 1124 810 episcopos
1147 750 1336 810 hospitio
1359 750 1639 810 suscepisset,
1664 750 1785 812 quod

395 824 669 884 supradictus
692 822 934 867 Primianus
957 821 1287 866 multitudinem
1305 822 1492 878 miserit,
1519 838 1618 882 quae
1635 823 1785 868 Chris-

393 896 611 940 tianorum
632 893 784 938 domos
808 901 1051 951 everteret,
1083 891 1205 953 quod
1227 892 1389 937 obsessi
1411 893 1496 937 sint
1519 893 1708 953 episcopi
1731 893 1786 938 si-

392 965 485 1010 mul
508 974 551 1009 et
572 964 732 1019 cleriei,
749 973 792 1007 et
807 972 955 1023 postea
973 962 1028 1007 ab
1051 963 1144 1024 ejus
1162 962 1419 1008 satellitibus
1441 962 1645 1024 lapidati,
1666 963 1786 1025 quod

388 1037 437 1081 in
454 1035 630 1080 basilica
649 1034 746 1079 eaesi
765 1035 852 1078 sint
868 1034 1071 1090 seniores,
1089 1032 1210 1095 quod
1227 1034 1404 1094 indigne
1416 1034 1580 1080 ferrent
1601 1035 1656 1079 ad
1672 1051 1786 1080 com-

392 1107 647 1151 munionem
662 1104 976 1151 Claudianistas
989 1104 1158 1149 admitti
1174 1126 1184 1162 3
1205 1105 1321 1166 quod
1342 1106 1594 1150 innoeentes
1609 1104 1786 1152 clericos

392 1178 611 1239 putaverit
632 1193 721 1222 csse
751 1175 1131 1235 condemnandos,
1162 1176 1283 1237 quod
1312 1193 1355 1221 se
1374 1176 1500 1222 nobis
1519 1177 1786 1222 audiendum

393 1250 586 1295 noluerit
605 1249 826 1303 exhibere,
843 1265 944 1293 cum
961 1247 1236 1293 basilicarum
1258 1247 1372 1293 fores
1389 1265 1443 1293 ne
1459 1249 1787 1308 ingrederemur

393 1320 678 1365 multitudine
700 1329 744 1364 et
764 1320 919 1364 0111010
943 1319 1255 1371 intercluserit3
1280 1319 1401 1380 quod
1425 1318 1590 1379 legatos
1609 1337 1633 1365 a
1662 1321 1787 1365 nobis

393 1392 449 1437 ad
473 1408 515 1436 se
534 1392 684 1436 missos
703 1391 906 1451 injuriose
932 1391 1151 1451 rejecerit,
1179 1390 1298 1452 quod
1317 1389 1413 1435 loca
1441 1391 1602 1448 multa,
1627 1392 1672 1436 vi
1700 1392 1788 1452 pri-

392 1480 482 1519 mo,
501 1462 661 1507 dehinc
685 1462 943 1506 auctoritate
959 1461 1189 1521 judiciaria
1221 1461 1508 1521 usurpaverit.
1537 1480 1557 1504 »
1580 1464 1668 1520 (Et
1685 1479 1788 1507 cum

392 1534 577 1593 legeret,
598 1532 716 1576 idem
738 1531 846 1576 dixit
865 1550 874 1576 2
906 1532 1222 1576 Praetermissor
1245 1531 1492 1576 ablatorum
1514 1551 1523 1577 :
1545 1548 1646 1577 cum
1671 1536 1787 1578 Pau-

392 1605 461 1651 lus
483 1603 701 1665 apostolus
720 1602 835 1647 dicat
860 1622 869 1648 ε
894 1622 914 1645 (1
934 1602 1080 1647 Audet
1097 1603 1193 1663 quis
1214 1613 1406 1648 vestrum
1430 1603 1632 1649 adversus
1650 1604 1784 1649 alium

396 1696 417 1719 »
453 1676 678 1735 negotium
708 1674 874 1719 habens
896 1673 1082 1734 judicari
1114 1673 1231 1734 apud
1254 1674 1436 1735 injustos
1453 1710 1463 1730 ,
1490 1685 1533 1719 et
1558 1691 1648 1720 non
1671 1675 1788 1736 apud

395 1764 417 1789 »
452 1749 667 1792 sanctos¹.
696 1764 715 1787 »
746 1743 901 1789 Videte
933 1743 1063 1806 quale
1095 1744 1159 1788 illi
1196 1744 1360 1804 crimen
1391 1745 1652 1805 objecerint,
1684 1746 1788 1807 quia

394 1835 485 1864 11011
507 1817 625 1878 apud
647 1817 869 1878 episcopos
892 1832 1015 1875 agere
1041 1814 1182 1861 voluit
1203 1815 1257 1860 de
1281 1815 1408 1871 locis,
1430 1817 1506 1861 sed
1530 1816 1647 1877 apud
1663 1817 1786 1878 judi-

394 1905 505 1935 cem.
522 1893 696 1933 Etcum
714 1896 933 1941 tractaret,
949 1886 1065 1930 idem
1079 1887 1303 1947 sequentia
1316 1887 1532 1932 recitavit:
1550 1889 1658 1946 )—-«
1671 1892 1786 1933 Prae-

396 1971 461 2005 ter
476 1961 556 2006 alia
572 1959 721 2004 illicita
734 1960 824 2019 ejus
837 1957 1034 2013 admissa,
1049 1974 1148 2019 quae
1168 1974 1259 2018 prae
1281 1959 1508 2003 honestate
1530 1958 1631 2017 styli
1648 1960 1784 2005 nostri

395 2032 592 2077 siluimus
607 2067 618 2087 ,
650 2048 671 2075 a
701 2028 957 2074 sacerdotali
987 2030 1121 2074 choro
1142 2039 1357 2089 perpetuo
1381 2046 1471 2074 esse.
1493 2030 1782 2076 damnatum:

394 2118 451 2147 ne
479 2118 529 2148 eo
558 2101 762 2162 palpato,
794 2100 871 2144 Dei
897 2099 1089 2144 Ecclesia
1119 2109 1194 2143 aut
1215 2101 1498 2159 contagione,
1533 2110 1608 2145 aut
1638 2101 1785 2162 aliquo

397 2173 576 2218 crimine
598 2170 858 2216 maculetur.
876 2169 1004 2223 Quod
1023 2170 1211 2230 idipsum
1226 2171 1386 2215 Paulus
1403 2172 1621 2231 apostolus
1635 2173 1786 2218 exhor-

398 2254 529 2299 tatur,
546 2253 589 2288 et
606 2239 813 2287 admonet
826 2261 833 2286 :
847 2240 1164 2299 Proecipimzcs
1177 2250 1338 2285 (actem
1354 2240 1500 2297 vobis,
1511 2242 1724 2304 fratres,
1736 2245 1786 2288 ιή

397 2315 587 2360 nomine
604 2312 806 2358 Domini
822 2311 975 2356 nostri
991 2309 1031 2356 J
1028 2327 1109 2355 esa
1137 2310 1336 2367 Christi,
1367 2320 1418 2356 uc
1438 2309 1700 2358 discedat&
1719 2312 1784 2358 ab

397 2384 711 2446 omnifrcctre
738 2380 1010 2427 inordinate
1039 2379 1363 2426 ambulante&
1389 2385 1534 2443 Atque
1562 2383 1670 2428 adeo
1693 2399 1785 2429 non

395 2457 669 2501 immemores
682 2453 880 2514 puritatis
896 2451 1118 2509 Ecclesiae,
1132 2451 1409 2498 conducibile
1426 2453 1780 2511 existimavimus,

446 2548 454 2565 ¹
475 2553 486 2573 1
508 2543 580 2573 Cor.
601 2551 648 2581 vx,
678 2550 706 2572 1.
727 2555 769 2562 -
789 2545 802 2562 ²
824 2550 836 2571 1
853 2538 962 2571 Thess.
984 2549 1029 2580 111,
1048 2538 1080 2570 6.
