1841 3223
207 263 449 295 ENARRATIO
481 267 514 293 11
546 267 592 295 ΙΝ
623 263 827 295 PsALMUM
859 266 1024 305 xxxvx,
1059 263 1185 293 SERM.
1221 267 1269 293 11.
1374 254 1429 293 ¹75

50 351 71 376 >›
106 334 347 379 Confirmat
367 341 512 376 autem
528 333 666 392 justos
683 333 909 377 Dominus.
931 351 952 375 ³>
973 333 1205 386 Quomodo
1227 347 1299 378 eos
1322 348 1431 377 con-

46 404 222 448 firmat?
243 403 359 457 Quid
379 403 438 447 eis
461 401 593 447 dicit?
614 405 712 456 Quo
728 402 887 447 dicitur
900 404 944 447 in
967 403 1049 448 alio
1059 402 1230 448 Psalmo
1255 422 1265 449 ε
1293 422 1313 446 «
1336 406 1433 449 Sus-

50 491 70 518 »
105 475 195 519 tine
218 474 480 528 Dominum,
505 473 684 518 viriliter
705 490 810 532 age,
835 484 877 518 et
899 474 1170 519 eonfortetur
1191 484 1404 519 cortuum
1418 511 1429 532 ,
1450 482 1452 485 ’

49 564 71 589 »
105 553 151 590 et
171 545 332 591 sustine
354 545 590 589 Dominum
605 546 636 588 ¹.
664 563 683 585 »
704 543 819 597 Quid
836 553 900 589 est
912 545 994 590 hoc
1010 581 1022 600 ‚
1052 547 1259 590 «Sustine
1281 547 1433 590 Domi-

48 634 70 660 »
104 618 243 661 rium?
267 635 287 659 n
313 616 382 661 Ad
412 625 584 675 tempus
615 615 808 671 laboras,
839 616 884 660 in
918 625 1132 660 aeternum
1154 632 1244 661 non
1264 616 1435 662 labora-

46 687 112 732 bis
138 706 146 733 :
171 687 313 732 brevis
342 697 406 731 est
434 685 629 731 molestia
650 696 748 742 tua,
780 695 942 731 aeterna
968 687 1049 730 erit
1071 686 1298 731 beatitudo
1320 697 1396 732 tua
1420 707 1430 734 ε

47 758 103 803 ad
124 758 343 804 modicum
367 757 516 814 doles,
542 757 634 802 sine
662 758 750 802 fine
778 758 1000 816 gaudebis.
1029 757 1112 802 Sed
1140 758 1252 802 inter
1273 758 1435 803 moles-

46 829 126 874 tias
171 830 324 888 incipis
354 828 477 873 labi?
520 829 785 888 Proponitur
821 828 1069 889 exemplum
1102 838 1144 873 et
1185 829 1435 889 passionum

46 901 222 947 Christi.
240 899 351 945 Vide
369 900 477 961 quid
491 916 568 960 pro
588 910 630 944 te
647 899 843 960 pertulit,
864 901 940 961 qui
960 916 1094 961 quare
1113 899 1324 960 perferret
1346 893 1436 946 non

45 971 276 1016 habebat2.
308 974 674 1032 Quantacumque
696 972 885 1031 patiaris,
911 988 999 1016 non
1021 972 1247 1032 pervenies
1269 972 1324 1016 ad
1341 971 1435 1016 illas

46 1041 364 1098 insultationes,
390 1041 446 1086 ad
462 1041 534 1086 illa
558 1041 744 1101 flagella,
773 1042 828 1086 ad
848 1042 966 1087 illam
985 1043 1319 1102 ignominiosam
1339 1058 1436 1087 ves-

46 1122 135 1158 tem
152 1149 164 1170 ‚
188 1114 243 1158 ad
264 1113 384 1158 illam
407 1113 599 1174 spineam
624 1128 828 1158 coronam
846 1150 857 1168 ‚
877 1115 933 1158 ad
950 1113 1069 1158 illam
1091 1124 1310 1174 postremo
1333 1130 1436 1159 cru-

46 1195 140 1230 cem
165 1201 253 1230 non
272 1186 518 1245 pervenies,
541 1184 642 1245 quia
660 1186 752 1246 jam
773 1194 817 1229 et
837 1184 892 1229 de
909 1201 1041 1245 poena
1065 1186 1232 1244 generis
1254 1186 1437 1230 humani

47 1256 219 1302 sublata
241 1266 319 1302 est.
336 1258 450 1302 Cum
468 1258 584 1301 enim
602 1257 683 1302 sub
702 1257 890 1318 antiquis
912 1257 1107 1302 scelerati
1129 1258 1437 1316 crucifigeren-

46 1335 134 1384 tur,
154 1327 287 1373 modo
310 1328 457 1373 nullus
481 1329 764 1388 crucifigitur.
790 1332 1012 1373 Honorata
1036 1339 1120 1385 est,
1142 1339 1185 1374 et
1202 1330 1338 1374 finita.
1364 1330 1439 1374 Fi-

47 1400 138 1445 nita
158 1410 224 1445 est
245 1399 290 1444 in
309 1416 465 1461 poena3
495 1410 644 1445 manet
670 1402 716 1445 in
738 1400 886 1459 gloria.
917 1404 954 1445 A
987 1401 1092 1446 loeis
1124 1402 1439 1462 suppliciorum

27 1469 151 1516 ‘fecit
171 1471 401 1517 transitum
418 1472 474 1516 ad
495 1472 661 1518 ftontes
684 1475 1020 1533 Imperatorum.
1046 1474 1129 1526 Qui
1159 1483 1333 1518 tantum
1355 1475 1439 1518 ho-

46 1557 198 1587 norem
229 1542 353 1587 dedit
376 1543 517 1603 poenis
539 1544 648 1599 suis,
679 1543 788 1604 quid
811 1553 951 1588 servat
978 1543 1183 1588 fidelibus
1210 1545 1326 1588 suis?
1364 1545 1440 1589 His

47 1628 148 1672 ergo
168 1614 299 1658 rebus
316 1650 326 1669 ,
345 1615 412 1659 his
431 1614 575 1659 verbis
591 1650 602 1670 ‚
622 1615 693 1658 hic
716 1614 1053 1658 allocutionibus
1071 1650 1081 1669 ‚
1100 1615 1185 1659 hoc
1207 1615 1282 1659 tali
1301 1631 1439 1659 exem-

46 1681 121 1745 plo
153 1685 428 1730 «Confirmat
445 1686 586 1746 justos
620 1684 884 1729 Dominus.»
914 1685 1102 1728 Saeviant
1123 1695 1337 1744 quantum
1358 1701 1440 1729 vo-

46 1753 231 1809 luerint,
258 1763 302 1798 et
322 1764 538 1814 quantum
565 1754 760 1813 permissi
783 1753 945 1796 fuerint
969 1763 1211 1809 peccatores
1240 1774 1248 1798 :
1279 1773 1298 1796 «
1319 1756 1440 1798 Con-

49 1843 72 1867 »
106 1825 252 1869 firmat
286 1826 426 1886 justos
466 1825 693 1870 Dominus.
722 1842 742 1865 »
784 1824 1012 1884 Quidquid
1042 1823 1246 1868 acciderit
1280 1826 1398 1886 justo
1426 1861 1437 1882 ‚

46 1895 265 1942 voluntati
296 1895 454 1940 divinae
483 1895 692 1956 deputet,
729 1911 819 1939 non
850 1896 1055 1955 potestati
1083 1896 1260 1940 inimici.
1283 1897 1441 1941 Saevire

47 1967 122 2012 ille
143 1977 285 2028 potest
312 1987 320 2014 ε
347 1967 475 2013 ferire
490 1994 512 2024 ,2
529 1969 562 2013 si
583 1967 656 2012 ille
677 1966 891 2023 noluerit,
917 1983 1006 2012 non
1028 1977 1185 2028 potest.
1209 1971 1267 2012 Et
1300 1968 1333 2012 si
1369 1968 1442 2013 ille

48 2037 236 2082 voluerit
272 2048 322 2084 ut
345 2037 490 2094 feriat,
521 2039 644 2083 novit
676 2054 804 2083 suum
832 2038 1209 2099 quemadmodum
1238 2039 1437 2098 excipiat.

54 2122 75 2150 ᾱ(
91 2111 230 2162 Quem
261 2109 375 2152 enim
405 2108 546 2167 'diligit
572 2109 784 2153 Dominus
801 2144 811 2162 ,
838 2110 1018 2168 corripit
1046 2129 1054 2154 ε
1082 2108 1274 2168 flagellat
1295 2119 1441 2154 autem

52 2197 73 2222 »
109 2195 283 2224 omnem
305 2180 445 2224 filium
467 2196 597 2241 quem
622 2181 819 2240 recipit3.
848 2199 868 2222 »
900 2181 1015 2234 Quid
1038 2172 1119 2225 sibi
1143 2196 1246 2239 ergo
1272 2180 1444 2240 plaudit

49 2250 241 2311 iniquus,
263 2251 365 2312 quia
383 2250 606 2310 flagellum
622 2251 701 2296 sibi
719 2252 774 2296 de
791 2251 866 2296 illo
886 2251 986 2296 feeit
1004 2255 1131 2296 Pater
1144 2254 1293 2296 meus?
1311 2251 1442 2296 Illum

51 2321 232 2365 assumit
252 2321 306 2365 ad
331 2321 639 2377 ministerium,
661 2337 730 2365 me
752 2321 897 2366 erudit
918 2322 971 2366 ad
998 2322 1326 2381 patrimonium.
1352 2325 1440 2367 Nec

51 2391 276 2436 attendere
297 2391 507 2437 debemus
525 2393 740 2454 quantum
756 2394 980 2454 permittat
1001 2393 1184 2453 injustis,
1208 2393 1284 2438 sed
1301 2409 1442 2454 quan-

52 2471 149 2506 tum
169 2472 309 2507 servet
319 2464 463 2524 justis.

101 2546 218 2591 i'Psal.
239 2569 333 2602 xmr,
362 2558 413 2602 14.
435 2577 476 2584 —
505 2566 519 2584 ²
536 2559 650 2593 Matth.
669 2570 740 2592 xxvi
755 2585 764 2603 ,
787 2560 838 2600 16,
858 2564 891 2592 et
916 2568 1044 2602 xxxva,
1062 2559 1120 2603 26,
1142 2564 1206 2593 etc.
1240 2577 1282 2584 —-
1303 2558 1316 2583 3
1335 2559 1434 2593 Hebr.

55 2625 121 2656 ιιι,
149 2615 182 2646 6.
