1841 3223
493 251 735 281 ENAunAno
767 254 813 281 nv
844 251 1047 281 PsALMUM
1079 255 1154 280 L11.
1408 239 1488 280 491

168 320 288 362 VIII.
319 337 338 360 «
359 321 498 363 Deum
520 334 609 362 non
631 319 984 363 invocaverunt1.
1000 337 1020 359 n
1038 317 1299 364 Consolatur
1321 334 1497 377 gemen-

109 398 195 433 tem
209 424 220 444 ‚
245 398 288 433 et
309 390 492 432 maxime
513 404 565 432 ex
586 390 995 433 commemoratione
1011 425 1021 443 ‚
1048 405 1102 433 ne
1124 388 1336 433 imitando
1359 389 1494 434 malos

108 460 185 520 qui
206 460 464 519 plerumque
484 469 808 519 prosperantur,
844 459 1032 505 delectet
1062 461 1154 504 fieri
1178 460 1357 504 malum.
1393 463 1494 505 Ser-

108 537 235 574 vatur
258 529 335 573 tibi
355 530 476 589 quod
498 530 578 573 tibi
600 530 857 589 promissum
880 539 942 573 est
963 549 971 574 ε
993 547 1087 590 spes
1110 529 1285 575 illorum
1303 545 1493 590 praesens

109 609 192 654 est,
213 608 287 643 tua
308 598 455 644 f'utura
478 609 541 643 est
558 620 569 657 3
589 599 664 643 sed
685 599 860 643 illorum
882 601 999 644 fluxa
1018 636 1028 655 ,
1053 610 1128 645 tua
1151 609 1265 644 certa
1283 618 1294 650 ;
1317 600 1495 644 illorum

109 668 236 725 salsa,
278 679 354 714 tua
381 685 495 713 vera.
524 668 593 713 Illi
623 669 739 713 enim
773 689 792 711 «
820 673 959 713 Deum
988 686 1077 714 non
1114 672 1441 714 invocaverunt.
1469 688 1491 712 »

108 743 262 786 Nonne
292 740 489 801 quotidie
512 740 618 784 tales
641 749 796 799 rogant
826 743 996 785 Deum?
1027 743 1124 785 Non
1159 750 1312 798 rogant
1337 744 1490 784 Deum.

108 811 332 855 Attendite
345 846 355 866 ,
381 811 415 854 si
436 826 610 870 possum
627 811 710 855 hoc
724 811 866 855 dicere
881 810 1113 871 adjuvante
1134 812 1227 870 ipso
1250 814 1354 855 Deo.
1381 814 1496 854 Deus

109 882 238 940 gratis
266 896 310 925 sc
340 880 436 925 vult
464 880 575 934 coli,
602 881 733 939 gratis
769 896 813 924 se
839 880 935 925 vult
960 880 1109 940 diligi,
1146 882 1230 925 hoc
1259 890 1344 935 est,
1380 889 1497 925 caste

109 951 270 1008 amari3
294 966 382 994 non
407 959 636 1010 propterea
664 966 708 994 se
743 951 900 1006 amari,
926 951 1029 1011 quia
1054 952 1130 995 dat
1151 950 1316 1011 aliquid
1339 960 1497 1010 praeter

107 1036 176 1076 se,
201 1020 277 1065 sed
298 1022 400 1081 quia
422 1021 498 1065 dat
516 1037 574 1065 se.
597 1021 682 1074 Qui
707 1036 809 1079 ergo
831 1021 1004 1065 invocat
1027 1024 1164 1064 Deum
1183 1030 1233 1064 ut
1253 1021 1372 1064 dives
1394 1021 1490 1076 fiat,

109 1094 245 1135 Deum
271 1106 360 1136 non
383 1091 556 1136 invocat
583 1110 591 1136 :
622 1091 706 1135 hoc
739 1091 854 1134 enim
876 1091 1051 1135 invocat
1083 1090 1205 1151 quod
1239 1089 1294 1134 ad
1321 1105 1365 1134 se
1400 1092 1496 1134 vult

107 1162 270 1206 venire.
307 1161 424 1215 Quid
446 1162 562 1205 enim
584 1170 647 1205 est
668 1162 896 1216 invocare,
927 1161 1008 1204 nisi
1028 1176 1183 1205 vocare
1212 1161 1257 1204 in
1279 1162 1353 1204 se?
1377 1163 1428 1204 In
1450 1175 1495 1204 se

108 1246 210 1290 ergo
226 1247 397 1284 vocare,
421 1231 505 1275 hoc
527 1230 687 1275 dicitur
707 1231 922 1275 invocare.
950 1233 1059 1275 Nam
1082 1247 1181 1275 cum
1203 1231 1308 1275 dicis
1330 1250 1338 1275 :
1359 1232 1490 1286 Deus,

109 1301 162 1346 da
182 1302 288 1345 mihi
310 1302 482 1346 divitias
499 1323 507 1347 :
529 1318 617 1347 non
640 1303 702 1346 vis
720 1312 767 1346 ut
787 1304 876 1362 ipse
898 1306 1012 1346 Deus
1027 1303 1081 1347 ad
1101 1313 1141 1347 te
1158 1303 1319 1357 veniat,
1340 1302 1415 1347 sed
1432 1303 1495 1346 vis

108 1382 159 1417 ut
186 1373 347 1417 divitiae
372 1374 550 1418 veniant
582 1373 638 1417 ad
661 1383 716 1418 te.
748 1373 877 1426 Quod
899 1374 962 1418 vis
985 1383 1034 1418 ut
1060 1374 1115 1418 ad
1140 1384 1182 1418 te
1210 1374 1355 1418 veniat
1371 1409 1382 1428 ‚
1412 1374 1497 1418 hoc

107 1445 295 1489 invocas.
321 1445 362 1489 Si
384 1454 530 1488 autem
547 1449 685 1489 Deum
706 1446 943 1500 invocares,
963 1445 1054 1505 ipse
1071 1445 1126 1489 ad
1147 1457 1186 1489 te
1208 1445 1392 1499 veniret,
1407 1445 1497 1504 ipse

109 1525 219 1560 esset
240 1515 398 1559 divitiae
423 1525 525 1560 tuae.
546 1519 672 1561 Nunc
690 1526 835 1560 autem
857 1516 919 1560 vis
942 1517 1104 1560 habere
1132 1532 1273 1560 arcam
1296 1515 1494 1575 plenam,

110 1596 153 1631 et
180 1587 354 1631 inanem
389 1587 698 1631 conscientiam
729 1607 737 1631 ;
769 1590 883 1631 Deus
917 1603 1006 1631 non
1039 1587 1191 1646 implet
1220 1602 1386 1641 arcam,
1424 1585 1500 1630 sed

109 1666 278 1717 pectus.
307 1657 422 1710 Quid
443 1657 521 1701 tibi
543 1667 727 1717 prosunt
746 1658 976 1702 exteriores
996 1657 1179 1711 divitiae,
1206 1657 1239 1702 si
1261 1668 1304 1701 te
1321 1658 1502 1702 interior

109 1728 269 1788 premit
285 1730 477 1786 egestas?
495 1730 608 1786 Ergo
631 1729 700 1772 isti
717 1729 791 1788 qui
809 1737 986 1788 propter
1008 1728 1229 1772 saecularia
1251 1727 1496 1783 commoda,

110 1798 187 1858 qui
210 1807 386 1858 propter
408 1808 577 1842 terrena
611 1798 748 1853 bona,
785 1799 860 1858 qui
888 1808 1066 1858 propter
1087 1799 1220 1842 vitam
1242 1807 1500 1857 praesentem

111 1877 155 1912 et
185 1877 402 1912 terrenam
435 1867 686 1913 felicitatem
721 1869 928 1913 invocant
966 1872 1104 1913 Deum
1124 1903 1134 1923 ,
1172 1884 1260 1913 non
1296 1869 1503 1913 invocant

112 1941 269 1982 Deum.

171 2011 249 2052 IX.
276 2011 509 2068 Propterea
537 2007 645 2068 quid
669 2007 727 2052 de
758 2007 842 2052 illis
865 2009 1093 2068 sequitur?
1125 2028 1143 2050 «
1165 2008 1232 2053 Ibi
1260 2009 1502 2053 timuerunt

116 2097 135 2120 »
169 2079 324 2123 timore
341 2114 351 2134 ,
386 2078 464 2122 ubi
492 2093 582 2122 non
614 2087 706 2121 erat
737 2078 912 2122 timor2.
939 2079 1205 2139 »Numquid
1233 2080 1349 2122 enim
1372 2080 1504 2124 timor

111 2158 196 2203 est,
227 2150 260 2193 si
288 2149 384 2209 quis
405 2149 562 2208 perdat
584 2148 782 2192 divitias?
805 2151 905 2193 Non
929 2157 993 2192 est
1018 2149 1097 2192 tibi
1126 2150 1272 2202 timor,
1305 2159 1347 2193 et
1368 2150 1427 2193 ibi
1448 2149 1503 2193 ti-

112 2229 268 2263 metur.
301 2221 342 2264 Si
363 2219 460 2279 quis
493 2229 638 2262 autem
660 2218 813 2276 perdat
834 2219 1087 2277 sapientiam
1102 2253 1112 2273 ,
1140 2234 1241 2262 vere
1267 2220 1392 2263 timor
1414 2228 1500 2278 est,

114 2298 157 2333 et
176 2287 237 2332 ibi
258 2303 347 2333 non
368 2289 561 2332 timetur.
583 2287 696 2332 Audi
711 2323 720 2341 ,
747 2287 970 2346 dignosce,
992 2287 1099 2332 tales
1124 2289 1319 2347 intellige
1338 2305 1346 2329 :
1367 2291 1503 2334 Com-

114 2358 347 2403 mendatur
368 2359 512 2403 nescio
535 2359 604 2402 cui
634 2359 835 2413 sacellus,
864 2371 954 2402 non
975 2357 1070 2402 vult
1093 2358 1299 2413 reddere,
1321 2375 1400 2418 pro
1425 2375 1505 2405 suo

113 2438 365 2488 computat,
390 2443 480 2473 non
500 2438 626 2488 putat
644 2444 765 2487 posse
788 2429 949 2487 repeti,
970 2430 1061 2488 jam
1086 2444 1166 2488 pro
1189 2444 1266 2473 suo
1293 2430 1474 2474 habebit
1490 2466 1501 2485 ,

116 2499 296 2543 reddere
321 2498 547 2543 detrectat.
581 2499 736 2542 Videat
763 2499 872 2558 quid
898 2498 1050 2543 timeat
1072 2499 1268 2544 amittere
1285 2534 1296 2555 ,
1328 2509 1373 2543 et
1395 2501 1504 2559 quid

165 2590 173 2604 ¹
195 2582 274 2615 psal.
296 2593 350 2624 ui,
371 2582 403 2615 6.
423 2599 464 2606 --
481 2589 493 2605 2
508 2583 591 2615 Ibid.
925 2590 942 2607 θ
