<?xml version="1.0" encoding="UTF-8"?>
<!DOCTYPE html PUBLIC "-//W3C//DTD XHTML 1.0 Transitional//EN"
    "http://www.w3.org/TR/xhtml1/DTD/xhtml1-transitional.dtd">
<html xmlns="http://www.w3.org/1999/xhtml" xml:lang="en" lang="en">
 <head>
  <title>
</title>
<meta http-equiv="Content-Type" content="text/html;charset=utf-8" />
  <meta name='ocr-system' content='tesseract 3.04.00' />
  <meta name='ocr-capabilities' content='ocr_page ocr_carea ocr_par ocr_line ocrx_word'/>
</head>
<body>
  <div class='ocr_page' id='page_1' title='image "./operaomniaaccura08auguuoft_0518.png"; bbox 0 0 1841 3223; ppageno 0'>
   <div class='ocr_carea' id='block_1_1' title="bbox 349 185 1292 225">
    <p class='ocr_par' dir='ltr' id='par_1_1' title="bbox 349 185 1292 225">
     <span class='ocr_line' id='line_1_1' title="bbox 349 185 1292 225; baseline -0.002 0"><span class='ocrx_word' id='word_1_1' title='bbox 349 185 431 225; x_wconf 72' lang='lat'><strong>504</strong></span> <span class='ocrx_word' id='word_1_2' title='bbox 772 194 805 222; x_wconf 88' lang='lat' dir='ltr'><strong>s.</strong></span> <span class='ocrx_word' id='word_1_3' title='bbox 843 195 1074 225; x_wconf 68' lang='lat' dir='ltr'><strong>Ancusnm</strong></span> <span class='ocrx_word' id='word_1_4' title='bbox 1109 197 1292 224; x_wconf 72' lang='lat' dir='ltr'><strong>Emscom</strong></span> 
     </span>
    </p>
   </div>
   <div class='ocr_carea' id='block_1_2' title="bbox 343 260 1746 2518">
    <p class='ocr_par' dir='ltr' id='par_1_2' title="bbox 343 260 1746 2305">
     <span class='ocr_line' id='line_1_2' title="bbox 346 260 1739 316; baseline 0.001 -10"><span class='ocrx_word' id='word_1_5' title='bbox 346 263 511 306; x_wconf 84' lang='lat' dir='ltr'><strong>habent</strong></span> <span class='ocrx_word' id='word_1_6' title='bbox 547 263 591 305; x_wconf 90' lang='lat' dir='ltr'><strong>in</strong></span> <span class='ocrx_word' id='word_1_7' title='bbox 620 262 702 305; x_wconf 87' lang='lat' dir='ltr'><strong>isto</strong></span> <span class='ocrx_word' id='word_1_8' title='bbox 730 260 904 305; x_wconf 80' lang='lat' dir='ltr'><strong>saeculo.</strong></span> <span class='ocrx_word' id='word_1_9' title='bbox 939 264 1066 306; x_wconf 87' lang='lat' dir='ltr'><strong>Certe</strong></span> <span class='ocrx_word' id='word_1_10' title='bbox 1096 262 1286 306; x_wconf 78' lang='lat' dir='ltr'>concreti</span> <span class='ocrx_word' id='word_1_11' title='bbox 1319 270 1446 316; x_wconf 89' lang='lat' dir='ltr'><strong>sunt,</strong></span> <span class='ocrx_word' id='word_1_12' title='bbox 1472 271 1588 307; x_wconf 89' lang='lat' dir='ltr'><strong>certe</strong></span> <span class='ocrx_word' id='word_1_13' title='bbox 1610 262 1739 308; x_wconf 86' lang='lat' dir='ltr'><strong>simul</strong></span> 
     </span>
     <span class='ocr_line' id='line_1_3' title="bbox 347 331 1736 391; baseline 0.001 -14"><span class='ocrx_word' id='word_1_14' title='bbox 347 334 516 377; x_wconf 72' lang='lat' dir='ltr'><strong>vivunt.</strong></span> <span class='ocrx_word' id='word_1_15' title='bbox 554 332 844 375; x_wconf 77' lang='lat' dir='ltr'><strong>Vehementer</strong></span> <span class='ocrx_word' id='word_1_16' title='bbox 876 331 955 376; x_wconf 90' lang='lat' dir='ltr'>sibi</span> <span class='ocrx_word' id='word_1_17' title='bbox 988 331 1164 377; x_wconf 85' lang='lat' dir='ltr'><strong>adversa</strong></span> <span class='ocrx_word' id='word_1_18' title='bbox 1198 341 1301 376; x_wconf 89' lang='lat' dir='ltr'><strong>sunt</strong></span> <span class='ocrx_word' id='word_1_19' title='bbox 1336 332 1415 376; x_wconf 89' lang='lat' dir='ltr'><strong>ista</strong></span> <span class='ocrx_word' id='word_1_20' title='bbox 1438 331 1528 377; x_wconf 91' lang='lat' dir='ltr'><strong>duo</strong></span> <span class='ocrx_word' id='word_1_21' title='bbox 1550 347 1736 391; x_wconf 82' lang='lat' dir='ltr'><strong>genera:</strong></span> 
     </span>
     <span class='ocr_line' id='line_1_4' title="bbox 347 402 1740 463; baseline 0.001 -16"><span class='ocrx_word' id='word_1_22' title='bbox 347 419 486 447; x_wconf 89' lang='lat' dir='ltr'><strong>unum</strong></span> <span class='ocrx_word' id='word_1_23' title='bbox 509 418 660 447; x_wconf 89' lang='lat' dir='ltr'><strong>eorum</strong></span> <span class='ocrx_word' id='word_1_24' title='bbox 683 403 758 462; x_wconf 86' lang='lat' dir='ltr'><strong>qui</strong></span> <span class='ocrx_word' id='word_1_25' title='bbox 787 418 875 446; x_wconf 89' lang='lat' dir='ltr'><strong>non</strong></span> <span class='ocrx_word' id='word_1_26' title='bbox 893 412 1066 462; x_wconf 87' lang='lat' dir='ltr'><strong>ponunt</strong></span> <span class='ocrx_word' id='word_1_27' title='bbox 1088 418 1209 463; x_wconf 82' lang='lat' dir='ltr'><strong>spem</strong></span> <span class='ocrx_word' id='word_1_28' title='bbox 1231 402 1313 446; x_wconf 91' lang='lat' dir='ltr'><strong>nisi</strong></span> <span class='ocrx_word' id='word_1_29' title='bbox 1336 403 1381 446; x_wconf 91' lang='lat' dir='ltr'><strong>in</strong></span> <span class='ocrx_word' id='word_1_30' title='bbox 1404 403 1534 447; x_wconf 88' lang='lat' dir='ltr'><strong>rebus</strong></span> <span class='ocrx_word' id='word_1_31' title='bbox 1556 402 1740 448; x_wconf 76' lang='lat' dir='ltr'><strong>saecula-</strong></span> 
     </span>
     <span class='ocr_line' id='line_1_5' title="bbox 347 471 1742 534; baseline 0.001 -17"><span class='ocrx_word' id='word_1_32' title='bbox 347 474 466 518; x_wconf 89' lang='lat' dir='ltr'><strong>ribus</strong></span> <span class='ocrx_word' id='word_1_33' title='bbox 494 482 536 517; x_wconf 89' lang='lat' dir='ltr'><strong>et</strong></span> <span class='ocrx_word' id='word_1_34' title='bbox 558 472 787 532; x_wconf 86' lang='lat' dir='ltr'><strong>temporali</strong></span> <span class='ocrx_word' id='word_1_35' title='bbox 810 471 1015 517; x_wconf 84' lang='lat' dir='ltr'><strong>felicitate</strong></span> <span class='ocrx_word' id='word_1_36' title='bbox 1030 509 1039 527; x_wconf 89' lang='lat'><strong>,</strong></span> <span class='ocrx_word' id='word_1_37' title='bbox 1075 483 1117 517; x_wconf 90' lang='lat' dir='ltr'><strong>et</strong></span> <span class='ocrx_word' id='word_1_38' title='bbox 1140 472 1324 517; x_wconf 90' lang='lat' dir='ltr'><strong>alterum</strong></span> <span class='ocrx_word' id='word_1_39' title='bbox 1349 488 1499 518; x_wconf 90' lang='lat' dir='ltr'><strong>eorum</strong></span> <span class='ocrx_word' id='word_1_40' title='bbox 1523 473 1599 534; x_wconf 87' lang='lat' dir='ltr'><strong>qui</strong></span> <span class='ocrx_word' id='word_1_41' title='bbox 1620 489 1742 534; x_wconf 87' lang='lat' dir='ltr'><strong>spem</strong></span> 
     </span>
     <span class='ocr_line' id='line_1_6' title="bbox 347 543 1742 603; baseline 0.001 -16"><span class='ocrx_word' id='word_1_42' title='bbox 347 558 467 588; x_wconf 91' lang='lat' dir='ltr'><strong>suam</strong></span> <span class='ocrx_word' id='word_1_43' title='bbox 490 543 535 587; x_wconf 90' lang='lat' dir='ltr'><strong>in</strong></span> <span class='ocrx_word' id='word_1_44' title='bbox 560 543 745 587; x_wconf 78' lang='lat' dir='ltr'><strong>Domino</strong></span> <span class='ocrx_word' id='word_1_45' title='bbox 769 546 858 587; x_wconf 87' lang='lat' dir='ltr'><strong>Deo</strong></span> <span class='ocrx_word' id='word_1_46' title='bbox 880 559 958 587; x_wconf 84' lang='lat' dir='ltr'><strong>suo</strong></span> <span class='ocrx_word' id='word_1_47' title='bbox 997 544 1179 587; x_wconf 83' lang='lat' dir='ltr'><strong>firmiter</strong></span> <span class='ocrx_word' id='word_1_48' title='bbox 1200 552 1387 603; x_wconf 80' lang='lat' dir='ltr'><strong>ponunt.</strong></span> <span class='ocrx_word' id='word_1_49' title='bbox 1421 546 1479 588; x_wconf 87' lang='lat' dir='ltr'><strong>Et</strong></span> <span class='ocrx_word' id='word_1_50' title='bbox 1506 559 1607 588; x_wconf 89' lang='lat' dir='ltr'><strong>cum</strong></span> <span class='ocrx_word' id='word_1_51' title='bbox 1635 560 1742 588; x_wconf 89' lang='lat' dir='ltr'><strong>con-</strong></span> 
     </span>
     <span class='ocr_line' id='line_1_7' title="bbox 346 614 1742 674; baseline -0.001 -14"><span class='ocrx_word' id='word_1_52' title='bbox 346 614 498 660; x_wconf 88' lang='lat' dir='ltr'><strong>cordes</strong></span> <span class='ocrx_word' id='word_1_53' title='bbox 529 624 631 659; x_wconf 90' lang='lat' dir='ltr'><strong>sunt</strong></span> <span class='ocrx_word' id='word_1_54' title='bbox 658 614 726 659; x_wconf 84' lang='lat' dir='ltr'><strong>isti</strong></span> <span class='ocrx_word' id='word_1_55' title='bbox 759 615 944 674; x_wconf 73' lang='lat' dir='ltr'><strong>Zipluei,</strong></span> <span class='ocrx_word' id='word_1_56' title='bbox 973 614 1063 658; x_wconf 91' lang='lat' dir='ltr'><strong>noli</strong></span> <span class='ocrx_word' id='word_1_57' title='bbox 1087 614 1277 659; x_wconf 91' lang='lat' dir='ltr'><strong>multum</strong></span> <span class='ocrx_word' id='word_1_58' title='bbox 1300 615 1476 659; x_wconf 88' lang='lat' dir='ltr'><strong>credere</strong></span> <span class='ocrx_word' id='word_1_59' title='bbox 1500 615 1742 660; x_wconf 79' lang='lat' dir='ltr'><strong>concordiae</strong></span> 
     </span>
     <span class='ocr_line' id='line_1_8' title="bbox 347 684 1738 746; baseline 0 -15"><span class='ocrx_word' id='word_1_60' title='bbox 347 701 498 731; x_wconf 88' lang='lat' dir='ltr'><strong>eorum</strong></span> <span class='ocrx_word' id='word_1_61' title='bbox 524 705 533 730; x_wconf 91' lang='grc'>;</span> <span class='ocrx_word' id='word_1_62' title='bbox 564 686 822 730; x_wconf 72' lang='lat' dir='ltr'><strong>tentationes</strong></span> <span class='ocrx_word' id='word_1_63' title='bbox 854 684 1042 742; x_wconf 82' lang='lat' dir='ltr'><strong>desunt3</strong></span> <span class='ocrx_word' id='word_1_64' title='bbox 1070 686 1144 729; x_wconf 88' lang='lat' dir='ltr'><strong>ubi</strong></span> <span class='ocrx_word' id='word_1_65' title='bbox 1168 686 1335 729; x_wconf 82' lang='lat' dir='ltr'><strong>venerit</strong></span> <span class='ocrx_word' id='word_1_66' title='bbox 1359 684 1502 746; x_wconf 87' lang='lat' dir='ltr'><strong>aliqua</strong></span> <span class='ocrx_word' id='word_1_67' title='bbox 1526 687 1708 731; x_wconf 89' lang='lat' dir='ltr'><strong>tentatio</strong></span> <span class='ocrx_word' id='word_1_68' title='bbox 1727 722 1738 742; x_wconf 92' lang='lat'><strong>,</strong></span> 
     </span>
     <span class='ocr_line' id='line_1_9' title="bbox 347 755 1742 816; baseline 0 -15"><span class='ocrx_word' id='word_1_69' title='bbox 347 767 398 801; x_wconf 91' lang='lat' dir='ltr'><strong>ut</strong></span> <span class='ocrx_word' id='word_1_70' title='bbox 421 766 628 816; x_wconf 79' lang='lat' dir='ltr'>arguatur</span> <span class='ocrx_word' id='word_1_71' title='bbox 651 756 805 816; x_wconf 84' lang='lat' dir='ltr'><strong>aliquis</strong></span> <span class='ocrx_word' id='word_1_72' title='bbox 828 772 906 815; x_wconf 87' lang='lat' dir='ltr'><strong>pro</strong></span> <span class='ocrx_word' id='word_1_73' title='bbox 930 756 1036 800; x_wconf 79' lang='lat' dir='ltr'><strong>flore</strong></span> <span class='ocrx_word' id='word_1_74' title='bbox 1057 755 1203 800; x_wconf 84' lang='lat' dir='ltr'><strong>saeculi</strong></span> <span class='ocrx_word' id='word_1_75' title='bbox 1225 791 1234 810; x_wconf 89' lang='lat'><strong>,</strong></span> <span class='ocrx_word' id='word_1_76' title='bbox 1262 772 1351 800; x_wconf 91' lang='lat' dir='ltr'><strong>non</strong></span> <span class='ocrx_word' id='word_1_77' title='bbox 1374 756 1454 800; x_wconf 83' lang='lat' dir='ltr'><strong>tibi</strong></span> <span class='ocrx_word' id='word_1_78' title='bbox 1476 755 1574 801; x_wconf 91' lang='lat' dir='ltr'><strong>dico</strong></span> <span class='ocrx_word' id='word_1_79' title='bbox 1597 758 1742 801; x_wconf 82' lang='lat' dir='ltr'><strong>offen·</strong></span> 
     </span>
     <span class='ocr_line' id='line_1_10' title="bbox 348 826 1739 887; baseline 0 -15"><span class='ocrx_word' id='word_1_80' title='bbox 348 828 423 872; x_wconf 89' lang='lat' dir='ltr'><strong>det</strong></span> <span class='ocrx_word' id='word_1_81' title='bbox 441 829 641 887; x_wconf 82' lang='lat' dir='ltr'><strong>episcopo</strong></span> <span class='ocrx_word' id='word_1_82' title='bbox 659 863 668 882; x_wconf 87' lang='lat'><strong>,</strong></span> <span class='ocrx_word' id='word_1_83' title='bbox 695 826 769 870; x_wconf 88' lang='lat' dir='ltr'><strong>sed</strong></span> <span class='ocrx_word' id='word_1_84' title='bbox 793 842 872 871; x_wconf 88' lang='lat' dir='ltr'><strong>nec</strong></span> <span class='ocrx_word' id='word_1_85' title='bbox 891 827 945 871; x_wconf 88' lang='lat' dir='ltr'><strong>ad</strong></span> <span class='ocrx_word' id='word_1_86' title='bbox 975 827 1112 886; x_wconf 82' lang='lat' dir='ltr'><strong>ipsam</strong></span> <span class='ocrx_word' id='word_1_87' title='bbox 1133 826 1371 871; x_wconf 77' lang='lat' dir='ltr'><strong>Ecclesiam</strong></span> <span class='ocrx_word' id='word_1_88' title='bbox 1391 827 1595 872; x_wconf 79' lang='lat' dir='ltr'><strong>accedere</strong></span> <span class='ocrx_word' id='word_1_89' title='bbox 1616 827 1739 884; x_wconf 88' lang='lat' dir='ltr'><strong>vult,</strong></span> 
     </span>
     <span class='ocr_line' id='line_1_11' title="bbox 347 897 1742 959; baseline 0.001 -17"><span class='ocrx_word' id='word_1_90' title='bbox 347 914 403 943; x_wconf 88' lang='lat' dir='ltr'><strong>ne</strong></span> <span class='ocrx_word' id='word_1_91' title='bbox 427 898 552 942; x_wconf 87' lang='lat' dir='ltr'><strong>cadat</strong></span> <span class='ocrx_word' id='word_1_92' title='bbox 570 897 737 959; x_wconf 82' lang='lat' dir='ltr'><strong>aliquid</strong></span> <span class='ocrx_word' id='word_1_93' title='bbox 758 897 882 942; x_wconf 84' lang='lat' dir='ltr'><strong>foeni.</strong></span> <span class='ocrx_word' id='word_1_94' title='bbox 909 900 1054 951; x_wconf 83' lang='lat' dir='ltr'><strong>Quare</strong></span> <span class='ocrx_word' id='word_1_95' title='bbox 1072 899 1150 942; x_wconf 88' lang='lat' dir='ltr'><strong>ista</strong></span> <span class='ocrx_word' id='word_1_96' title='bbox 1164 898 1267 953; x_wconf 76' lang='lat' dir='ltr'><strong>dixi,</strong></span> <span class='ocrx_word' id='word_1_97' title='bbox 1284 897 1466 943; x_wconf 80' lang='lat' dir='ltr'><strong>fratres?</strong></span> <span class='ocrx_word' id='word_1_98' title='bbox 1480 899 1590 952; x_wconf 89' lang='lat' dir='ltr'><strong>Quia</strong></span> <span class='ocrx_word' id='word_1_99' title='bbox 1609 899 1742 944; x_wconf 89' lang='lat' dir='ltr'><strong>modo</strong></span> 
     </span>
     <span class='ocr_line' id='line_1_12' title="bbox 347 968 1743 1030; baseline 0.001 -17"><span class='ocrx_word' id='word_1_100' title='bbox 347 969 536 1013; x_wconf 84' lang='lat' dir='ltr'><strong>libenter</strong></span> <span class='ocrx_word' id='word_1_101' title='bbox 560 968 718 1013; x_wconf 89' lang='lat' dir='ltr'><strong>auditis</strong></span> <span class='ocrx_word' id='word_1_102' title='bbox 742 984 893 1013; x_wconf 88' lang='lat' dir='ltr'><strong>omnes</strong></span> <span class='ocrx_word' id='word_1_103' title='bbox 910 969 955 1012; x_wconf 91' lang='lat' dir='ltr'><strong>in</strong></span> <span class='ocrx_word' id='word_1_104' title='bbox 977 969 1154 1013; x_wconf 89' lang='lat' dir='ltr'><strong>nomine</strong></span> <span class='ocrx_word' id='word_1_105' title='bbox 1176 969 1360 1024; x_wconf 81' lang='lat' dir='ltr'>Christi,</span> <span class='ocrx_word' id='word_1_106' title='bbox 1387 978 1431 1013; x_wconf 85' lang='lat' dir='ltr'><strong>ct</strong></span> <span class='ocrx_word' id='word_1_107' title='bbox 1452 970 1743 1030; x_wconf 86' lang='lat' dir='ltr'><strong>quemadmo-</strong></span> 
     </span>
     <span class='ocr_line' id='line_1_13' title="bbox 349 1038 1743 1101; baseline 0.001 -18"><span class='ocrx_word' id='word_1_108' title='bbox 349 1040 455 1084; x_wconf 86' lang='lat' dir='ltr'><strong>dum</strong></span> <span class='ocrx_word' id='word_1_109' title='bbox 489 1038 756 1097; x_wconf 65' lang='lat' dir='ltr'><strong>intelligitis„</strong></span> <span class='ocrx_word' id='word_1_110' title='bbox 788 1040 847 1083; x_wconf 85' lang='lat' dir='ltr'><strong>ita</strong></span> <span class='ocrx_word' id='word_1_111' title='bbox 874 1038 1120 1084; x_wconf 79' lang='lat' dir='ltr'><strong>exclamatis</strong></span> <span class='ocrx_word' id='word_1_112' title='bbox 1157 1040 1212 1084; x_wconf 85' lang='lat' dir='ltr'><strong>ad</strong></span> <span class='ocrx_word' id='word_1_113' title='bbox 1239 1040 1447 1098; x_wconf 78' lang='lat' dir='ltr'><strong>verbum3</strong></span> <span class='ocrx_word' id='word_1_114' title='bbox 1468 1056 1557 1085; x_wconf 90' lang='lat' dir='ltr'><strong>non</strong></span> <span class='ocrx_word' id='word_1_115' title='bbox 1591 1042 1743 1101; x_wconf 85' lang='lat' dir='ltr'><strong>utique</strong></span> 
     </span>
     <span class='ocr_line' id='line_1_14' title="bbox 348 1109 1744 1169; baseline -0.001 -12"><span class='ocrx_word' id='word_1_116' title='bbox 348 1111 643 1157; x_wconf 81' lang='lat' dir='ltr'><strong>acclamaretis</strong></span> <span class='ocrx_word' id='word_1_117' title='bbox 668 1146 679 1166; x_wconf 89' lang='lat'><strong>,</strong></span> <span class='ocrx_word' id='word_1_118' title='bbox 721 1110 801 1155; x_wconf 90' lang='lat' dir='ltr'><strong>nisi</strong></span> <span class='ocrx_word' id='word_1_119' title='bbox 837 1109 1152 1169; x_wconf 80' lang='lat' dir='ltr'><strong>intelligeretis.</strong></span> <span class='ocrx_word' id='word_1_120' title='bbox 1197 1109 1450 1165; x_wconf 84' lang='lat' dir='ltr'><strong>Intellectus</strong></span> <span class='ocrx_word' id='word_1_121' title='bbox 1483 1111 1561 1155; x_wconf 88' lang='lat' dir='ltr'><strong>iste</strong></span> <span class='ocrx_word' id='word_1_122' title='bbox 1604 1121 1744 1156; x_wconf 85' lang='lat' dir='ltr'><strong>vester</strong></span> 
     </span>
     <span class='ocr_line' id='line_1_15' title="bbox 348 1180 1743 1238; baseline -0.002 -9"><span class='ocrx_word' id='word_1_123' title='bbox 348 1183 599 1229; x_wconf 87' lang='lat' dir='ltr'><strong>fructuosus</strong></span> <span class='ocrx_word' id='word_1_124' title='bbox 624 1198 712 1227; x_wconf 90' lang='lat' dir='ltr'><strong>esse</strong></span> <span class='ocrx_word' id='word_1_125' title='bbox 734 1182 882 1227; x_wconf 88' lang='lat' dir='ltr'><strong>debet.</strong></span> <span class='ocrx_word' id='word_1_126' title='bbox 919 1185 1075 1226; x_wconf 82' lang='lat' dir='ltr'><strong>Utrum</strong></span> <span class='ocrx_word' id='word_1_127' title='bbox 1098 1191 1244 1226; x_wconf 82' lang='lat' dir='ltr'><strong>autem</strong></span> <span class='ocrx_word' id='word_1_128' title='bbox 1269 1180 1518 1226; x_wconf 83' lang='lat' dir='ltr'><strong>fructuosus</strong></span> <span class='ocrx_word' id='word_1_129' title='bbox 1540 1182 1617 1238; x_wconf 88' lang='lat' dir='ltr'><strong>sit,</strong></span> <span class='ocrx_word' id='word_1_130' title='bbox 1643 1191 1743 1227; x_wconf 89' lang='lat' dir='ltr'><strong>ten-</strong></span> 
     </span>
     <span class='ocr_line' id='line_1_16' title="bbox 349 1251 1743 1313; baseline -0.002 -14"><span class='ocrx_word' id='word_1_131' title='bbox 349 1256 457 1300; x_wconf 87' lang='lat' dir='ltr'><strong>tatio</strong></span> <span class='ocrx_word' id='word_1_132' title='bbox 479 1256 743 1313; x_wconf 81' lang='lat' dir='ltr'><strong>interrogat,</strong></span> <span class='ocrx_word' id='word_1_133' title='bbox 773 1269 827 1297; x_wconf 88' lang='lat' dir='ltr'><strong>ne</strong></span> <span class='ocrx_word' id='word_1_134' title='bbox 853 1253 1000 1298; x_wconf 88' lang='lat' dir='ltr'><strong>subito</strong></span> <span class='ocrx_word' id='word_1_135' title='bbox 1023 1268 1124 1297; x_wconf 89' lang='lat' dir='ltr'><strong>cum</strong></span> <span class='ocrx_word' id='word_1_136' title='bbox 1147 1251 1342 1297; x_wconf 89' lang='lat' dir='ltr'><strong>dicimini</strong></span> <span class='ocrx_word' id='word_1_137' title='bbox 1365 1253 1524 1307; x_wconf 78' lang='lat' dir='ltr'><strong>nostri,</strong></span> <span class='ocrx_word' id='word_1_138' title='bbox 1546 1268 1623 1312; x_wconf 87' lang='lat' dir='ltr'><strong>per</strong></span> <span class='ocrx_word' id='word_1_139' title='bbox 1644 1262 1743 1297; x_wconf 89' lang='lat' dir='ltr'><strong>ten-</strong></span> 
     </span>
     <span class='ocr_line' id='line_1_17' title="bbox 348 1322 1744 1378; baseline -0.002 -8"><span class='ocrx_word' id='word_1_140' title='bbox 348 1326 557 1370; x_wconf 82' lang='lat' dir='ltr'><strong>tationem</strong></span> <span class='ocrx_word' id='word_1_141' title='bbox 591 1324 874 1369; x_wconf 75' lang='lat' dir='ltr'><strong>inveniamini</strong></span> <span class='ocrx_word' id='word_1_142' title='bbox 902 1322 1057 1378; x_wconf 89' lang='lat' dir='ltr'><strong>alieni,</strong></span> <span class='ocrx_word' id='word_1_143' title='bbox 1083 1332 1127 1367; x_wconf 91' lang='lat' dir='ltr'><strong>et</strong></span> <span class='ocrx_word' id='word_1_144' title='bbox 1148 1322 1318 1367; x_wconf 86' lang='lat' dir='ltr'><strong>dicatur</strong></span> <span class='ocrx_word' id='word_1_145' title='bbox 1346 1343 1354 1368; x_wconf 90' lang='lat'>:</span> <span class='ocrx_word' id='word_1_146' title='bbox 1385 1342 1405 1366; x_wconf 89' lang='lat'>«</span> <span class='ocrx_word' id='word_1_147' title='bbox 1427 1322 1571 1368; x_wconf 86' lang='lat' dir='ltr'><strong>Alieni</strong></span> <span class='ocrx_word' id='word_1_148' title='bbox 1598 1325 1744 1368; x_wconf 89' lang='lat' dir='ltr'><strong>insur-</strong></span> 
     </span>
     <span class='ocr_line' id='line_1_18' title="bbox 350 1395 1744 1455; baseline 0.001 -17"><span class='ocrx_word' id='word_1_149' title='bbox 350 1416 371 1439; x_wconf 85' lang='lat'>»</span> <span class='ocrx_word' id='word_1_150' title='bbox 408 1406 610 1441; x_wconf 76' lang='lat' dir='ltr'><strong>rexerunt</strong></span> <span class='ocrx_word' id='word_1_151' title='bbox 632 1395 860 1440; x_wconf 74' lang='lat' dir='ltr'><strong>adversum</strong></span> <span class='ocrx_word' id='word_1_152' title='bbox 880 1411 964 1450; x_wconf 86' lang='lat' dir='ltr'><strong>me,</strong></span> <span class='ocrx_word' id='word_1_153' title='bbox 983 1404 1025 1438; x_wconf 92' lang='lat' dir='ltr'><strong>et</strong></span> <span class='ocrx_word' id='word_1_154' title='bbox 1048 1404 1247 1454; x_wconf 85' lang='lat' dir='ltr'><strong>potentes</strong></span> <span class='ocrx_word' id='word_1_155' title='bbox 1264 1395 1533 1455; x_wconf 65' lang='lat' dir='ltr'><strong>quaesierunt</strong></span> <span class='ocrx_word' id='word_1_156' title='bbox 1555 1395 1744 1440; x_wconf 89' lang='lat' dir='ltr'><strong>animam</strong></span> 
     </span>
     <span class='ocr_line' id='line_1_19' title="bbox 350 1464 1744 1526; baseline 0 -16"><span class='ocrx_word' id='word_1_157' title='bbox 350 1488 370 1510; x_wconf 86' lang='lat'>»</span> <span class='ocrx_word' id='word_1_158' title='bbox 406 1484 563 1512; x_wconf 88' lang='lat' dir='ltr'><strong>meam.</strong></span> <span class='ocrx_word' id='word_1_159' title='bbox 594 1486 612 1508; x_wconf 67' lang='grc' dir='ltr'>η</span> <span class='ocrx_word' id='word_1_160' title='bbox 641 1470 704 1512; x_wconf 89' lang='lat' dir='ltr'><strong>Ne</strong></span> <span class='ocrx_word' id='word_1_161' title='bbox 738 1466 907 1510; x_wconf 87' lang='lat' dir='ltr'><strong>dicatur</strong></span> <span class='ocrx_word' id='word_1_162' title='bbox 929 1464 1049 1526; x_wconf 92' lang='lat' dir='ltr'><strong>quod</strong></span> <span class='ocrx_word' id='word_1_163' title='bbox 1071 1466 1270 1526; x_wconf 86' lang='lat' dir='ltr'><strong>sequitur</strong></span> <span class='ocrx_word' id='word_1_164' title='bbox 1289 1501 1300 1521; x_wconf 91' lang='lat'><strong>,</strong></span> <span class='ocrx_word' id='word_1_165' title='bbox 1331 1485 1351 1508; x_wconf 91' lang='lat'>«</span> <span class='ocrx_word' id='word_1_166' title='bbox 1380 1468 1479 1511; x_wconf 87' lang='lat' dir='ltr'><strong>Non</strong></span> <span class='ocrx_word' id='word_1_167' title='bbox 1502 1481 1744 1526; x_wconf 87' lang='lat' dir='ltr'><strong>proposue-</strong></span> 
     </span>
     <span class='ocr_line' id='line_1_20' title="bbox 350 1535 1746 1597; baseline 0 -16"><span class='ocrx_word' id='word_1_168' title='bbox 350 1558 372 1581; x_wconf 88' lang='lat'>»</span> <span class='ocrx_word' id='word_1_169' title='bbox 408 1549 511 1583; x_wconf 89' lang='lat' dir='ltr'><strong>runt</strong></span> <span class='ocrx_word' id='word_1_170' title='bbox 534 1542 673 1583; x_wconf 90' lang='lat' dir='ltr'><strong>Deum</strong></span> <span class='ocrx_word' id='word_1_171' title='bbox 692 1546 792 1581; x_wconf 84' lang='lat' dir='ltr'><strong>ante</strong></span> <span class='ocrx_word' id='word_1_172' title='bbox 812 1546 1094 1596; x_wconf 85' lang='lat' dir='ltr'><strong>conspectum</strong></span> <span class='ocrx_word' id='word_1_173' title='bbox 1113 1552 1256 1580; x_wconf 88' lang='lat' dir='ltr'><strong>suum.</strong></span> <span class='ocrx_word' id='word_1_174' title='bbox 1276 1556 1296 1578; x_wconf 93' lang='lat'>»</span> <span class='ocrx_word' id='word_1_175' title='bbox 1319 1535 1507 1590; x_wconf 85' lang='lat' dir='ltr'><strong>Quando</strong></span> <span class='ocrx_word' id='word_1_176' title='bbox 1531 1537 1647 1581; x_wconf 89' lang='lat' dir='ltr'><strong>enim</strong></span> <span class='ocrx_word' id='word_1_177' title='bbox 1669 1553 1746 1597; x_wconf 85' lang='lat' dir='ltr'><strong>po-</strong></span> 
     </span>
     <span class='ocr_line' id='line_1_21' title="bbox 346 1609 1745 1668; baseline -0.001 -13"><span class='ocrx_word' id='word_1_178' title='bbox 346 1620 422 1655; x_wconf 89' lang='lat' dir='ltr'><strong>net</strong></span> <span class='ocrx_word' id='word_1_179' title='bbox 445 1619 545 1654; x_wconf 86' lang='lat' dir='ltr'><strong>ante</strong></span> <span class='ocrx_word' id='word_1_180' title='bbox 567 1618 849 1668; x_wconf 87' lang='lat' dir='ltr'><strong>conspectum</strong></span> <span class='ocrx_word' id='word_1_181' title='bbox 874 1623 1001 1652; x_wconf 92' lang='lat' dir='ltr'><strong>suum</strong></span> <span class='ocrx_word' id='word_1_182' title='bbox 1022 1610 1179 1663; x_wconf 84' lang='lat' dir='ltr'><strong>Deum,</strong></span> <span class='ocrx_word' id='word_1_183' title='bbox 1198 1617 1298 1652; x_wconf 88' lang='lat' dir='ltr'><strong>ante</strong></span> <span class='ocrx_word' id='word_1_184' title='bbox 1317 1609 1440 1668; x_wconf 84' lang='lat' dir='ltr'><strong>cujus</strong></span> <span class='ocrx_word' id='word_1_185' title='bbox 1461 1617 1745 1668; x_wconf 88' lang='lat' dir='ltr'><strong>conspectum</strong></span> 
     </span>
     <span class='ocr_line' id='line_1_22' title="bbox 347 1678 1746 1739; baseline -0.001 -13"><span class='ocrx_word' id='word_1_186' title='bbox 347 1698 437 1726; x_wconf 90' lang='lat' dir='ltr'><strong>non</strong></span> <span class='ocrx_word' id='word_1_187' title='bbox 459 1690 521 1725; x_wconf 83' lang='lat' dir='ltr'><strong>est</strong></span> <span class='ocrx_word' id='word_1_188' title='bbox 541 1681 620 1724; x_wconf 88' lang='lat' dir='ltr'><strong>nisi</strong></span> <span class='ocrx_word' id='word_1_189' title='bbox 641 1679 851 1724; x_wconf 84' lang='lat' dir='ltr'><strong>saeculum</strong></span> <span class='ocrx_word' id='word_1_190' title='bbox 870 1681 888 1722; x_wconf 69' lang='lat' dir='ltr'>P</span> <span class='ocrx_word' id='word_1_191' title='bbox 917 1678 1146 1732; x_wconf 85' lang='lat' dir='ltr'><strong>Quomodo</strong></span> <span class='ocrx_word' id='word_1_192' title='bbox 1165 1679 1220 1723; x_wconf 89' lang='lat' dir='ltr'><strong>sit</strong></span> <span class='ocrx_word' id='word_1_193' title='bbox 1241 1695 1449 1723; x_wconf 88' lang='lat' dir='ltr'><strong>nummus</strong></span> <span class='ocrx_word' id='word_1_194' title='bbox 1467 1695 1596 1739; x_wconf 90' lang='lat' dir='ltr'><strong>super</strong></span> <span class='ocrx_word' id='word_1_195' title='bbox 1613 1696 1746 1724; x_wconf 91' lang='lat' dir='ltr'><strong>num-</strong></span> 
     </span>
     <span class='ocr_line' id='line_1_23' title="bbox 346 1750 1745 1812; baseline -0.001 -15"><span class='ocrx_word' id='word_1_196' title='bbox 346 1768 467 1797; x_wconf 88' lang='lat' dir='ltr'><strong>mum</strong></span> <span class='ocrx_word' id='word_1_197' title='bbox 489 1787 499 1807; x_wconf 92' lang='lat'><strong>,</strong></span> <span class='ocrx_word' id='word_1_198' title='bbox 525 1750 748 1812; x_wconf 82' lang='lat' dir='ltr'><strong>quomodo</strong></span> <span class='ocrx_word' id='word_1_199' title='bbox 772 1759 1016 1809; x_wconf 81' lang='lat' dir='ltr'><strong>augeantur</strong></span> <span class='ocrx_word' id='word_1_200' title='bbox 1040 1766 1210 1809; x_wconf 79' lang='lat' dir='ltr'><strong>greges,</strong></span> <span class='ocrx_word' id='word_1_201' title='bbox 1234 1750 1457 1810; x_wconf 85' lang='lat' dir='ltr'><strong>quomodo</strong></span> <span class='ocrx_word' id='word_1_202' title='bbox 1478 1750 1745 1810; x_wconf 84' lang='lat' dir='ltr'><strong>impleantur</strong></span> 
     </span>
     <span class='ocr_line' id='line_1_24' title="bbox 349 1819 1740 1883; baseline -0.001 -16"><span class='ocrx_word' id='word_1_203' title='bbox 349 1823 573 1883; x_wconf 82' lang='lat' dir='ltr'><strong>apothecae</strong></span> <span class='ocrx_word' id='word_1_204' title='bbox 590 1858 600 1877; x_wconf 84' lang='lat'><strong>,</strong></span> <span class='ocrx_word' id='word_1_205' title='bbox 622 1819 846 1882; x_wconf 84' lang='lat' dir='ltr'><strong>quomodo</strong></span> <span class='ocrx_word' id='word_1_206' title='bbox 869 1820 1040 1864; x_wconf 85' lang='lat' dir='ltr'><strong>dicatur</strong></span> <span class='ocrx_word' id='word_1_207' title='bbox 1064 1821 1220 1864; x_wconf 85' lang='lat' dir='ltr'><strong>animae</strong></span> <span class='ocrx_word' id='word_1_208' title='bbox 1241 1841 1249 1864; x_wconf 90' lang='lat'>:</span> <span class='ocrx_word' id='word_1_209' title='bbox 1277 1821 1421 1865; x_wconf 87' lang='lat' dir='ltr'><strong>Habes</strong></span> <span class='ocrx_word' id='word_1_210' title='bbox 1442 1821 1580 1866; x_wconf 87' lang='lat' dir='ltr'><strong>multa</strong></span> <span class='ocrx_word' id='word_1_211' title='bbox 1604 1821 1740 1878; x_wconf 86' lang='lat' dir='ltr'><strong>bona,</strong></span> 
     </span>
     <span class='ocr_line' id='line_1_25' title="bbox 343 1890 1742 1955; baseline 0.001 -18"><span class='ocrx_word' id='word_1_212' title='bbox 343 1893 618 1955; x_wconf 76' lang='lat' dir='ltr'><strong>jucundare,</strong></span> <span class='ocrx_word' id='word_1_213' title='bbox 659 1891 836 1951; x_wconf 87' lang='lat' dir='ltr'><strong>epulare</strong></span> <span class='ocrx_word' id='word_1_214' title='bbox 852 1927 862 1945; x_wconf 89' lang='lat'><strong>,</strong></span> <span class='ocrx_word' id='word_1_215' title='bbox 895 1892 1061 1934; x_wconf 85' lang='lat' dir='ltr'><strong>satiare.</strong></span> <span class='ocrx_word' id='word_1_216' title='bbox 1089 1890 1315 1951; x_wconf 82' lang='lat' dir='ltr'><strong>Numquid</strong></span> <span class='ocrx_word' id='word_1_217' title='bbox 1337 1892 1461 1950; x_wconf 90' lang='lat' dir='ltr'><strong>ponit</strong></span> <span class='ocrx_word' id='word_1_218' title='bbox 1493 1901 1593 1936; x_wconf 89' lang='lat' dir='ltr'><strong>ante</strong></span> <span class='ocrx_word' id='word_1_219' title='bbox 1614 1908 1742 1938; x_wconf 89' lang='lat' dir='ltr'><strong>cons-</strong></span> 
     </span>
     <span class='ocr_line' id='line_1_26' title="bbox 346 1960 1743 2025; baseline 0.001 -18"><span class='ocrx_word' id='word_1_220' title='bbox 346 1974 522 2025; x_wconf 85' lang='lat' dir='ltr'><strong>pectum</strong></span> <span class='ocrx_word' id='word_1_221' title='bbox 547 1978 673 2006; x_wconf 88' lang='lat' dir='ltr'><strong>suum</strong></span> <span class='ocrx_word' id='word_1_222' title='bbox 703 1960 827 2004; x_wconf 81' lang='lat' dir='ltr'><strong>illum</strong></span> <span class='ocrx_word' id='word_1_223' title='bbox 851 1961 927 2021; x_wconf 78' lang='lat' dir='ltr'><strong>qui</strong></span> <span class='ocrx_word' id='word_1_224' title='bbox 955 1961 1013 2005; x_wconf 90' lang='lat' dir='ltr'><strong>sic</strong></span> <span class='ocrx_word' id='word_1_225' title='bbox 1037 1961 1239 2020; x_wconf 77' lang='lat' dir='ltr'><strong>glorianti</strong></span> <span class='ocrx_word' id='word_1_226' title='bbox 1264 1972 1306 2006; x_wconf 88' lang='lat' dir='ltr'><strong>et</strong></span> <span class='ocrx_word' id='word_1_227' title='bbox 1328 1962 1386 2006; x_wconf 87' lang='lat' dir='ltr'><strong>ita</strong></span> <span class='ocrx_word' id='word_1_228' title='bbox 1410 1963 1517 2007; x_wconf 89' lang='lat' dir='ltr'><strong>ssore</strong></span> <span class='ocrx_word' id='word_1_229' title='bbox 1540 1963 1743 2023; x_wconf 81' lang='lat' dir='ltr'><strong>Ziphaeo-</strong></span> 
     </span>
     <span class='ocr_line' id='line_1_27' title="bbox 346 2030 1744 2093; baseline 0 -14"><span class='ocrx_word' id='word_1_230' title='bbox 346 2050 445 2079; x_wconf 83' lang='lat' dir='ltr'><strong>rum</strong></span> <span class='ocrx_word' id='word_1_231' title='bbox 477 2033 632 2077; x_wconf 88' lang='lat' dir='ltr'><strong>nitenti</strong></span> <span class='ocrx_word' id='word_1_232' title='bbox 651 2031 756 2076; x_wconf 86' lang='lat' dir='ltr'><strong>dicit</strong></span> <span class='ocrx_word' id='word_1_233' title='bbox 778 2051 786 2076; x_wconf 89' lang='lat'>:</span> <span class='ocrx_word' id='word_1_234' title='bbox 817 2051 836 2072; x_wconf 83' lang='lat'>«</span> <span class='ocrx_word' id='word_1_235' title='bbox 860 2030 1000 2076; x_wconf 84' lang='lat' dir='ltr'><strong>Stulte</strong></span> <span class='ocrx_word' id='word_1_236' title='bbox 1017 2067 1027 2086; x_wconf 90' lang='lat'><strong>,</strong></span> <span class='ocrx_word' id='word_1_237' title='bbox 1056 2033 1137 2076; x_wconf 89' lang='lat' dir='ltr'><strong>hoc</strong></span> <span class='ocrx_word' id='word_1_238' title='bbox 1156 2042 1242 2087; x_wconf 90' lang='lat' dir='ltr'><strong>est,</strong></span> <span class='ocrx_word' id='word_1_239' title='bbox 1269 2049 1359 2077; x_wconf 87' lang='lat' dir='ltr'><strong>non</strong></span> <span class='ocrx_word' id='word_1_240' title='bbox 1380 2033 1651 2093; x_wconf 82' lang='lat' dir='ltr'><strong>intelligens,</strong></span> <span class='ocrx_word' id='word_1_241' title='bbox 1677 2035 1744 2079; x_wconf 90' lang='lat' dir='ltr'><strong>vir</strong></span> 
     </span>
     <span class='ocr_line' id='line_1_28' title="bbox 349 2101 1742 2164; baseline 0.002 -17"><span class='ocrx_word' id='word_1_242' title='bbox 349 2124 370 2147; x_wconf 83' lang='lat'>»</span> <span class='ocrx_word' id='word_1_243' title='bbox 406 2103 676 2164; x_wconf 84' lang='lat' dir='ltr'><strong>imprudens,</strong></span> <span class='ocrx_word' id='word_1_244' title='bbox 691 2103 772 2147; x_wconf 86' lang='lat' dir='ltr'><strong>hac</strong></span> <span class='ocrx_word' id='word_1_245' title='bbox 793 2111 921 2146; x_wconf 86' lang='lat' dir='ltr'><strong>nocte</strong></span> <span class='ocrx_word' id='word_1_246' title='bbox 944 2101 1166 2147; x_wconf 80' lang='lat' dir='ltr'><strong>auferetur</strong></span> <span class='ocrx_word' id='word_1_247' title='bbox 1188 2104 1332 2149; x_wconf 88' lang='lat' dir='ltr'><strong>anima</strong></span> <span class='ocrx_word' id='word_1_248' title='bbox 1356 2114 1455 2163; x_wconf 79' lang='lat' dir='ltr'><strong>tua3</strong></span> <span class='ocrx_word' id='word_1_249' title='bbox 1479 2106 1574 2150; x_wconf 81' lang='lat' dir='ltr'><strong>haec</strong></span> <span class='ocrx_word' id='word_1_250' title='bbox 1598 2109 1742 2152; x_wconf 89' lang='lat' dir='ltr'><strong>omnia</strong></span> 
     </span>
     <span class='ocr_line' id='line_1_29' title="bbox 350 2174 1741 2236; baseline 0.002 -18"><span class='ocrx_word' id='word_1_251' title='bbox 350 2196 370 2218; x_wconf 70' lang='lat' dir='ltr'><strong>n</strong></span> <span class='ocrx_word' id='word_1_252' title='bbox 405 2192 506 2236; x_wconf 88' lang='lat' dir='ltr'><strong>quae</strong></span> <span class='ocrx_word' id='word_1_253' title='bbox 530 2174 779 2234; x_wconf 81' lang='lat' dir='ltr'><strong>praeparasti</strong></span> <span class='ocrx_word' id='word_1_254' title='bbox 803 2175 926 2234; x_wconf 81' lang='lat' dir='ltr'><strong>cujus</strong></span> <span class='ocrx_word' id='word_1_255' title='bbox 943 2176 1095 2218; x_wconf 84' lang='lat' dir='ltr'><strong>erunt¹</strong></span> <span class='ocrx_word' id='word_1_256' title='bbox 1111 2177 1236 2220; x_wconf 73' lang='lat' dir='ltr'><strong>PNon</strong></span> <span class='ocrx_word' id='word_1_257' title='bbox 1256 2185 1580 2236; x_wconf 86' lang='lat' dir='ltr'><strong>proposuerunt</strong></span> <span class='ocrx_word' id='word_1_258' title='bbox 1602 2180 1741 2222; x_wconf 90' lang='lat' dir='ltr'><strong>Deum</strong></span> 
     </span>
     <span class='ocr_line' id='line_1_30' title="bbox 350 2255 1028 2305; baseline -0.003 -17"><span class='ocrx_word' id='word_1_259' title='bbox 350 2266 371 2288; x_wconf 91' lang='lat'>»</span> <span class='ocrx_word' id='word_1_260' title='bbox 407 2255 508 2291; x_wconf 88' lang='lat' dir='ltr'><strong>ante</strong></span> <span class='ocrx_word' id='word_1_261' title='bbox 530 2255 813 2305; x_wconf 84' lang='lat' dir='ltr'><strong>conspectum</strong></span> <span class='ocrx_word' id='word_1_262' title='bbox 836 2260 978 2288; x_wconf 91' lang='lat' dir='ltr'><strong>suum.</strong></span> <span class='ocrx_word' id='word_1_263' title='bbox 1009 2263 1028 2286; x_wconf 87' lang='lat'>»</span> 
     </span>
    </p>

    <p class='ocr_par' dir='ltr' id='par_1_3' title="bbox 346 2316 1741 2518">
     <span class='ocr_line' id='line_1_31' title="bbox 407 2316 1741 2378; baseline 0.001 -17"><span class='ocrx_word' id='word_1_264' title='bbox 407 2320 529 2361; x_wconf 70' lang='lat' dir='ltr'><strong>vlll.</strong></span> <span class='ocrx_word' id='word_1_265' title='bbox 555 2337 572 2358; x_wconf 91' lang='lat'>«</span> <span class='ocrx_word' id='word_1_266' title='bbox 588 2320 698 2361; x_wconf 88' lang='lat' dir='ltr'><strong>Ecce</strong></span> <span class='ocrx_word' id='word_1_267' title='bbox 721 2317 836 2360; x_wconf 88' lang='lat' dir='ltr'><strong>enim</strong></span> <span class='ocrx_word' id='word_1_268' title='bbox 856 2319 968 2360; x_wconf 87' lang='lat' dir='ltr'><strong>Deus</strong></span> <span class='ocrx_word' id='word_1_269' title='bbox 991 2316 1167 2377; x_wconf 85' lang='lat' dir='ltr'><strong>adjuvat</strong></span> <span class='ocrx_word' id='word_1_270' title='bbox 1188 2320 1303 2361; x_wconf 65' lang='lat' dir='ltr'><strong>me‘2.</strong></span> <span class='ocrx_word' id='word_1_271' title='bbox 1327 2336 1346 2358; x_wconf 88' lang='lat'>»</span> <span class='ocrx_word' id='word_1_272' title='bbox 1365 2320 1422 2362; x_wconf 89' lang='lat' dir='ltr'><strong>Et</strong></span> <span class='ocrx_word' id='word_1_273' title='bbox 1437 2318 1518 2378; x_wconf 86' lang='lat' dir='ltr'><strong>ipsi</strong></span> <span class='ocrx_word' id='word_1_274' title='bbox 1540 2319 1741 2364; x_wconf 89' lang='lat' dir='ltr'><strong>nesciunt</strong></span> 
     </span>
     <span class='ocr_line' id='line_1_32' title="bbox 346 2386 1740 2447; baseline 0.001 -16"><span class='ocrx_word' id='word_1_275' title='bbox 346 2388 460 2431; x_wconf 88' lang='lat' dir='ltr'><strong>inter</strong></span> <span class='ocrx_word' id='word_1_276' title='bbox 497 2402 606 2447; x_wconf 91' lang='lat' dir='ltr'><strong>qnos</strong></span> <span class='ocrx_word' id='word_1_277' title='bbox 641 2386 769 2430; x_wconf 86' lang='lat' dir='ltr'><strong>lateo.</strong></span> <span class='ocrx_word' id='word_1_278' title='bbox 811 2387 853 2431; x_wconf 89' lang='lat' dir='ltr'><strong>Si</strong></span> <span class='ocrx_word' id='word_1_279' title='bbox 883 2396 1028 2430; x_wconf 85' lang='lat' dir='ltr'><strong>autem</strong></span> <span class='ocrx_word' id='word_1_280' title='bbox 1049 2396 1091 2430; x_wconf 92' lang='lat' dir='ltr'><strong>et</strong></span> <span class='ocrx_word' id='word_1_281' title='bbox 1113 2387 1192 2446; x_wconf 85' lang='lat' dir='ltr'><strong>ipsi</strong></span> <span class='ocrx_word' id='word_1_282' title='bbox 1226 2399 1439 2447; x_wconf 78' lang='lat' dir='ltr'><strong>ponerent</strong></span> <span class='ocrx_word' id='word_1_283' title='bbox 1476 2392 1616 2433; x_wconf 91' lang='lat' dir='ltr'><strong>Deum</strong></span> <span class='ocrx_word' id='word_1_284' title='bbox 1640 2399 1740 2434; x_wconf 88' lang='lat' dir='ltr'><strong>ante</strong></span> 
     </span>
     <span class='ocr_line' id='line_1_33' title="bbox 346 2456 1737 2518; baseline 0.001 -16"><span class='ocrx_word' id='word_1_285' title='bbox 346 2466 629 2516; x_wconf 84' lang='lat' dir='ltr'><strong>conspectum</strong></span> <span class='ocrx_word' id='word_1_286' title='bbox 649 2472 794 2512; x_wconf 85' lang='lat' dir='ltr'><strong>suum,</strong></span> <span class='ocrx_word' id='word_1_287' title='bbox 810 2456 1055 2502; x_wconf 89' lang='lat' dir='ltr'><strong>invenirent</strong></span> <span class='ocrx_word' id='word_1_288' title='bbox 1072 2457 1447 2516; x_wconf 84' lang='lat' dir='ltr'><strong>quemadmodum</strong></span> <span class='ocrx_word' id='word_1_289' title='bbox 1470 2474 1539 2503; x_wconf 89' lang='lat' dir='ltr'><strong>me</strong></span> <span class='ocrx_word' id='word_1_290' title='bbox 1557 2459 1737 2518; x_wconf 83' lang='lat' dir='ltr'><strong>adjuvat</strong></span> 
     </span>
    </p>
   </div>
   <div class='ocr_carea' id='block_1_3' title="bbox 399 2547 996 2589">
    <p class='ocr_par' dir='ltr' id='par_1_4' title="bbox 399 2547 996 2589">
     <span class='ocr_line' id='line_1_34' title="bbox 399 2547 996 2589; baseline -0.003 -10"><span class='ocrx_word' id='word_1_291' title='bbox 399 2556 404 2569; x_wconf 93' lang='lat'><strong>¹</strong></span> <span class='ocrx_word' id='word_1_292' title='bbox 428 2550 504 2579; x_wconf 69' lang='lat' dir='ltr'><strong>Luc.</strong></span> <span class='ocrx_word' id='word_1_293' title='bbox 526 2560 580 2589; x_wconf 65' lang='lat' dir='ltr'><strong>xn,</strong></span> <span class='ocrx_word' id='word_1_294' title='bbox 601 2557 654 2580; x_wconf 47' lang='grc' dir='ltr'><strong>νο.</strong></span> <span class='ocrx_word' id='word_1_295' title='bbox 680 2565 718 2570; x_wconf 86' lang='lat'><strong>—-</strong></span> <span class='ocrx_word' id='word_1_296' title='bbox 739 2555 751 2569; x_wconf 77' lang='lat'>²</span> <span class='ocrx_word' id='word_1_297' title='bbox 771 2547 850 2580; x_wconf 79' lang='lat' dir='ltr'><strong>Psal.</strong></span> <span class='ocrx_word' id='word_1_298' title='bbox 871 2559 937 2587; x_wconf 70' lang='lat' dir='ltr'><strong>Lm,</strong></span> <span class='ocrx_word' id='word_1_299' title='bbox 964 2549 996 2578; x_wconf 70' lang='grc' dir='ltr'><strong>(ἱ,</strong></span> 
     </span>
    </p>
   </div>
  </div>
 </body>
</html>
