1841 3223
403 247 644 278 ENARRATIO
676 251 721 277 IN
754 247 956 276 rsALMUM
990 248 1078 275 xm.
1369 233 1458 273 235

73 327 196 377 gunt.
215 317 341 362 Unde
358 318 447 378 jam
472 331 544 360 eos
568 316 644 375 qui
672 313 918 359 desiderant
932 314 1053 358 hunc
1083 310 1250 358 fontem
1275 311 1392 367 vitae,
1417 320 1461 356 et

72 387 175 432 inde
209 386 373 448 aliquid
418 394 632 446 carpunt,
673 383 895 445 aloquitur
926 383 1160 444 Apostolus
1199 383 1457 438 obsecrans,

72 467 117 503 et
138 458 269 503 dicit:
300 476 320 500 «
346 459 404 502 Ut
420 457 512 517 jam
534 470 624 500 non
645 455 876 499 ambuletis
904 455 1016 499 sicut
1051 463 1093 498 et
1116 463 1266 514 gentes
1303 453 1462 498 ambu-

74 547 96 571 »
129 529 223 574 lant
258 528 304 572 in
339 527 532 572 vanitate
566 525 723 570 mentis
756 538 868 580 suae,
902 524 1121 569 obscurati
1150 523 1461 584 intelligentia,

76 617 97 641 »
122 598 296 644 alienati
308 614 332 643 a
348 598 436 643 vita
450 597 529 642 Dei
545 596 935 657 perignorantiam,
959 610 1058 655 quae
1077 603 1140 639 est
1160 594 1318 649 inillis,
1337 609 1465 654 prop-

76 687 97 712 »
119 678 186 714 ter
196 669 432 714 caecitatem
446 667 587 713 cordis
605 668 797 727 ipsorum
807 667 867 710 1.»
877 665 919 711 Si
936 679 1037 724 ergo
1048 664 1112 709 illi
1128 664 1348 709 obscurati
1366 673 1469 709 sunt

74 740 357 800 intelligentia
373 775 384 796 ,
409 739 455 785 id
476 748 541 784 est
560 774 571 795 ,
597 739 700 800 quia
722 754 812 783 non
832 736 1111 796 intelligunt,
1143 736 1433 781 obscurantur
1453 755 1462 780 :

75 825 177 870 ergo
194 811 271 871 qui
287 809 541 870 intelligunt
574 809 893 854 illuminantur.
918 809 1055 854 Curre
1078 805 1133 851 ad
1160 806 1324 862 fontes,
1350 806 1466 850 desi-

75 881 179 926 dera
195 897 408 943 aquarum
439 880 596 926 fontes.
625 880 758 940 Apud
787 882 928 924 Deum
949 887 1013 922 est
1034 876 1131 923 fons
1151 877 1251 922 vitae
1272 885 1316 921 et
1334 876 1466 922 insic-

74 951 225 998 cabilis
246 951 344 997 fons
369 972 378 997 ε
404 952 451 996 in
478 951 593 996 illius
623 950 721 996 luce
749 950 900 994 lumen
926 947 1260 994 inobscurabile.
1295 951 1467 992 Lumen

74 1023 159 1068 hoc
178 1022 374 1068 desidera
388 1057 400 1078 ,
423 1020 660 1083 quemdam
693 1020 882 1076 sontem,
919 1018 1144 1080 quoddam
1165 1017 1317 1063 lumen
1338 1017 1469 1077 quale

75 1109 166 1139 non
185 1102 351 1139 norunt
374 1092 491 1139 oculi
511 1092 602 1150 tui,
627 1092 699 1136 cui
720 1091 876 1135 lumini
896 1088 1088 1135 videndo
1110 1088 1262 1134 oculus
1289 1088 1469 1133 interior

75 1173 360 1224 praeparatur,
391 1163 462 1208 cui
485 1161 598 1207 sonti
625 1160 867 1206 hauriendo
897 1160 985 1204 sitis
1011 1159 1190 1204 interior
1217 1155 1463 1204 inardescit.

76 1228 213 1280 Curre
235 1235 290 1279 ad
311 1234 503 1289 fontem,
533 1233 730 1277 desidera
756 1231 921 1277 fontem
945 1252 956 1288 ς
981 1230 1057 1275 sed
1086 1229 1176 1275 noli
1197 1239 1466 1289 utcumque,

77 1304 168 1351 noli
193 1313 245 1349 ut
277 1303 598 1366 qualecumque
630 1301 791 1347 animal
823 1316 1022 1359 currere,
1056 1310 1105 1345 ut
1139 1316 1291 1345 cervus
1322 1316 1463 1345 curre.

77 1375 194 1430 Quid
211 1385 275 1420 est
286 1409 299 1431 ,
315 1384 366 1420 ut
387 1377 571 1421 cervus?
588 1376 686 1420 Non
703 1374 757 1418 sit
775 1373 954 1417 tarditas
971 1372 1016 1416 in
1031 1371 1263 1427 currendo,
1284 1371 1468 1431 impigre

8 1467 17 1487 <e
76 1462 226 1502 curre,
258 1447 440 1508 impigre
462 1446 657 1491 desidera
678 1445 863 1490 fontem.
890 1443 1141 1488 Invenimus
1164 1443 1279 1487 enim
1302 1443 1470 1502 insigne

15 1524 17 1530 '
79 1515 320 1562 velocitatis
340 1516 387 1560 in
409 1530 553 1561 cervo.

136 1589 217 1631 ΙΙΙ.
246 1585 330 1632 Sed
355 1585 468 1632 forte
501 1601 592 1631 non
624 1586 709 1631 hoc
745 1585 966 1645 Scriptura
989 1584 1129 1630 solum
1158 1599 1237 1629 nos
1266 1584 1312 1628 in
1340 1599 1469 1630 cervo

78 1656 350 1706 considerare
376 1656 540 1713 voluit,
575 1655 652 1701 sed
672 1666 714 1700 et
740 1656 874 1700 aliud.
905 1655 1023 1700 Audi
1054 1653 1163 1716 quid
1192 1654 1311 1698 aliud
1340 1655 1470 1698 estin

78 1742 221 1789 cervo,
244 1729 471 1787 Serpentes
485 1735 628 1782 necat,
646 1735 688 1771 et
699 1735 798 1785 post
809 1726 1075 1786 serpentium
1089 1725 1470 1785 interemptionem

79 1798 230 1860 majori
258 1798 326 1842 siti
362 1796 618 1853 inardescit,
653 1797 890 1858 peremptis
931 1796 1203 1856 serpentibus
1238 1796 1294 1840 ad
1327 1796 1472 1841 fontes

80 1868 219 1930 acrius
240 1868 390 1913 currit.
417 1870 644 1929 Serpentes
660 1868 764 1912 vitia
786 1876 861 1911 tua
879 1876 1003 1911 sunt:
1024 1882 1232 1912 consume
1249 1875 1469 1927 serpentes

79 1939 343 2000 iniquitatis,
383 1948 489 1984 tunc
526 1937 710 1999 amplius
749 1937 1015 1983 desiderabis
1053 1936 1222 1982 fontem
1258 1937 1465 1982 veritatis.

79 2009 269 2054 Avaritia
292 2008 406 2054 forte
426 2010 473 2054 in
493 2019 537 2054 te
564 2010 845 2054 tenebrosum
871 2008 1036 2069 aliquid
1069 2007 1235 2064 sibilat,
1262 2017 1305 2053 et
1326 2007 1470 2053 sibilat

16 2105 19 2135 ς
80 2079 282 2124 adversus
298 2080 483 2125 verbum
505 2081 599 2136 Dei,
617 2080 761 2124 sibilat
783 2080 987 2125 adversus
1009 2088 1278 2140 praeceptum
1297 2079 1374 2124 Dei
1397 2099 1406 2124 ε
1427 2087 1471 2124 ct

16 2163 19 2188 f
81 2151 183 2213 quia
205 2151 284 2195 tibi
305 2150 494 2195 dicitur:
522 2152 764 2196 Contemne
799 2150 986 2211 aliquid,
1018 2166 1074 2195 ne
1096 2150 1227 2195 facias
1258 2150 1469 2210 iniquita-

16 2246 18 2250 ·
82 2230 170 2266 tem
190 2241 198 2267 :
221 2222 256 2266 si
276 2222 410 2272 mavis
426 2221 567 2266 facere
588 2222 865 2283 iniquitatem
885 2257 896 2278 ,
921 2237 1054 2282 quam
1072 2221 1250 2282 aliquod
1272 2236 1469 2266 commo-

82 2291 190 2346 dum
220 2294 457 2352 temporale
486 2301 790 2347 contemnere,
820 2292 1010 2336 morderi
1039 2291 1159 2351 eligis
1188 2308 1212 2336 a
1240 2301 1438 2351 serpente
1455 2326 1468 2347 ,

82 2377 214 2422 quam
234 2364 445 2423 perimere
466 2372 728 2423 serpentem.
760 2365 872 2408 Cum
893 2378 995 2422 ergo
1024 2362 1168 2407 adhuc
1191 2362 1337 2407 faveas
1366 2363 1471 2408 vitio

82 2441 181 2497 tuo,
206 2433 434 2493 cupiditati
454 2442 543 2477 tuoe
559 2469 570 2489 ,
596 2434 785 2478 avaritiae
812 2443 901 2477 tuae
916 2469 926 2489 ,
958 2434 1146 2492 serpenti
1167 2442 1267 2488 tuo,
1292 2434 1471 2494 quando

17 2526 19 2538 2
82 2502 128 2546 in
146 2511 187 2547 te
209 2503 383 2548 invenio
406 2503 490 2547 tale
504 2502 784 2558 desiderium,
803 2519 892 2563 quo
917 2519 1063 2547 curras
1081 2502 1135 2548 ad
1157 2502 1324 2549 fontem
1339 2519 1470 2564 aqua-

133 2594 141 2608 ¹
164 2587 418 2630 Ephes.1v‚17‚
442 2588 493 2620 18*
