1841 3223
417 162 498 200 465
849 174 881 199 s.
919 172 1149 199 AL'GUSTILU
1182 174 1362 200 Erlscom

412 238 603 297 sequaris
625 272 634 290 7
667 246 709 280 ct
742 246 904 281 sacrata
930 236 1026 281 vela
1058 246 1324 281 contemnas.
1362 239 1609 282 Discussum
1640 253 1802 282 nomen

413 309 458 351 in
476 307 646 351 Psalmo
671 306 745 350 illo
759 342 769 361 7
802 306 922 367 quod
944 317 1007 351 est
1035 308 1287 351 Abimelcch
1305 343 1316 362 7
1337 308 1558 352 invenitur
1587 309 1801 368 interpre-

413 387 575 432 tatum,
611 377 747 421 Patris
779 378 862 421 mei
894 393 1093 436 regnum.
1131 378 1362 431 Quomodo
1394 388 1536 422 autem
1572 380 1704 438 patris
1737 380 1803 423 sui

413 464 597 507 regnum
620 448 781 492 dimisit
813 449 973 503 David,
1013 459 1055 492 ct
1092 449 1227 503 abiit,
1260 450 1339 493 nisi
1363 448 1585 509 quomodo
1609 451 1804 495 Christus

413 534 596 577 regnum
627 517 884 563 Judaeorum
908 519 1090 573 dimisit,
1117 529 1159 563 et
1182 518 1236 562 ad
1259 521 1418 563 Gentes
1452 521 1674 565 transivit?
1694 521 1804 565 Hinc

414 588 604 633 fortassis
647 589 778 633 etiam
821 589 1101 648 propheticus
1143 590 1326 648 Spiritus
1370 591 1586 635 ascribens
1626 589 1804 634 titulum

410 659 581 704 Psalmo
600 659 701 703 huic
714 695 729 714 ,
753 659 890 703 voluit
917 668 964 703 ut
982 675 1072 703 non
1095 660 1260 704 diceret
1276 661 1558 706 Achimelech
1574 697 1585 716 7
1604 662 1679 705 scd
1697 661 1805 706 Abi-

411 729 580 774 melech
597 765 607 784 7
633 730 735 790 quia
754 730 932 789 quando
956 730 1074 773 venit
1097 729 1229 774 David
1252 730 1307 774 ad
1336 731 1467 790 patris
1498 732 1563 776 sui
1592 729 1774 791 regnum
1792 767 1802 786 7

412 810 518 845 tunc
541 809 604 844 οεῖ
622 799 841 860 proditus,
868 800 951 843 1100
975 809 1038 844 οεῖ
1068 800 1248 860 quando
1277 801 1398 845 venit
1420 802 1626 846 Dominus
1661 811 1807 846 noster

412 874 534 915 Jcsus
556 871 752 916 Christus
781 870 837 914 ad
861 886 1045 929 regnum
1079 871 1334 915 Judaeorum
1358 872 1606 916 institutum
1628 889 1652 917 a
1682 876 1807 917 Patre

411 959 490 987 suo
507 977 517 997 7
541 943 596 986 dc
635 957 724 1002 quo
747 942 879 986 dicit:
915 962 934 983 «
960 942 1197 986 Auferetur
1227 959 1250 986 a
1273 943 1396 987 vobis
1429 960 1609 1003 regnum
1636 945 1709 988 Dci
1729 980 1740 1000 7
1766 953 1809 988 et

415 1032 435 1055 »
457 1013 633 1058 dabitur
652 1014 769 1072 genti
791 1013 969 1058 facienti
1001 1013 1169 1058 fructus
1194 1015 1286 1074 ejus
1308 1024 1351 1058 et
1381 1016 1665 1075 justitian1¹.)›
1704 1026 1808 1061 tunc

413 1094 476 1129 est
494 1084 692 1144 proditus
714 1085 844 1128 morti
860 1119 870 1139 7
909 1100 1041 1144 quam
1064 1085 1277 1142 significat
1301 1085 1418 1130 Saiil.
1457 1089 1554 1131 Non
1577 1096 1641 1131 est
1662 1097 1808 1131 autem

414 1156 580 1200 occisus
595 1159 611 1181 '2
628 1190 639 1211 7
666 1155 777 1199 sicut
794 1170 873 1199 nec
893 1158 1010 1199 Isaac
1026 1191 1037 1210 7
1063 1171 1165 1198 cum
1188 1164 1231 1199 et
1252 1156 1342 1215 ipsc
1370 1157 1612 1215 passionem
1637 1158 1810 1202 Domini

415 1227 649 1286 figuraret,
685 1242 765 1270 nec
788 1236 934 1270 tamen
957 1227 1048 1270 sine
1077 1226 1286 1284 sanguine
1321 1228 1459 1286 figura
1492 1237 1707 1273 transacta
1728 1238 1806 1284 est,

414 1297 485 1343 vel
501 1298 562 1341 ibi
576 1297 691 1341 illius
713 1298 884 1341 arietis³
901 1333 912 1352 ,
938 1296 1009 1341 vel
1038 1297 1106 1341 hic
1137 1297 1417 1342 Achimelech
1449 1299 1696 1344 sacerdotis.
1726 1303 1811 1345 Ne-

415 1384 502 1429 que
528 1368 644 1412 enim
665 1368 805 1412 occidi
836 1367 1031 1427 oportuit
1054 1382 1151 1422 eos,
1183 1383 1292 1428 quos
1322 1376 1428 1412 tunc
1467 1384 1690 1429 resurgere
1722 1386 1813 1414 nou

416 1439 647 1500 oportebat
674 1458 682 1482 :
701 1438 777 1482 sed
800 1454 952 1482 eorum
975 1437 1108 1481 vitam
1128 1453 1149 1481 a
1173 1438 1323 1482 mortis
1344 1439 1563 1498 periculo,
1589 1450 1811 1485 verumta-

417 1527 519 1555 men
538 1510 677 1554 ess'uso
691 1510 920 1568 sanguine,
937 1508 1125 1552 liberans
1138 1512 1162 1553 J
1167 1525 1262 1553 esus
1287 1511 1646 1555 resurrectionem
1669 1513 1812 1572 potius

417 1580 711 1641 significabat,
733 1596 832 1640 quae
853 1580 937 1624 1100
956 1579 1086 1623 modo
1105 1579 1151 1622 in
1171 1579 1255 1623 illis
1270 1580 1562 1638 figurabatur,
1587 1583 1688 1642 quia
1710 1597 1813 1627 vero

419 1654 605 1698 Domino
628 1653 895 1696 servabatur.
930 1650 1060 1695 Plura
1088 1650 1192 1696 hinc
1214 1650 1300 1696 dici
1336 1662 1536 1712 possent,
1579 1654 1612 1698 si
1640 1654 1815 1698 illarum

419 1738 564 1768 rerum
588 1732 805 1782 gestarum
827 1722 873 1766 in
894 1722 978 1766 hoc
999 1737 1198 1766 sermone
1225 1723 1560 1782 suscepissemus
1590 1724 1816 1770 tractanda

421 1794 641 1853 mysteria.

479 1867 556 1909 VI.
593 1866 719 1909 Nunc
743 1865 833 1923 jam
862 1862 1091 1907 audiamus
1127 1863 1206 1907 ista
1245 1863 1334 1908 duo
1371 1879 1527 1922 genera
1559 1866 1811 1922 hominum,

423 1934 782 1998 quandoquidem
804 1935 858 1978 de
882 1933 1011 1978 titulo
1027 1970 1038 1987 7
1060 1934 1156 1989 isto,
1198 1944 1242 1978 et
1269 1933 1303 1978 si
1325 1936 1546 1994 operosius
1572 1947 1616 1981 et
1636 1936 1816 1982 fortasse

422 2006 648 2067 loquacius
665 2041 675 2060 7
700 2013 849 2049 tamen
866 2014 915 2049 ut
938 2005 1148 2049 Dominus
1177 2006 1408 2061 concessit,
1435 2007 1597 2050 exitum
1620 2018 1696 2052 est.
1721 2011 1816 2053 Duo

424 2095 580 2140 genera
606 2077 837 2121 hominum
866 2076 1098 2132 attendite,
1124 2093 1263 2121 unum
1286 2076 1578 2122 laborantium
1595 2115 1606 2135 ,
1633 2081 1819 2124 alterum

424 2165 577 2195 eorum
604 2149 717 2192 inter
747 2163 857 2208 quos
886 2147 1111 2191 laboratur
1147 2167 1155 2192 2
1194 2164 1333 2191 unum
1367 2148 1421 2192 dc
1455 2158 1594 2205 terra,
1631 2150 1818 2197 alterum

424 2221 479 2266 de
493 2220 605 2265 coelo
619 2219 905 2278 cogitantium
926 2238 934 2263 :
950 2219 1142 2262 nnumin
1157 2218 1428 2279 profundum
1446 2236 1520 2264 cor
1530 2221 1814 2277 mittentium,

427 2292 613 2337 alterum
627 2306 701 2335 cor
723 2290 899 2348 Angelis
914 2290 1274 2349 conjungentium
1297 2310 1305 2334 z
1322 2306 1460 2334 unum
1475 2293 1742 2351 sperantium
1763 2293 1818 2337 de

428 2363 630 2417 terrenis,
653 2361 813 2421 quibus
832 2359 968 2420 pollet
996 2361 1064 2403 hic
1087 2360 1278 2405 mundus
1306 2380 1314 2405 :
1340 2361 1525 2406 alterum
1547 2378 1818 2422 praesumen-

431 2433 538 2479 tium
561 2432 615 2476 dc
631 2430 880 2476 coelestibus
896 2466 906 2486 7
928 2446 1028 2491 quae
1047 2431 1241 2490 promisit
1256 2448 1345 2476 non
1368 2432 1554 2477 mendax
1574 2436 1703 2479 Deus.
1733 2434 1816 2479 Sed

479 2525 486 2542 ¹
508 2517 620 2551 matth.
645 2528 709 2559 xx1,
730 2516 781 2558 42.
805 2534 843 2539 —-
866 2524 878 2539 2
900 2516 1056 2561 Intellt'ge
1073 2517 1185 2549 David.
1207 2533 1248 2539 —
1270 2515 1282 2539 3
1296 2519 1374 2550 Gen.
1396 2529 1458 2560 xxi,
1478 2527 1527 2550 12.
