1841 3223
371 174 456 214 214
811 184 844 212 s.
871 185 1100 212 Accusmm
1126 186 1307 213 Emscorr

369 251 499 295 nibus
519 253 655 293 Deum
679 249 1113 293 fideleminvenimus
1132 285 1144 303 ‚
1169 249 1213 293 in
1233 250 1389 294 ultimo
1412 249 1588 296 deficiet
1603 261 1647 296 et
1668 252 1756 298 fal-

369 322 454 366 let?
483 340 503 362 «
529 320 738 364 Dominus
760 335 910 364 curam
926 320 1106 365 habebit
1122 321 1221 364 mei.
1248 320 1328 381 Adj
1337 330 1435 365 utor
1453 337 1575 366 meus
1593 332 1637 367 et
1654 338 1759 384 pro-

372 410 392 433 »
428 400 566 434 tector
595 405 716 434 meus
746 398 794 433 tu
831 405 875 434 es
889 425 899 445 ‚
940 393 1055 434 Deus
1089 406 1210 436 meus
1226 426 1236 446 ,
1279 406 1335 434 ne
1373 390 1626 437 tardaveris.
1667 393 1759 439 Nisi

372 481 392 504 »
428 461 754 505 minorarentur
774 461 864 505 dies
886 461 969 516 illi,
994 461 1114 506 nulla
1124 478 1224 506 earo
1238 462 1495 521 perduraret
1514 482 1522 508 :
1541 464 1616 507 sed
1629 472 1760 524 p'rop-

374 551 392 574 »
428 541 494 574 ter
516 530 674 575 electos
690 532 1005 575 breviabuntur
1024 534 1054 575 ¹.
1073 552 1089 573 »
1112 533 1209 577 Dies
1226 531 1288 576 illi
1301 542 1431 577 erunt
1448 532 1756 590 tribulationis,

371 600 447 645 sed
475 617 565 646 non
596 611 686 646 tam
708 601 827 660 longi
849 617 982 661 quam
1005 611 1248 660 sperantur.
1270 602 1368 646 Cito
1389 601 1451 646 illi
1478 604 1727 648 transibunt
1745 626 1756 662 3

370 671 540 731 requies
570 672 746 715 veniens
769 688 857 716 non
888 672 1104 715 transibit.
1129 674 1392 732 Quanquam
1419 672 1626 733 longum,
1657 673 1759 722 ferri

370 741 523 786 debuit
541 740 706 785 malum
729 757 808 802 pro
824 743 996 786 infinito
1007 742 1140 787 bono.

379 899 410 914 SR
414 899 481 915 ἋΝΊ
486 899 618 915 νννὶνννῖ
622 900 690 916 -vm
696 899 762 915 xm
767 899 1405 918 ἱνἏιᾺΝὶνΜΜΛΑΜΜᾺἏΝνᾺἋΜ
1409 902 1474 919 νὶΑΑ
1479 902 1762 920 antummum

871 1017 1267 1065 ENARRATIO

795 1172 857 1211 IN
898 1170 1202 1212 PSALMUM
1243 1173 1336 1212 XL.

819 1317 968 1360 Sermo
1000 1315 1055 1360 ad
1080 1315 1258 1376 plebem
1281 1317 1315 1359 2.

432 1463 466 1503 I.
505 1464 711 1514 Quonam
741 1460 944 1505 solemnis
971 1461 1061 1506 dies
1097 1465 1344 1520 Martyrum
1375 1461 1539 1518 illuxit,
1587 1471 1766 1522 propter

374 1530 553 1588 gloriam
576 1531 785 1590 passionis
808 1531 968 1575 Christi
990 1533 1267 1591 Imperatoris
1285 1535 1553 1590 Martyrum,
1584 1533 1662 1592 qui
1686 1532 1766 1576 sibi

374 1616 463 1645 non
479 1601 686 1660 pepercit,
701 1600 909 1644 militibus
923 1601 1139 1660 imperans
1158 1617 1366 1661 pugnam,
1380 1602 1455 1647 sed
1472 1603 1591 1662 prior
1605 1618 1768 1661 pugna-

373 1673 436 1715 vit
453 1708 462 1725 ‚
484 1673 603 1731 prior
625 1673 750 1725 vicit,
777 1681 827 1716 ut
844 1682 1090 1731 pugnantes
1113 1674 1311 1733 exemplo
1336 1689 1414 1718 suo
1437 1675 1700 1729 hortaretur,
1725 1682 1769 1718 et

374 1744 596 1802 majestate
620 1759 695 1787 sua
711 1743 959 1803 adjuvaret,
976 1753 1019 1787 et
1034 1744 1318 1803 promissione
1338 1754 1566 1788 coronaret
1586 1764 1594 1789 :
1621 1743 1770 1789 audia-

376 1828 471 1856 mus
495 1812 663 1873 aliquid
684 1813 729 1856 in
751 1813 832 1857 isto
856 1812 1028 1858 Psalmo
1051 1813 1171 1874 quod
1193 1814 1409 1873 pertineat
1429 1814 1485 1858 ad
1499 1815 1588 1874 ejus
1604 1815 1768 1874 passio-

374 1898 490 1926 nem.
516 1882 884 1927 Commendamus
903 1892 1049 1926 autem
1071 1883 1227 1942 saepius
1242 1919 1252 1937 ‚
1278 1898 1358 1927 nee
1375 1899 1453 1928 nos
1476 1884 1594 1943 piget
1613 1884 1768 1929 iterare

374 1954 496 2013 quod
516 1954 639 1997 vobis
668 1954 775 1997 utile
805 1963 869 1997 est
894 1954 1102 2009 retinere,
1130 1954 1368 1999 Dominum
1397 1964 1596 1999 nostrum
1619 1958 1767 1999 Jesum

374 2025 595 2068 Christum
615 2024 877 2084 plerumque
896 2023 1017 2084 loqui
1039 2040 1089 2068 ex
1113 2041 1178 2080 se,
1204 2025 1250 2069 id
1277 2035 1361 2081 est,
1396 2041 1446 2069 ex
1479 2041 1662 2085 persona
1692 2042 1768 2071 sua

376 2093 496 2154 quod
521 2103 583 2138 est
601 2104 732 2154 caput
753 2105 975 2151 nostrum3
999 2094 1261 2155 plerumque
1287 2109 1337 2138 ex
1366 2111 1550 2155 persona
1577 2097 1769 2156 eorporis

374 2165 466 2220 sui,
498 2165 619 2225 quod
653 2181 804 2209 sumus
835 2181 913 2209 nos
940 2174 983 2209 et
1007 2165 1199 2210 Ecclesia
1227 2167 1342 2226 ejus3
1378 2167 1452 2210 sed
1482 2167 1540 2211 ita
1568 2167 1689 2227 quasi
1718 2183 1768 2211 ex

375 2237 504 2280 unius
527 2237 716 2281 hominis
734 2252 808 2281 ore
830 2252 982 2280 sonare
998 2236 1129 2280 verba
1144 2273 1154 2291 ‚
1184 2246 1233 2281 ut
1254 2237 1547 2297 intelligamus
1573 2248 1705 2298 caput
1726 2249 1770 2283 et

377 2323 532 2365 corpus
558 2308 604 2350 in
631 2307 796 2350 unitate
824 2307 1081 2365 integritatis
1106 2308 1361 2362 consistere,
1387 2323 1467 2351 nec
1494 2309 1680 2367 separari
1713 2309 1768 2352 ab

375 2370 585 2433 invieeni3
612 2387 822 2437 tanquam
845 2377 1098 2437 conjugium
1120 2376 1257 2432 illud,
1283 2377 1337 2421 de
1360 2393 1448 2437 quo
1469 2377 1636 2422 (lictum
1660 2386 1725 2422 est
1751 2394 1759 2420 :

426 2477 435 2493 ¹
452 2471 562 2502 Matth.
584 2483 673 2512 xxiv,
690 2481 742 2503 29..
766 2489 806 2494 -
827 2479 838 2494 ²
862 2472 918 2504 [lic
933 2472 1044 2504 Sermo
1063 2472 1101 2503 ad
1121 2472 1247 2514 plebem
1266 2472 1296 2504 in
1316 2474 1487 2514 Martyrum
1501 2472 1681 2505 festivitate
1700 2473 1760 2505 ha-

380 2525 474 2557 bitus.
