1841 3223
354 194 438 233 522
793 205 825 230 s.
863 201 1094 230 Anousmm
1127 203 1309 230 Emscom

352 268 448 303 tum
469 257 599 300 etiam
618 256 730 300 inter
748 271 826 300 nos
854 276 862 302 2
888 255 1064 301 attende
1081 256 1183 317 quia
1206 255 1439 300 duodecim
1462 256 1548 300 suis
1574 256 1744 300 miscuit

351 342 491 372 unum
515 341 647 387 quem
669 335 907 386 pateretur.

409 399 467 442 X.
483 397 622 442 Dicit:
644 417 664 439 «
682 400 793 442 Ecce
815 396 1221 457 elongavifugiens,
1243 407 1286 442 et
1310 398 1447 442 mansi
1466 398 1511 441 in
1525 396 1741 443 deserto.»

352 473 485 514 Forte
502 469 581 512 iste
597 504 608 524 ,
635 477 685 512 ut
702 467 813 524 dixi,
840 467 1001 527 fugerit
1022 469 1077 513 ad
1093 468 1402 513 conscientiam
1420 483 1540 513 suam
1558 504 1568 526 ‚
1588 468 1650 512 ibi
1668 467 1747 512 ali-

352 549 570 601 quantum
592 538 811 583 desertum
829 539 1044 583 invenerit
1066 539 1142 583 ubi
1160 538 1460 599 requiesceret.
1481 537 1565 584 Sed
1581 538 1655 582 illa
1677 537 1746 583 di-

352 611 482 655 leetio
507 610 743 655 conturbat
764 626 863 654 eum
889 630 898 655 ε
924 609 1039 654 solus
1056 619 1147 653 erat
1168 609 1213 654 in
1235 609 1520 664 conscientia,
1554 609 1629 654 sed
1659 624 1749 654 non

354 680 470 727 solus
491 682 536 726 in
559 682 770 726 charitate
784 701 792 726 z
806 681 923 725 intus
940 680 1248 726 consolabatur
1274 680 1555 736 conscientia,
1582 678 1657 724 sed
1678 677 1749 724 fo-

354 754 547 798 rinsecus
560 752 866 798 tribulationes
883 769 972 798 non
995 751 1318 813 relinquebant.
1337 755 1491 812 ltaque
1506 752 1551 796 in
1569 767 1612 796 se
1630 751 1753 812 quie-

354 834 440 880 tus,
466 840 516 868 ex
539 822 632 868 aliis
653 823 871 883 pendens,
897 839 997 868 cum
1012 823 1347 868 conturbaretur
1363 822 1523 879 adhuc,
1543 822 1651 884 quid
1666 823 1750 866 ait?

359 915 377 936 «
414 895 714 956 Expectabam
734 910 835 939 eum
858 896 934 956 qui
955 911 1025 939 me
1046 895 1213 940 salvum
1236 894 1397 940 faceret
1417 912 1440 940 a
1463 893 1751 956 pusillanimi-

359 985 379 1007 »
416 975 504 1010 tate
519 976 561 1011 et
585 975 842 1027 tempestate
856 969 886 1011 ¹.
904 985 923 1007 »
943 969 1065 1011 Mare
1079 975 1159 1022 est,
1184 975 1416 1026 tempestas
1433 975 1497 1010 est
1516 985 1525 1010 z
1547 965 1653 1009 nihil
1671 965 1751 1010 tibi

356 1046 488 1082 restat
509 1038 591 1082 nisi
615 1037 882 1083 exclamare:
915 1058 935 1080 «
963 1038 1165 1093 Domine,
1190 1053 1320 1097 pereo
1334 1041 1366 1081 2'.
1391 1055 1410 1078 »
1440 1036 1637 1094 Porrigat
1658 1052 1752 1081 ma-

356 1123 464 1152 num
483 1107 556 1152 ille
570 1109 648 1169 qui
670 1108 831 1152 fluctus
849 1107 988 1153 calcat
1009 1107 1265 1168 intrepidus,
1287 1108 1486 1152 sublevet
1498 1107 1754 1168 trepidatio-

356 1190 458 1223 nem
477 1188 597 1223 tuam
612 1214 623 1234 ,
648 1180 793 1223 firmet
815 1178 862 1223 in
887 1195 931 1224 se
959 1180 1235 1224 securitatem
1265 1189 1385 1223 tuam
1403 1215 1414 1234 ‚
1439 1170 1689 1240 alloquatur
1711 1188 1754 1223 te

356 1251 490 1305 intus,
508 1259 551 1294 et
569 1249 686 1295 dicat
711 1250 788 1294 tibi
805 1271 813 1295 :
835 1253 906 1296 Me
925 1251 1118 1306 attende,
1136 1249 1243 1311 quid
1261 1248 1513 1310 pertulerim
1539 1269 1547 1294 ε
1574 1248 1754 1293 fratrem

357 1321 523 1366 malum
554 1321 669 1367 forte
706 1322 886 1382 pateris,
928 1330 1002 1366 aut
1030 1321 1257 1366 inimicum
1294 1319 1532 1364 forinsecus
1564 1320 1753 1379 pateris3

357 1408 467 1453 quos
493 1408 585 1436 non
605 1408 755 1451 passus
778 1394 906 1436 sum?
931 1393 1198 1436 Fremebant
1225 1391 1464 1436 forinsecus
1486 1389 1655 1445 Judaei,
1688 1391 1757 1434 in-

358 1464 570 1507 trinsecus
587 1463 834 1523 Discipulus
869 1463 1084 1507 tradebat.
1119 1462 1249 1508 Saevit
1271 1478 1374 1522 ergo
1398 1471 1628 1522 tempestas
1645 1497 1657 1518 ,
1681 1462 1758 1506 sed

357 1532 431 1578 ille
448 1533 587 1578 salvos
610 1532 714 1578 facit
736 1550 759 1577 a
781 1533 1139 1594 pusillanimitate
1159 1543 1202 1577 et
1230 1542 1502 1594 tempestate.
1527 1537 1659 1578 Forte
1676 1549 1757 1578 na-

357 1605 420 1649 vis
450 1614 525 1649 tua
558 1604 656 1649 ideo
691 1604 911 1659 turbatur,
951 1605 1054 1665 quia
1086 1603 1159 1648 ille
1186 1604 1232 1649 in
1264 1614 1307 1649 te
1337 1603 1513 1649 dormit.
1543 1604 1759 1650 Saeviebat

358 1691 500 1732 mare,
524 1675 786 1720 turbabatur
803 1676 1002 1721 navicula
1031 1676 1076 1719 in
1107 1692 1196 1737 qua
1223 1674 1432 1736 Discipuli
1456 1676 1756 1735 navigabant3

358 1746 556 1792 Christus
579 1756 726 1791 autem
743 1747 991 1792 dormiebat
1015 1767 1024 1793 :
1051 1746 1231 1792 tandem
1260 1747 1497 1808 aliquando
1526 1748 1667 1792 visum
1695 1755 1760 1791 est

358 1817 468 1874 illis,
498 1819 601 1880 quia
630 1818 863 1863 interillos
898 1819 1144 1864 dormiebat
1176 1828 1410 1863 ventorum
1454 1818 1690 1877 imperator
1715 1826 1759 1861 et

359 1898 553 1947 creator3
580 1899 853 1934 accesserunt
881 1899 924 1932 et
946 1890 1246 1932 excitaverunt
1279 1888 1532 1932 Christum:
1563 1907 1582 1929 «
1610 1891 1758 1947 Impe-

362 1978 382 2001 »
420 1960 528 2005 ravit
540 1961 701 2014 ventis,
723 1967 766 2002 et
788 1957 902 2002 facta
925 1967 989 2001 est
1011 1956 1302 2018 tranquillitas
1327 1958 1528 2015 magna3.
1555 1976 1574 1999 >›
1602 1958 1759 2004 Merito

360 2045 463 2089 crgo
486 2028 598 2073 sorte
622 2029 825 2073 turbatur
847 2037 1089 2083 cortuum,
1115 2028 1217 2089 quia
1246 2027 1408 2072 excidit
1445 2028 1526 2073 tibi
1548 2028 1593 2072 in
1625 2044 1759 2089 quem

360 2099 594 2145 credideris
614 2119 623 2144 2
644 2098 979 2144 intolerabiliter
1000 2099 1182 2158 pateris,
1208 2099 1310 2160 quia
1343 2115 1433 2143 non
1454 2098 1574 2143 venit
1611 2099 1691 2144 tibi
1712 2099 1760 2143 in

359 2180 553 2216 mentem
570 2169 679 2231 quid
700 2186 780 2230 pro
798 2179 840 2214 te
861 2169 1089 2230 pertulerit
1111 2170 1323 2215 Christus.
1354 2170 1396 2215 Si
1409 2170 1455 2213 in
1468 2179 1760 2214 mentemnon

360 2243 441 2287 tibi
455 2242 574 2287 venit
595 2242 808 2297 Christus,
828 2241 990 2285 dormit
1013 2260 1020 2285 :
1040 2241 1179 2285 excita
1195 2242 1434 2296 Christum,
1453 2240 1592 2285 recole
1605 2242 1754 2285 fidem.

363 2317 395 2358 T
403 2330 484 2358 une
503 2314 619 2358 enim.
641 2314 687 2357 in
711 2323 752 2357 te
774 2312 936 2357 dormit
958 2313 1152 2358 Christus
1169 2348 1179 2367 ,
1217 2313 1250 2356 si
1282 2312 1444 2357 oblitus
1468 2328 1510 2357 es
1534 2313 1754 2373 passiones

361 2385 538 2441 Christi3
566 2393 669 2429 tunc
690 2384 735 2427 in
753 2393 795 2428 te
808 2383 958 2443 vigilat
971 2383 1184 2439 Christus,
1203 2384 1236 2427 si
1254 2384 1488 2428 meministi
1507 2384 1757 2444 passionum

361 2457 536 2502 Christi.
564 2459 677 2501 Cum
700 2464 847 2500 autem
868 2453 998 2515 pleno
1021 2454 1152 2499 corde
1176 2455 1359 2499 intuitus
1382 2453 1513 2500 fueris
1549 2455 1658 2516 quid
1681 2454 1758 2499 illc

413 2549 421 2565 ¹
440 2540 519 2572 psat.
541 2551 602 2581 mv,
620 2552 654 2581 ς).
672 2558 713 2563 -
741 2547 752 2562 ²
773 2539 885 2572 Matth.
904 2550 957 2580 xv,
979 2539 1031 2572 30.
1050 2556 1091 2561 --
1108 2536 1183 2572 ³1d.
1204 2550 1276 2581 vm,
1297 2538 1407 2571 23—26.
