1841 3223
220 248 463 278 ENARRA‘HO
496 251 527 277 11
561 251 605 277 IN
638 247 842 277 PsALMUM
875 249 1040 286 xxxv1,
1077 246 1203 275 SERM.
1241 250 1288 275 11.
1387 238 1442 277 79

51 315 243 360 tenebris
266 315 387 376 quod
410 314 500 358 dat.
528 313 644 367 Quid
675 330 778 373 ergo
806 313 1008 358 dabimus
1043 329 1123 358 nos
1150 313 1320 358 medico
1347 313 1438 369 illi,

50 385 198 431 oculos
219 386 444 430 interiores
464 393 632 429 nostros
656 385 824 428 sananti
841 420 852 439 ,
879 385 934 428 ad
952 383 1187 429 videndam
1205 383 1442 445 quamdam

47 456 191 502 lucem
214 465 447 511 aeternam,
470 454 591 516 quod
604 463 668 499 est
685 455 805 515 ipse?
822 455 939 508 Quid
962 454 1026 499 illi
1049 455 1284 499 dabimus?
1306 458 1457 509 Quae-

48 543 194 572 ramus
209 563 220 585 ,
239 526 532 581 inveniamus,
559 525 593 569 si
614 540 870 585 possumus3
896 535 938 570 et
961 526 1006 569 in
1025 527 1233 585 angustiis
1254 526 1441 587 inquisi-

48 598 176 643 tionis
201 607 359 643 nostrae
389 595 678 641 exclamemus
693 632 703 652 ,
732 595 881 649 «Quid
903 596 1139 640 retribuam
1160 597 1346 642 Domino
1362 613 1442 657 pro

50 686 71 710 >›
107 668 311 713 omnibus
339 683 439 728 quae
460 666 661 711 retribuit
684 667 822 710 mihi?
843 685 863 707 »
889 669 946 710 Et
974 667 1081 727 quid
1109 666 1302 711 invenit?
1328 686 1345 708 «
1362 670 1444 713 Ca-

49 758 70 782 »
105 739 232 784 licem
255 738 451 785 salutaris
473 738 699 799 accipiam,
731 748 773 783 et
796 753 958 783 nomen
981 738 1154 783 Domini
1175 739 1437 784 invocabo1.

49 828 70 852 »
106 811 317 865 Potestis,
352 810 518 871 inquit,
547 809 697 853 bibere
726 808 904 853 calicem
938 824 1070 869 quem
1101 824 1179 867 ego
1222 809 1440 854 bibiturus

49 898 70 923 »
106 896 202 925 sum
218 883 260 923 ²?
278 901 294 922 »
320 880 429 925 Inde
452 883 604 934 Petro,
635 899 655 921 «
676 883 804 924 Amas
828 881 927 923 me?
946 883 1076 924 Pasce
1098 895 1197 924 oves
1221 881 1361 925 meas3
1388 900 1397 925 :
1417 899 1436 922 n

45 966 126 1012 pro
160 951 321 1012 quibus
353 952 523 995 biberet
550 949 727 995 calicem
751 951 941 995 Domini.
989 951 1270 996 «Confirmat
1293 961 1438 996 autem

48 1040 68 1063 »
100 1017 239 1082 justos
262 1022 487 1066 Dominus.
515 1021 647 1067 Novit
674 1021 885 1065 Dominus
917 1021 1007 1066 vias
1034 1022 1434 1079 immaculatorum,

48 1111 69 1135 »
105 1103 148 1138 et
167 1092 396 1138 haereditas
417 1109 568 1138 eorum
586 1093 632 1136 in
654 1102 868 1137 aeternum
891 1093 985 1137 erit.
1018 1112 1037 1134 »

104 1167 183 1209 IX.
225 1167 365 1211 «Non
398 1164 728 1210 confundentur
754 1165 800 1208 in
828 1174 1024 1225 tempore
1052 1165 1168 1210 malo
1200 1166 1232 1210 4.
1265 1184 1285 1207 »
1322 1165 1440 1219 Quid

45 1244 133 1292 est,
171 1239 305 1282 «Non
325 1235 655 1281 confundentur
676 1236 721 1280 in
743 1245 939 1296 tempore
961 1235 1110 1280 malo?
1130 1255 1150 1277 >›
1185 1239 1236 1280 In
1268 1236 1338 1281 die
1358 1238 1439 1280 tri-

43 1305 277 1352 bulationis
294 1342 304 1362 ,
339 1307 384 1351 in
408 1307 479 1351 die
502 1307 796 1365 angustiarum
822 1323 910 1351 non
939 1305 1269 1352 confundentur
1295 1326 1303 1352 :
1329 1308 1441 1352 sicut

45 1376 333 1435 confunditur
354 1393 486 1438 quem
514 1376 627 1421 fallit
655 1393 763 1437 spes.
789 1377 894 1431 Quis
922 1387 985 1422 est
1017 1378 1092 1438 qui
1122 1376 1440 1422 confunditur?

46 1449 132 1502 Qui
168 1447 272 1493 dicit
303 1468 312 1493 ε
350 1451 444 1508 Ego
474 1449 594 1509 quod
622 1450 845 1510 sperabam
871 1465 961 1494 non
981 1450 1142 1494 inveni.
1166 1452 1264 1495 Non
1282 1450 1441 1494 imme-

44 1519 128 1566 rito
151 1539 159 1564 :
180 1520 384 1580 sperabas
402 1522 516 1565 enim
541 1520 596 1565 de
616 1530 674 1577 te,
697 1530 772 1565 aut
787 1521 990 1581 sperabas
1013 1520 1068 1565 de
1087 1521 1264 1565 homine
1282 1521 1436 1566 amico.

48 1610 69 1634 «
93 1589 353 1637 Maledictus
377 1601 522 1636 autem
544 1592 619 1653 qui
645 1608 766 1652 spem
792 1607 914 1636 suam
937 1593 1062 1652 ponit
1089 1593 1135 1637 in
1164 1593 1341 1637 homine
1356 1594 1386 1637 ⁵.
1416 1611 1437 1634 »

44 1660 362 1718 Confunderis,
393 1663 492 1724 quia
524 1662 680 1707 fefellit
702 1673 744 1708 te
771 1679 888 1723 spes,
926 1661 1081 1707 fefellit
1109 1679 1204 1723 spes
1229 1663 1368 1719 posita
1395 1663 1442 1707 in

44 1732 288 1778 mendacio.
326 1735 513 1778 «Omnis
537 1734 652 1778 enim
675 1733 806 1777 homo
829 1730 1059 1775 mendaxss.
1084 1749 1103 1771 »
1133 1731 1174 1775 Si
1197 1740 1342 1775 autem
1365 1746 1442 1790 po-

43 1819 120 1849 nas
138 1819 257 1864 spem
275 1813 396 1848 tuam
414 1804 458 1847 in
481 1807 570 1848 Dco
594 1813 695 1859 tuo,
716 1819 804 1847 non
829 1800 1111 1847 confunderis
1133 1823 1144 1860 3
1172 1802 1273 1863 quia
1294 1801 1368 1845 ille
1395 1802 1441 1845 in

44 1890 134 1935 quo
163 1889 282 1934 spem
317 1874 520 1934 posuisti,
552 1872 641 1918 falli
675 1890 764 1918 non
786 1882 944 1933 potest.
983 1871 1109 1916 Unde
1137 1881 1180 1916 et
1211 1871 1284 1915 ille
1308 1887 1440 1932 quem

45 1944 177 2005 paulo
202 1954 302 1989 ante
329 1945 691 2000 commemoravi,
712 1945 855 2005 justus
873 1944 1155 1989 confirmatus
1173 1978 1183 1997 ,
1210 1943 1373 2002 positus
1396 1943 1442 1986 in

45 2025 240 2076 tempore
262 2015 378 2060 malo
394 2052 405 2071 ,
436 2016 480 2060 in
514 2016 584 2060 die
606 2015 902 2060 tribulationis
917 2051 927 2071 ,
954 2015 1055 2076 quia
1078 2030 1169 2058 non
1195 2012 1443 2059 confunde-

45 2087 192 2142 batur,
218 2086 326 2147 quid
349 2087 441 2130 ait?
464 2107 484 2128 (ι
505 2087 752 2131 Gloriamur
778 2088 824 2131 in
845 2086 1203 2131 tribulationibus
1218 2122 1229 2142 ,
1259 2087 1443 2130 scientes

48 2175 70 2199 »
105 2157 314 2218 quoniam
338 2156 565 2201 tribulatio
586 2157 844 2217 patientiam
867 2166 1087 2217 operatur,
1115 2157 1322 2217 patientia
1345 2171 1444 2215 pro-

48 2233 75 2269 ›v‘
104 2226 350 2283 barionem,
370 2227 568 2287 probatio
583 2244 726 2287 spem,
752 2244 847 2288 spes
868 2237 1013 2272 autem
1040 2243 1129 2272 non
1147 2226 1394 2272 confundit.
1416 2243 1438 2268 »

48 2297 174 2342 Unde
195 2313 289 2358 spes
303 2313 392 2341 non
409 2297 669 2342 confundit?
685 2299 796 2352 Quia
813 2299 859 2342 in
874 2302 963 2343 Deo
983 2298 1120 2358 posita
1143 2307 1220 2342 est.
1245 2296 1351 2341 Ideo
1373 2312 1442 2341 se-

46 2369 197 2429 quitur
223 2388 232 2414 z
259 2368 404 2422 «Quia
427 2368 612 2413 charitas
636 2370 711 2414 Dei
730 2369 889 2414 diffusa
907 2379 971 2413 est
992 2368 1037 2412 in
1055 2367 1263 2414 cordibus
1285 2367 1442 2412 nostris

51 2456 72 2480 »
96 2454 174 2500 per
198 2439 406 2500 Spiritum
425 2449 623 2486 sanctum
647 2440 723 2501 qui
741 2440 868 2485 datus
883 2450 946 2485 est
968 2440 1129 2485 110bis7.
1145 2458 1165 2481 ))
1192 2441 1290 2485 ‚Iam
1313 2439 1442 2484 datus

97 2541 106 2559 ¹
127 2536 208 2568 PsaL
236 2547 315 2579 cxv,
347 2546 408 2579 12,
435 2535 486 2569 13.
515 2554 556 2561 -
575 2543 588 2560 ²
608 2536 722 2569 Matth.
747 2549 806 2578 xx,
827 2546 881 2569 22.
901 2553 940 2559 —
960 2534 974 2560 3
993 2538 1179 2578 Joan.xx1‚
1199 2547 1250 2579 17.
1268 2533 1438 2569 —4Psa1.

14 2596 19 2601 '
49 2603 159 2632 xxxvi,
175 2601 228 2635 29.
250 2608 291 2616 --
310 2589 455 2625 ⁵Jcrem.
480 2603 558 2634 xvir,
583 2592 614 2625 5.
631 2610 672 2616 ·-
691 2591 706 2616 0
721 2592 800 2626 Psal.
817 2604 889 2635 cxv,
908 2605 958 2626 11.
987 2610 1028 2616 --
1047 2600 1061 2627 7
1080 2595 1171 2626 Rom.
1186 2604 1221 2635 v,
1242 2591 1314 2625 3-5.
