1841 3223
414 239 498 278 226
827 249 861 277 S.
897 248 1129 278 AUGUSTINI
1163 252 1344 279 EPISCOPI

410 315 646 360 calumnias
662 314 844 369 inimici,
864 315 987 375 quasi
1009 315 1152 373 magni
1174 315 1256 360 sibi
1272 314 1493 371 videntur,
1515 315 1617 376 quia
1637 316 1801 360 habent

410 386 531 447 quod
544 395 761 430 accusent.
791 386 914 431 «Sibi
934 397 1308 446 congregaverunt
1331 387 1622 447 iniquitatem.
1650 387 1797 442 Sibi‚»

408 457 568 517 inquit,
595 472 685 500 non
707 456 830 500 mihi.
858 458 1090 510 Quomodo
1113 457 1247 502 Judas
1274 457 1380 513 sibi,
1406 473 1495 501 non
1517 457 1689 502 Christo
1707 492 1718 512 ‚
1744 457 1803 501 sie

411 536 455 570 ct
476 525 746 571 simulatores
770 525 975 571 Ecclesiae
998 527 1078 571 sibi
1098 564 1107 583 ,
1145 544 1232 572 non
1256 527 1379 572 nobis
1407 548 1414 572 :
1440 527 1542 588 quia
1564 526 1618 571 de
1647 526 1730 572 illis
1760 536 1804 571 et

410 596 513 641 alibi
535 596 696 642 dieitur
722 617 729 642 :
760 600 846 642 «Et
868 598 1051 643 mentita
1077 608 1140 642 est
1162 599 1366 658 iniquitas
1389 599 1512 643 sibi'.
1552 600 1804 657 Congrega—

411 687 431 710 »
466 679 625 713 verunt
643 669 917 729 iniquitatem
935 670 1029 713 sibi.
1062 690 1078 710 »
1111 672 1167 714 Et
1184 670 1284 729 quia
1307 670 1581 714 intraverunt
1605 679 1654 714 ut
1679 669 1803 714 vidc-

408 749 525 795 rent‚
561 738 948 799 «Egrediebantur
976 738 1112 793 foras,
1154 749 1197 784 et
1218 740 1532 800 loquebantur.
1564 761 1581 781 »
1612 739 1803 801 llle'qui

407 811 584 856 intravit
601 820 650 855 ut
667 810 834 856 videret
850 846 860 866 ‚
886 809 1190 868 egrediebatur
1209 809 1322 855 foras
1345 821 1389 855 ct
1410 811 1691 872 loquebatur.
1714 811 1803 856 Uti-

406 898 509 927 nam
539 883 657 927 intus
685 891 794 926 essct
821 891 864 926 et
890 897 991 926 vera
1019 881 1293 942 loqueretur!
1322 898 1410 927 non
1433 883 1565 927 exiret
1588 881 1700 927 foras
1723 883 1801 927 ubi

407 952 512 997 salsa
530 953 741 1014 loquitur.
770 951 969 997 Traditor
990 965 1054 997 est
1076 962 1118 997 et
1136 963 1387 1012 persecutor
1405 962 1492 1009 est,
1517 968 1711 1013 egressus
1734 953 1803 998 fo-

410 1039 476 1068 ras
506 1024 717 1084 loquitur.
747 1024 788 1069 Si
811 1023 866 1068 ad
887 1023 1083 1068 membra
1111 1023 1271 1069 Christi
1293 1024 1503 1084 pertines,
1536 1024 1636 1069 veni
1659 1025 1774 1069 intro
1789 1059 1800 1080 ‚

407 1095 525 1138 haere
547 1095 692 1155 capiti.
716 1094 870 1140 Tolera
887 1095 1048 1139 zizania
1065 1130 1076 1149 ‚
1101 1094 1134 1139 si
1159 1095 1349 1139 triticum
1371 1110 1436 1153 cs3
1462 1094 1597 1139 tolera
1615 1094 1799 1155 paleam,

406 1167 440 1211 si
463 1166 736 1211 frumentum
759 1170 850 1224 es‘23
877 1166 1012 1211 tolera
1035 1167 1172 1227 pisces
1195 1165 1329 1211 malos
1353 1167 1466 1211 intra
1482 1166 1604 1222 retia,
1630 1167 1661 1210 si
1677 1166 1803 1226 piscis

410 1237 552 1283 bonus
565 1253 623 1282 es.
649 1239 794 1291 Quare
810 1246 909 1282 ante
927 1247 1098 1298 tempus
1114 1237 1408 1282 ventilationis
1433 1237 1638 1282 avolasti?
1660 1240 1803 1291 Quare

410 1319 511 1354 ante
548 1319 720 1370 tempus
762 1309 908 1354 messis
943 1309 1075 1353 etiam
1112 1308 1330 1354 frumenta
1369 1309 1591 1354 eradicasti
1631 1311 1804 1354 tecum?

409 1383 554 1434 Quare
572 1389 808 1440 antequam
830 1380 885 1424 ad
899 1379 1021 1424 littus
1038 1380 1228 1435 venires,
1248 1381 1354 1425 retia
1376 1380 1624 1441 disrupisti?
1642 1399 1661 1422 «
1673 1383 1804 1439 Egre-

414 1468 436 1493 >›
472 1450 708 1495 diebantur
727 1450 868 1506 foras,
895 1459 938 1494 ct
953 1449 1263 1511 loquebantur.
1289 1470 1309 1493 »

471 1523 549 1565 IX.
581 1540 601 1563 «
620 1524 672 1565 In
695 1520 885 1581 idipsum
902 1519 1130 1565 adversum
1153 1536 1224 1565 me
1244 1520 1528 1565 susurrabant
1551 1536 1700 1566 omnes
1719 1522 1803 1565 ini-

412 1611 433 1634 »
459 1592 559 1636 mici
581 1593 707 1636 mei3.
736 1610 756 1633 »
783 1592 1026 1636 Adversum
1049 1607 1118 1636 me
1140 1607 1290 1637 omnes
1312 1593 1358 1636 in
1389 1592 1578 1652 idipsum
1604 1611 1612 1636 :
1639 1596 1805 1653 quanto

413 1662 569 1707 melius
589 1677 761 1707 mecum
792 1662 837 1705 in
858 1660 1077 1721 idipsum?
1102 1661 1218 1715 Quid
1250 1672 1313 1706 est
1329 1699 1339 1717 ,
1357 1681 1375 1704 (ι
1406 1661 1648 1707 Adversum
1670 1663 1806 1707 mein

414 1752 435 1776 »
455 1733 672 1794 idipsum?
687 1752 707 1775 ³>
724 1735 819 1778 Uno
832 1733 1027 1788 consilio,
1045 1748 1133 1777 una
1147 1733 1481 1793 conspiratione.
1493 1733 1689 1778 Christus
1703 1748 1805 1793 ergo

409 1804 607 1866 loquitur
636 1805 693 1848 eis
721 1823 729 1848 :
757 1803 1022 1849 Consentitis
1044 1803 1273 1847 adversum
1296 1819 1388 1859 me,
1409 1803 1651 1848 consentite
1672 1804 1802 1861 mihi3

411 1875 520 1937 quid
542 1875 772 1920 adversum
782 1876 877 1918 me?
895 1889 1030 1934 quare
1051 1889 1140 1918 non
1159 1875 1353 1918 mecum?
1371 1873 1565 1934 Idipsum
1587 1875 1621 1918 si
1638 1889 1805 1935 semper

407 1947 642 2001 haberetis,
662 1962 751 1991 non
764 1961 840 1990 vos
854 1945 900 1988 in
913 1945 1139 1989 schismata
1157 1943 1421 1988 divideretis.
1439 1944 1674 2004 Apostolus
1688 1946 1802 1990 enim

410 2018 540 2064 dicit:
565 2038 585 2060 ‹<
605 2018 795 2063 Obsecro
814 2031 906 2072 vos,
926 2015 1095 2071 fratres,
1117 2025 1167 2060 ut
1188 2015 1377 2076 idipsum
1393 2015 1544 2061 dicatis
1574 2026 1746 2073 omnes,
1761 2027 1805 2062 et

413 2109 434 2133 »
455 2106 545 2135 non
558 2090 643 2134 sint
658 2089 704 2133 in
725 2088 848 2134 vobis
862 2088 1092 2132 schismata
1107 2088 1138 2130 ⁴.
1163 2089 1215 2131 In
1233 2086 1421 2146 idipsum
1438 2086 1641 2132 adversus
1652 2103 1722 2132 mc
1736 2104 1807 2132 su*-

413 2180 434 2204 »
455 2162 686 2208 surrabant
712 2175 861 2205 omncs
884 2159 1048 2203 inimici
1067 2159 1153 2202 mei
1179 2177 1188 2202 ε
1213 2157 1444 2202 adversum
1466 2175 1536 2203 me
1555 2159 1806 2218 cogitabant

411 2253 432 2276 »
447 2233 559 2278 mala
571 2233 692 2276 mihi.
713 2249 734 2272 »
751 2231 841 2276 Sibi
853 2230 1013 2291 potius,
1028 2230 1128 2290 quia
1140 2239 1514 2289 congregaverunt
1528 2229 1803 2290 iniquitatem

408 2305 490 2350 sibi
509 2325 521 2355 ;
539 2302 726 2350 sedidco
750 2302 879 2356 mihi,
894 2300 995 2361 quia
1009 2315 1058 2343 ex
1082 2301 1225 2344 animo
1237 2315 1315 2344 suo
1336 2299 1556 2359 pendendi
1573 2310 1689 2345 sunt.
1707 2303 1807 2346 Non

408 2376 525 2420 enim
545 2375 645 2435 quia
663 2372 774 2418 nihil
801 2371 943 2416 facere
964 2380 1230 2431 potuerunt,
1252 2369 1361 2414 nihil
1384 2369 1524 2414 faeere
1545 2371 1797 2416 voluerunt.

407 2449 517 2492 Nam
530 2454 573 2489 ct
588 2443 790 2489 diabolus
808 2443 1029 2489 Christum
1047 2441 1296 2500 extinguere
1319 2441 1591 2500 concupivit,
1612 2451 1653 2487 et
1669 2445 1691 2486 J
1699 2441 1805 2487 udas
1826 2465 1828 2502 f

409 2517 631 2562 Christum
655 2514 852 2560 occidere
875 2512 1015 2557 voluit
1040 2531 1048 2556 ε
1074 2511 1214 2556 occiso
1237 2521 1383 2555 autem
1406 2511 1578 2556 Christo
1595 2521 1637 2555 et
1660 2527 1803 2556 resur·
1824 2539 1826 2546 ·

458 2607 466 2624 ¹
489 2601 567 2634 Psal.
590 2611 677 2639 xxvi,
698 2609 747 2632 12.
774 2616 814 2621 --
839 2605 851 2621 ²
869 2598 978 2630 Mattb.
996 2608 1065 2638 nn,
1086 2597 1139 2629 30.
1156 2613 1197 2618 —
1218 2594 1326 2628 3Psal.
1348 2606 1399 2637 xr,
1415 2596 1446 2628 8.
1470 2613 1511 2618 —-
1533 2595 1549 2625 4
1571 2607 1580 2628 i
1600 2597 1672 2629 Cor.
1693 2607 1725 2637 i,
1748 2607 1794 2629 ιο.
