1841 3223
410 186 494 226 350
841 193 874 222 S.
913 192 1143 222 AUGUSTINI
1175 195 1356 222 EPlscom

407 279 487 307 nee
510 260 691 306 diversi?
717 278 736 301 «
759 262 854 319 Ipse
872 270 934 304 est
951 260 1065 304 enim
1083 296 1093 315 ‚
1114 260 1257 320 iuquit
1273 295 1283 314 ,
1305 276 1386 319 pax
1409 269 1570 314 nostra,
1596 261 1671 320 qui
1694 258 1797 303 fecit

409 352 430 375 >›
466 342 651 391 utraque
666 333 986 390 unum1.»1pse
1005 330 1075 373 ille
1092 330 1308 389 angularis
1324 330 1429 390 lapis
1445 346 1575 390 quem
1591 330 1797 390 reproba-

408 421 430 444 »
465 410 623 447 verunt
645 400 930 456 aedifieantes‚
957 401 1098 445 sactus
1121 410 1182 445 est
1206 401 1250 444 in
1273 410 1405 461 eaput
1427 400 1615 460 anguli&
1638 419 1658 441 »
1681 404 1798 445 Duos

398 473 544 533 junxit
572 473 617 516 in
651 488 694 516 se
716 487 842 516 mons
872 481 1055 516 montes.
1086 473 1178 515 Una
1202 471 1381 527 domus,
1417 480 1459 515 et
1482 471 1582 515 duae
1607 471 1763 516 domus
1785 490 1794 515 :

404 543 504 587 duae
529 552 708 603 propter
731 559 781 586 ex
814 542 984 587 diverso
1011 543 1257 596 venientes,
1284 558 1370 586 una
1403 551 1581 602 propter
1608 540 1799 602 lapidem

404 613 654 672 angularem
672 649 682 667 ‚
708 612 753 657 in
779 630 868 674 quo
900 614 980 657 sibi
1004 613 1145 656 ambae
1167 612 1446 671 copulantur.
1473 611 1588 657 Audi
1611 624 1654 657 et
1675 613 1759 656 hoc
1785 631 1794 656 :

407 705 428 728 «
462 688 633 730 Montes
670 686 800 741 Sion3
834 685 968 728 latera
1007 682 1235 743 Aquilonis
1264 683 1413 728 civitas
1444 684 1553 742 regis
1580 683 1743 742 magni.
1774 700 1794 724 »

403 755 656 802 Intenderas
675 756 791 799 enim
817 765 864 799 tu
889 755 992 799 Sion
1014 764 1220 814 tanquam
1245 770 1384 798 unum
1406 752 1576 809 locum,
1601 754 1679 798 ubi
1698 769 1799 798 eon-

403 825 494 871 dita
512 836 575 870 est
601 825 839 870 Jerusalem
858 861 868 880 ‚
894 833 937 869 et
957 825 1001 868 in
1029 840 1078 869 ea
1098 825 1178 869 tibi
1201 839 1291 869 non
1313 825 1592 880 occurrebat,
1613 824 1694 869 nisi
1715 839 1798 883 po-

403 897 533 957 pulus
551 912 601 940 ex
624 896 974 953 circumcisione3
997 896 1073 956 qui
1096 894 1275 955 quidem
1294 910 1344 939 ex
1367 894 1561 956 reliquiis
1584 911 1608 939 a
1626 894 1798 940 Christo

401 967 609 1012 collectus
632 976 716 1022 est,
743 982 795 1010 ex
818 982 974 1025 magna
997 975 1143 1010 autem
1172 975 1293 1025 parte
1315 975 1526 1027 tanquam
1546 965 1671 1026 palea
1692 980 1799 1010 ven-

402 1038 565 1082 tilatus.
592 1040 764 1082 Etemm
796 1037 1005 1097 scriptum
1037 1046 1101 1081 est
1123 1056 1131 1081 2
1162 1057 1180 1078 «
1202 1037 1414 1098 Reliquiae
1437 1037 1565 1082 salvae
1590 1037 1743 1081 fientss.
1773 1055 1793 1078 »

405 1109 490 1155 Sed
523 1108 699 1153 attende
722 1117 763 1152 et
792 1110 952 1153 Gentes
970 1144 980 1163 ⁷
1017 1107 1115 1152 vide
1138 1118 1181 1152 et
1203 1108 1437 1153 oleastrum
1462 1109 1591 1153 inseri
1621 1109 1666 1152 in
1695 1109 1797 1168 pin-

403 1180 636 1239 guedinem
664 1179 788 1224 olivae
803 1180 833 1222 4.
873 1182 985 1224 Ecce
1021 1181 1179 1223 Gentes
1211 1199 1219 1223 ε
1250 1199 1269 1221 «
1301 1183 1455 1224 Latera
1489 1179 1744 1241 Aquilonis:
1773 1197 1794 1220 »

403 1249 607 1310 adjuncta
629 1259 731 1294 sunt
751 1248 886 1293 latera
909 1249 1136 1309 Aquilonis
1159 1250 1322 1294 civitati
1354 1251 1463 1308 regis
1490 1250 1651 1308 magni.
1677 1252 1797 1294 Con-

403 1321 558 1365 trarius
587 1320 696 1365 solet
728 1335 819 1364 esse
842 1319 1001 1380 Aquilo
1028 1319 1129 1364 Sion
1158 1340 1165 1365 :
1196 1320 1297 1364 Sion
1320 1320 1484 1380 quippe
1516 1320 1562 1364 in
1586 1319 1793 1375 meridie,

404 1391 566 1452 Aquilo
598 1399 749 1435 contra
779 1389 1018 1434 meridiem.
1053 1391 1158 1443 Quis
1190 1399 1253 1434 est
1283 1390 1362 1434 iste
1390 1390 1576 1451 Aquilo,
1612 1390 1692 1434 nisi
1723 1390 1799 1450 qui

407 1460 543 1505 dixit:
570 1480 590 1503 «
612 1465 776 1505 Ponam
795 1459 940 1504 sedem
960 1475 1100 1504 meam
1122 1459 1176 1505 ad
1198 1460 1479 1520 Aquilonem,
1497 1470 1539 1504 et
1557 1476 1631 1505 ero
1652 1459 1800 1504 similis

409 1549 430 1572 n
467 1531 751 1575 Altissimo⁵P
778 1533 994 1574 Tenuerat
1028 1546 1211 1589 regnum
1241 1530 1439 1574 diabolus
1472 1531 1703 1590 impiorum
1721 1565 1731 1585 ,
1757 1538 1800 1574 et

405 1601 655 1662 possederat
670 1603 836 1647 ¹Gentes
854 1602 1087 1646 servientes
1104 1600 1364 1656 simulacris,
1385 1602 1614 1647 adorantes
1636 1601 1801 1646 daemo-

406 1675 477 1717 nia
498 1692 505 1717 :
527 1682 570 1717 et
597 1663 743 1718 totum
767 1672 985 1733 quidquid
1015 1673 1182 1731 generis
1213 1673 1394 1716 humani
1426 1683 1516 1717 erat
1537 1673 1704 1733 ubique
1726 1688 1802 1732 per

406 1743 644 1795 mundum,
661 1742 918 1786 inhaerendo
935 1741 998 1785 illi
1017 1742 1178 1802 Aquilo
1196 1741 1359 1786 factum
1373 1752 1478 1786 erat.
1499 1743 1583 1787 Sed
1597 1743 1802 1802 quoniam

405 1813 480 1858 ille
497 1814 573 1874 qui
597 1813 938 1872 alligationem,
956 1813 1100 1856 aufert
1118 1813 1208 1872 ejus
1230 1829 1345 1868 vasa,
1371 1823 1414 1857 et
1436 1811 1540 1857 facit
1560 1829 1658 1858 vasa
1680 1815 1797 1868 sua⁶‚

406 1883 579 1928 liberati
602 1883 800 1927 homines
823 1882 878 1926 ab
896 1881 1155 1926 infidelitate
1174 1892 1217 1926 et
1238 1883 1540 1942 superstitione
1557 1882 1801 1927 daemonio-

409 1970 507 1998 rum
525 1990 535 2010 ‚
567 1954 793 1998 credentes
825 1953 869 1997 in
898 1954 1120 1997 Christum
1153 1953 1363 1998 colliniati
1396 1963 1498 1998 sunt
1520 1953 1584 1997 illi
1607 1954 1797 2009 civitati,

408 2034 694 2070 occurrerunt
705 2025 750 2069 in
769 2023 930 2082 angulo
945 2023 1006 2066 illi
1022 2024 1172 2083 parieti
1191 2023 1245 2068 de
1258 2025 1581 2069 circumcisione
1591 2024 1798 2079 venienti,

406 2104 451 2140 et
468 2094 581 2140 facta
599 2104 663 2139 est
685 2095 832 2139 civitas
851 2095 959 2152 regis
982 2094 1127 2152 magni
1152 2111 1251 2155 quae
1276 2094 1448 2139 fuerant
1468 2093 1602 2138 latera
1618 2093 1802 2154 Aquilo-

405 2167 488 2211 nis.
513 2166 617 2211 Ideo
635 2176 678 2211 et
699 2166 745 2209 in
764 2165 844 2210 alia
863 2166 1082 2224 Scriptura
1104 2164 1286 2210 dicitur:
1309 2185 1327 2208 «
1342 2167 1411 2213 Ab
1429 2166 1646 2226 Aquilone
1661 2166 1801 2210 nubes

409 2255 430 2280 »
466 2237 622 2283 coloris
644 2237 786 2288 aurei,
811 2238 858 2281 in
878 2236 945 2280 his
968 2245 1031 2280 est
1059 2251 1218 2295 magna
1251 2236 1386 2294 gloria
1412 2246 1455 2281 et
1488 2237 1628 2282 honor
1649 2236 1803 2281 Omni-

408 2327 430 2352 »
466 2310 656 2369 potentis
671 2311 701 2352 ⁷.
732 2327 752 2350 >›
778 2312 936 2367 Magna
958 2306 1074 2350 enim
1097 2307 1229 2364 gloria
1257 2307 1414 2352 medici
1438 2318 1501 2352 est
1516 2344 1526 2364 ,
1552 2307 1730 2368 quando
1751 2323 1801 2352 ex

406 2378 707 2440 desperatione
729 2378 991 2424 convalescit
1012 2387 1215 2437 aegrotus
1237 2379 1306 2423 Ab
1331 2378 1548 2439 Aquilone
1570 2379 1731 2436 nubes,
1758 2389 1802 2426 et

457 2482 467 2498 ¹
490 2475 605 2517 Ephes.
633 2487 666 2518 ιι,
694 2474 746 2516 14.
773 2492 815 2497 -
834 2481 846 2497 2
866 2474 945 2506 Psal.
964 2485 1060 2514 cxvu‚
1084 2482 1137 2505 22.
1166 2491 1207 2496 —-
1236 2472 1249 2496 3
1268 2476 1359 2506 Rom.
1378 2486 1428 2513 ix,
1443 2484 1494 2517 27.
1516 2473 1724 2517 ——41d.x1‚
1749 2486 1798 2517 ις.

410 2529 479 2556 ...5
497 2533 567 2564 lsai.
588 2542 659 2572 xiv,
679 2532 729 2573 13,
752 2530 788 2573 ¹4
827 2548 868 2553 —-
893 2528 907 2552 ὓ
922 2530 1036 2563 matth.
1053 2541 1108 2572 xil,
1125 2539 1178 2572 29.
1198 2547 1238 2553 -
1256 2537 1269 2562 7
1291 2531 1366 2563 Job.
1382 2542 1502 2573 xxxvii,
1521 2540 1576 2564 22.
