1841 3223
428 260 671 289 minna-mo
704 261 748 289 m
780 259 983 289 PsALMUM
1014 260 1133 287 xmv.
1375 246 1460 285 293

77 347 99 370 n
135 328 254 373 enim
275 327 474 373 homines
491 342 536 370 se
549 327 662 386 ipsos
686 335 878 371 amantes
891 328 922 370 ¹.
941 344 961 367 »
979 324 1167 385 Displice
1185 323 1277 379 tibi,
1296 323 1467 384 placeat

75 398 155 444 tibi
168 399 243 459 qui
258 407 300 443 te
313 397 438 456 fecit,
453 397 556 458 quia
572 397 618 440 in
637 412 688 440 eo
702 397 780 440 tibi
793 395 992 456 displices
1013 395 1133 455 quod
1156 396 1199 438 in
1218 404 1261 439 tc
1282 394 1372 454 ipse
1394 393 1462 438 fe-

75 469 184 513 cisti.
210 469 330 528 Opus
347 481 449 525 ergo
467 476 593 511 tuum
615 466 669 510 sit
689 465 783 510 laus
801 466 878 510 Dei
895 501 905 520 ,
931 475 1100 510 eructet
1122 481 1196 510 cor
1213 474 1341 509 tuum
1359 479 1462 509 ver-

74 539 183 583 bum
200 538 383 582 bonum.
414 556 435 579 «
460 537 536 581 Dic
555 551 656 595 ergo
678 551 808 596 opera
830 545 904 579 tua
923 536 1032 593 regi:
1053 554 1071 576 n
1089 535 1192 595 quia
1214 544 1264 579 ut
1281 534 1462 590 diceres,

75 624 148 653 rex
164 607 290 664 fecit,
311 617 354 653 et
370 608 461 668 ipse
483 608 661 652 donavit
682 605 803 667 quod
825 605 1018 650 offerres.
1032 604 1184 649 Redde
1205 604 1267 648 illi
1289 604 1343 648 de
1364 620 1461 660 suo,

74 695 129 724 ne
150 678 254 724 velis
275 688 449 739 accepta
467 688 588 738 parte
601 677 850 738 patrimonii
864 676 929 720 tui
946 676 1008 719 ire
1028 675 1201 733 longius
1219 684 1262 719 et
1283 675 1464 734 prodige

73 749 254 810 perdere
273 751 319 794 in
336 749 598 804 meretrices,
615 758 658 793 et
674 763 828 808 porcos
844 762 1034 808 pascere.
1061 749 1154 790 Hoc
1175 745 1465 790 recordamini

75 836 127 865 ex
151 819 404 880 Evangelio.
432 819 517 865 Sed
539 820 668 863 etiam
698 818 753 862 de
772 818 896 863 nobis
919 817 1083 862 dictum
1108 825 1193 872 est,
1224 818 1465 861 «Mortuus

76 909 96 932 n
132 899 224 935 crat
245 900 288 935 et
310 891 488 948 revixit3
511 890 719 950 perierat,
746 898 789 933 et
808 889 1012 933 inventus
1034 896 1098 931 est
1111 891 1143 932 ².
1173 905 1193 928 »

131 963 187 1005 X.
209 981 229 1003 «
249 961 416 1020 Lingua
435 976 531 1005 mea
553 959 744 1004 calamus
766 959 936 1014 scribae,
952 956 1159 1002 velociter
1179 957 1421 1002 scribentis.
1439 975 1460 998 υ

73 1034 169 1077 Non
191 1031 429 1076 defuerunt
451 1032 527 1091 qui
554 1031 613 1075 sic
634 1030 933 1089 intelligerent
955 1030 1215 1088 Prophetam
1240 1044 1289 1072 ea
1311 1028 1466 1072 dixisse

73 1118 173 1163 quae
191 1102 412 1155 scriberet,
438 1110 482 1145 et
501 1099 600 1145 ideo
622 1100 816 1159 linguam
843 1115 965 1143 suam
987 1098 1153 1143 calamo
1175 1099 1328 1143 scribae
1349 1113 1466 1143 com-

72 1187 257 1233 parasse.
288 1191 309 1214 «
332 1170 551 1216 Velociter
568 1179 714 1215 autem
738 1169 1000 1214 scribentis»
1026 1168 1213 1213 voluisse
1235 1169 1394 1223 dicere,
1416 1177 1467 1212 ut

73 1242 337 1302 significaret
357 1257 407 1286 ea
428 1256 472 1285 se
494 1240 697 1295 scribere,
718 1255 817 1300 quae
830 1239 1037 1284 velociter
1053 1248 1237 1283 ventura
1257 1248 1396 1294 erant,
1416 1247 1468 1283 ut

72 1313 281 1360 velociter
311 1312 524 1368 scribere,
560 1311 726 1356 velocia
763 1310 950 1354 scribere
981 1309 1248 1368 intelligatur
1267 1345 1277 1365 ,
1302 1308 1348 1354 id
1371 1318 1465 1365 est,

73 1384 260 1429 scribere
281 1399 372 1429 non
394 1383 632 1428 tardatura.
659 1385 755 1428 Non
778 1382 895 1425 enim
918 1381 1105 1425 tardavit
1127 1384 1241 1426 Deus
1264 1381 1468 1425 exhibere

75 1455 314 1502 Christum.
341 1457 482 1508 Quam
504 1455 590 1500 cito
611 1453 839 1499 evolutum
861 1453 1067 1508 sentitur,
1099 1451 1220 1513 quod
1243 1461 1467 1511 peractum

74 1526 344 1584 agnoscitur?
356 1524 601 1570 Recordare
616 1524 915 1583 generationes
933 1533 1033 1568 ante
1048 1523 1313 1579 te,invcnies
1327 1521 1468 1567 Adam

74 1606 283 1656 tanquam
300 1597 504 1641 hesterno
521 1595 592 1640 die
612 1594 793 1640 factum.
814 1598 878 1638 Ita
897 1603 1015 1653 gesta
1035 1593 1219 1653 legimus
1243 1593 1388 1637 onmia
1412 1593 1467 1637 ab

73 1669 166 1728 ipso
189 1667 404 1728 principio
425 1687 434 1713 2
460 1681 562 1726 ergo
577 1666 787 1711 velociter
805 1665 919 1710 facta
941 1674 1058 1709 sunt.
1085 1664 1304 1709 Velociter
1326 1665 1407 1708 erit
1424 1673 1468 1709 ct

73 1738 163 1784 dies
174 1738 328 1799 judicii
349 1758 358 1783 ι
384 1738 577 1798 praeveni
598 1737 876 1782 velocitatem
897 1736 1030 1796 ipsius
1049 1755 1057 1780 :
1075 1734 1283 1780 velociter
1302 1735 1466 1790 veniet,

73 1809 264 1855 velocius
296 1820 345 1854 tu
378 1819 564 1852 mutare.
591 1808 744 1852 Aderit
773 1806 901 1852 facies
924 1807 1103 1864 judicis,
1142 1806 1218 1851 sed
1239 1806 1338 1850 vide
1361 1805 1469 1866 quid

74 1879 182 1924 dicit
203 1878 420 1938 Propheta
443 1895 452 1922 ι
481 1895 501 1919 «
527 1875 849 1920 Praeveniamus
872 1874 1027 1918 faciem
1049 1875 1140 1934 ejus
1161 1877 1207 1917 in
1232 1875 1469 1919 confessio-

79 1968 99 1991 »
135 1964 191 1992 ne
205 1949 237 1992 ³.
263 1947 431 1992 Diffusa
458 1955 522 1990 est
557 1946 694 2005 gratia
721 1946 766 1989 in
796 1943 921 1989 labiis
944 1944 1028 1989 tuis
1045 1980 1056 2000 ,
1080 1952 1311 2005 propterea
1331 1944 1469 1989 bene-

79 2037 101 2061 »
135 2018 244 2064 dixit
260 2028 303 2063 te
321 2021 436 2063 Deus
456 2016 503 2061 in
524 2026 753 2061 aeternum.
783 2034 802 2057 »

135 2091 215 2134 XI.
247 2107 268 2130 «
286 2087 524 2145 Accingere
546 2085 739 2145 gladium
768 2095 895 2130 tuum
919 2085 1032 2130 circa
1054 2084 1197 2129 femur
1218 2085 1468 2145 potentissi-

82 2178 102 2202 »
138 2174 206 2202 me
221 2159 252 2202 4.
279 2156 484 2202 Gladium
507 2165 632 2200 tuum
651 2191 663 2211 ,
691 2174 711 2196 »
739 2155 871 2216 quid,
897 2155 979 2199 nisi
1005 2155 1190 2199 verbum
1212 2158 1365 2200 tuum?
1388 2156 1470 2200 Illo

80 2229 225 2288 gladio
246 2228 397 2273 stravit
419 2227 617 2272 inimicos
633 2261 644 2282 ,
668 2225 744 2271 illo
774 2225 917 2284 gladio
938 2225 1083 2271 divisit
1105 2226 1244 2269 filiuni
1273 2243 1294 2270 a
1317 2235 1438 2285 patre
1454 2261 1465 2282 ,

81 2299 212 2343 filiam
236 2315 259 2343 a
281 2307 418 2342 matre
435 2332 447 2352 ,
472 2312 634 2341 nurum
652 2313 676 2341 a
697 2312 840 2341 socru.
867 2296 1069 2353 Legimus
1085 2295 1180 2339 haec
1202 2296 1248 2339 in
1269 2298 1471 2353 Evange-

80 2368 140 2413 lio
165 2388 175 2413 ι
199 2388 220 2411 «
243 2371 341 2414 Non
363 2367 464 2412 veni
485 2382 636 2426 pacem
657 2366 852 2419 mittere,
875 2365 949 2409 sed
973 2364 1179 2422 gladium.
1198 2368 1255 2408 Et
1278 2375 1406 2409 erunt
1426 2366 1471 2410 in

87 2457 107 2480 »
145 2454 227 2482 una
251 2438 382 2482 domo
409 2437 605 2497 quinque
637 2437 761 2480 divisi
798 2435 1025 2479 adversum
1054 2450 1120 2489 se,
1156 2434 1245 2479 duo
1267 2435 1470 2480 adversus

88 2527 109 2549 »
144 2517 255 2563 tres,
282 2517 325 2552 et
353 2517 437 2551 tres
462 2507 665 2551 adversus
697 2506 806 2550 duos
829 2514 957 2549 erunt
983 2505 1106 2549 divisi
1129 2525 1136 2550 :
1168 2504 1211 2549 id
1238 2514 1324 2560 cst,
1358 2506 1470 2550 silius

136 2599 142 2613 ¹
166 2601 184 2623 ¹).
203 2593 282 2624 Tim.
306 2599 476 2632 1n,12.—
495 2597 507 2613 ²
529 2592 603 2622 Luc.
626 2601 680 2629 xv,
700 2590 751 2621 ὃν..
775 2587 842 2611 —3
861 2587 940 2619 Psal.
961 2599 1044 2630 xciv,
1065 2597 1095 2620 2.
1118 2587 1257 2620 --41d.
1283 2587 1423 2629 x1,1v,l{.
