<?xml version="1.0" encoding="UTF-8"?>
<!DOCTYPE html PUBLIC "-//W3C//DTD XHTML 1.0 Transitional//EN"
    "http://www.w3.org/TR/xhtml1/DTD/xhtml1-transitional.dtd">
<html xmlns="http://www.w3.org/1999/xhtml" xml:lang="en" lang="en">
 <head>
  <title>
</title>
<meta http-equiv="Content-Type" content="text/html;charset=utf-8" />
  <meta name='ocr-system' content='tesseract 3.04.00' />
  <meta name='ocr-capabilities' content='ocr_page ocr_carea ocr_par ocr_line ocrx_word'/>
</head>
<body>
  <div class='ocr_page' id='page_1' title='image "./operaomniaaccura08auguuoft_0282.png"; bbox 0 0 1841 3223; ppageno 0'>
   <div class='ocr_carea' id='block_1_1' title="bbox 293 2420 314 2434">
    <p class='ocr_par' dir='ltr' id='par_1_1' title="bbox 293 2420 314 2434">
     <span class='ocr_line' id='line_1_1' title="bbox 293 2420 314 2434; baseline 0 0"><span class='ocrx_word' id='word_1_1' title='bbox 293 2420 314 2434; x_wconf 61' lang='grc' dir='ltr'><strong>Α</strong></span> 
     </span>
    </p>
   </div>
   <div class='ocr_carea' id='block_1_2' title="bbox 366 238 1315 276">
    <p class='ocr_par' dir='ltr' id='par_1_2' title="bbox 366 238 1315 276">
     <span class='ocr_line' id='line_1_2' title="bbox 366 238 1315 276; baseline 0 0"><span class='ocrx_word' id='word_1_2' title='bbox 366 238 448 276; x_wconf 75' lang='lat'>268</span> <span class='ocrx_word' id='word_1_3' title='bbox 800 245 833 273; x_wconf 82' lang='lat' dir='ltr'>s.</span> <span class='ocrx_word' id='word_1_4' title='bbox 870 245 1101 275; x_wconf 67' lang='lat' dir='ltr'>Accusnm</span> <span class='ocrx_word' id='word_1_5' title='bbox 1133 248 1315 276; x_wconf 78' lang='lat' dir='ltr'>EPISCOPI</span> 
     </span>
    </p>
   </div>
   <div class='ocr_carea' id='block_1_3' title="bbox 362 311 1756 1650">
    <p class='ocr_par' dir='ltr' id='par_1_3' title="bbox 362 311 1756 1650">
     <span class='ocr_line' id='line_1_3' title="bbox 368 311 1749 369; baseline 0.002 -14"><span class='ocrx_word' id='word_1_6' title='bbox 368 332 388 356; x_wconf 91' lang='lat'>»</span> <span class='ocrx_word' id='word_1_7' title='bbox 423 313 605 358; x_wconf 85' lang='lat' dir='ltr'>salutem</span> <span class='ocrx_word' id='word_1_8' title='bbox 629 312 780 356; x_wconf 80' lang='lat' dir='ltr'>Jacob.</span> <span class='ocrx_word' id='word_1_9' title='bbox 806 331 825 353; x_wconf 85' lang='lat'>»</span> <span class='ocrx_word' id='word_1_10' title='bbox 861 313 977 367; x_wconf 84' lang='lat' dir='ltr'>Quid</span> <span class='ocrx_word' id='word_1_11' title='bbox 1000 322 1090 369; x_wconf 84' lang='lat' dir='ltr'>cst,</span> <span class='ocrx_word' id='word_1_12' title='bbox 1127 333 1146 356; x_wconf 88' lang='lat'>«</span> <span class='ocrx_word' id='word_1_13' title='bbox 1174 314 1258 367; x_wconf 88' lang='lat' dir='ltr'>Qui</span> <span class='ocrx_word' id='word_1_14' title='bbox 1287 311 1496 357; x_wconf 77' lang='lat' dir='ltr'>mandas?</span> <span class='ocrx_word' id='word_1_15' title='bbox 1524 330 1543 355; x_wconf 87' lang='lat'>»</span> <span class='ocrx_word' id='word_1_16' title='bbox 1569 313 1749 358; x_wconf 83' lang='lat' dir='ltr'>Etiamsi</span> 
     </span>
     <span class='ocr_line' id='line_1_4' title="bbox 363 384 1751 444; baseline -0.001 -15"><span class='ocrx_word' id='word_1_17' title='bbox 363 395 411 429; x_wconf 81' lang='lat' dir='ltr'>tu</span> <span class='ocrx_word' id='word_1_18' title='bbox 442 400 518 444; x_wconf 82' lang='lat' dir='ltr'>per</span> <span class='ocrx_word' id='word_1_19' title='bbox 547 392 665 426; x_wconf 84' lang='lat' dir='ltr'>tuam</span> <span class='ocrx_word' id='word_1_20' title='bbox 692 399 865 443; x_wconf 84' lang='lat' dir='ltr'>prorsus</span> <span class='ocrx_word' id='word_1_21' title='bbox 898 384 1181 428; x_wconf 75' lang='lat' dir='ltr'>substantiam</span> <span class='ocrx_word' id='word_1_22' title='bbox 1218 394 1349 444; x_wconf 83' lang='lat' dir='ltr'>atquc</span> <span class='ocrx_word' id='word_1_23' title='bbox 1378 393 1575 428; x_wconf 85' lang='lat' dir='ltr'>natur.nn</span> <span class='ocrx_word' id='word_1_24' title='bbox 1598 400 1683 444; x_wconf 81' lang='lat' dir='ltr'>qua</span> <span class='ocrx_word' id='word_1_25' title='bbox 1706 400 1751 428; x_wconf 87' lang='lat' dir='ltr'>cs</span> 
     </span>
     <span class='ocr_line' id='line_1_5' title="bbox 363 453 1750 516; baseline -0.001 -17"><span class='ocrx_word' id='word_1_26' title='bbox 363 453 578 516; x_wconf 75' lang='lat' dir='ltr'>quidquid</span> <span class='ocrx_word' id='word_1_27' title='bbox 597 469 660 509; x_wconf 77' lang='lat' dir='ltr'>OS,</span> <span class='ocrx_word' id='word_1_28' title='bbox 687 456 882 499; x_wconf 83' lang='lat' dir='ltr'>occultus</span> <span class='ocrx_word' id='word_1_29' title='bbox 906 472 948 499; x_wconf 90' lang='lat' dir='ltr'>cs</span> <span class='ocrx_word' id='word_1_30' title='bbox 965 492 975 511; x_wconf 85' lang='lat'>‚</span> <span class='ocrx_word' id='word_1_31' title='bbox 1002 472 1081 500; x_wconf 83' lang='lat' dir='ltr'>nec</span> <span class='ocrx_word' id='word_1_32' title='bbox 1105 472 1180 516; x_wconf 87' lang='lat' dir='ltr'>per</span> <span class='ocrx_word' id='word_1_33' title='bbox 1202 457 1285 500; x_wconf 92' lang='grc'>1100</span> <span class='ocrx_word' id='word_1_34' title='bbox 1309 454 1429 516; x_wconf 85' lang='lat' dir='ltr'>quod</span> <span class='ocrx_word' id='word_1_35' title='bbox 1451 470 1494 499; x_wconf 86' lang='lat' dir='ltr'>cs</span> <span class='ocrx_word' id='word_1_36' title='bbox 1518 454 1750 499; x_wconf 70' lang='lat' dir='ltr'>interfuisti</span> 
     </span>
     <span class='ocr_line' id='line_1_6' title="bbox 362 524 1751 586; baseline 0.001 -18"><span class='ocrx_word' id='word_1_37' title='bbox 362 526 573 586; x_wconf 79' lang='lat' dir='ltr'>patril)uS‚</span> <span class='ocrx_word' id='word_1_38' title='bbox 594 535 643 569; x_wconf 89' lang='lat' dir='ltr'>ut</span> <span class='ocrx_word' id='word_1_39' title='bbox 660 524 769 570; x_wconf 86' lang='lat' dir='ltr'>facie</span> <span class='ocrx_word' id='word_1_40' title='bbox 791 525 845 571; x_wconf 87' lang='lat' dir='ltr'>ad</span> <span class='ocrx_word' id='word_1_41' title='bbox 862 526 1015 571; x_wconf 87' lang='lat' dir='ltr'>faeiem</span> <span class='ocrx_word' id='word_1_42' title='bbox 1035 536 1074 570; x_wconf 85' lang='lat' dir='ltr'>te</span> <span class='ocrx_word' id='word_1_43' title='bbox 1091 526 1289 571; x_wconf 73' lang='lat' dir='ltr'>viderent</span> <span class='ocrx_word' id='word_1_44' title='bbox 1307 546 1315 570; x_wconf 87' lang='grc'>;</span> <span class='ocrx_word' id='word_1_45' title='bbox 1337 536 1481 570; x_wconf 85' lang='lat' dir='ltr'>tamen</span> <span class='ocrx_word' id='word_1_46' title='bbox 1498 541 1576 585; x_wconf 64' lang='lat' dir='ltr'>fer</span> <span class='ocrx_word' id='word_1_47' title='bbox 1593 541 1751 586; x_wconf 84' lang='lat' dir='ltr'>quam-</span> 
     </span>
     <span class='ocr_line' id='line_1_7' title="bbox 363 595 1752 641; baseline 0.001 -2"><span class='ocrx_word' id='word_1_48' title='bbox 363 597 472 640; x_wconf 75' lang='lat' dir='ltr'>libet</span> <span class='ocrx_word' id='word_1_49' title='bbox 503 606 742 640; x_wconf 82' lang='lat' dir='ltr'>creaturam</span> <span class='ocrx_word' id='word_1_50' title='bbox 776 606 821 641; x_wconf 85' lang='lat' dir='ltr'>tu</span> <span class='ocrx_word' id='word_1_51' title='bbox 858 596 1035 641; x_wconf 86' lang='lat' dir='ltr'>mandas</span> <span class='ocrx_word' id='word_1_52' title='bbox 1066 596 1249 640; x_wconf 83' lang='lat' dir='ltr'>salutem</span> <span class='ocrx_word' id='word_1_53' title='bbox 1288 596 1439 640; x_wconf 83' lang='lat' dir='ltr'>Jacob.</span> <span class='ocrx_word' id='word_1_54' title='bbox 1477 596 1652 639; x_wconf 72' lang='lat' dir='ltr'>Etenim</span> <span class='ocrx_word' id='word_1_55' title='bbox 1678 595 1752 640; x_wconf 85' lang='lat' dir='ltr'>illa</span> 
     </span>
     <span class='ocr_line' id='line_1_8' title="bbox 362 666 1747 721; baseline -0.001 -10"><span class='ocrx_word' id='word_1_56' title='bbox 362 667 468 712; x_wconf 80' lang='lat' dir='ltr'>visio</span> <span class='ocrx_word' id='word_1_57' title='bbox 490 666 599 711; x_wconf 81' lang='lat' dir='ltr'>facie</span> <span class='ocrx_word' id='word_1_58' title='bbox 622 667 676 711; x_wconf 88' lang='lat' dir='ltr'>ad</span> <span class='ocrx_word' id='word_1_59' title='bbox 708 667 858 711; x_wconf 79' lang='lat' dir='ltr'>faciem</span> <span class='ocrx_word' id='word_1_60' title='bbox 876 703 885 721; x_wconf 87' lang='lat'>‚</span> <span class='ocrx_word' id='word_1_61' title='bbox 917 667 1107 711; x_wconf 85' lang='lat' dir='ltr'>liberatis</span> <span class='ocrx_word' id='word_1_62' title='bbox 1129 667 1175 709; x_wconf 90' lang='lat' dir='ltr'>in</span> <span class='ocrx_word' id='word_1_63' title='bbox 1199 666 1512 710; x_wconf 86' lang='lat' dir='ltr'>resurrectione</span> <span class='ocrx_word' id='word_1_64' title='bbox 1540 675 1747 710; x_wconf 84' lang='lat' dir='ltr'>servatur.</span> 
     </span>
     <span class='ocr_line' id='line_1_9' title="bbox 363 730 1752 798; baseline -0.001 -16"><span class='ocrx_word' id='word_1_65' title='bbox 363 741 419 782; x_wconf 77' lang='lat' dir='ltr'>Et</span> <span class='ocrx_word' id='word_1_66' title='bbox 452 737 513 781; x_wconf 89' lang='lat' dir='ltr'>illi</span> <span class='ocrx_word' id='word_1_67' title='bbox 545 747 684 798; x_wconf 82' lang='lat' dir='ltr'>patres</span> <span class='ocrx_word' id='word_1_68' title='bbox 716 739 847 782; x_wconf 86' lang='lat' dir='ltr'>ctiam</span> <span class='ocrx_word' id='word_1_69' title='bbox 879 737 988 782; x_wconf 77' lang='lat' dir='ltr'>Novi</span> <span class='ocrx_word' id='word_1_70' title='bbox 1013 737 1299 792; x_wconf 75' lang='lat' dir='ltr'>Testamenti,</span> <span class='ocrx_word' id='word_1_71' title='bbox 1338 738 1533 797; x_wconf 86' lang='lat' dir='ltr'>quamvis</span> <span class='ocrx_word' id='word_1_72' title='bbox 1566 730 1752 781; x_wconf 82' lang='lat' dir='ltr'>revelata</span> 
     </span>
     <span class='ocr_line' id='line_1_10' title="bbox 365 807 1751 867; baseline -0.001 -15"><span class='ocrx_word' id='word_1_73' title='bbox 365 808 567 866; x_wconf 69' lang='lat' dir='ltr'>mysteria</span> <span class='ocrx_word' id='word_1_74' title='bbox 592 817 666 852; x_wconf 87' lang='lat' dir='ltr'>tua</span> <span class='ocrx_word' id='word_1_75' title='bbox 696 807 908 862; x_wconf 83' lang='lat' dir='ltr'>viderint,</span> <span class='ocrx_word' id='word_1_76' title='bbox 940 808 1137 867; x_wconf 84' lang='lat' dir='ltr'>quamvis</span> <span class='ocrx_word' id='word_1_77' title='bbox 1172 807 1359 852; x_wconf 87' lang='lat' dir='ltr'>revelata</span> <span class='ocrx_word' id='word_1_78' title='bbox 1391 816 1552 851; x_wconf 84' lang='lat' dir='ltr'>secreta</span> <span class='ocrx_word' id='word_1_79' title='bbox 1576 822 1751 850; x_wconf 89' lang='lat' dir='ltr'>annun-</span> 
     </span>
     <span class='ocr_line' id='line_1_11' title="bbox 362 877 1753 938; baseline -0.002 -15"><span class='ocrx_word' id='word_1_80' title='bbox 362 879 565 924; x_wconf 85' lang='lat' dir='ltr'>tiaverint</span> <span class='ocrx_word' id='word_1_81' title='bbox 582 900 592 936; x_wconf 78' lang='lat'>3</span> <span class='ocrx_word' id='word_1_82' title='bbox 620 888 763 923; x_wconf 85' lang='lat' dir='ltr'>tamen</span> <span class='ocrx_word' id='word_1_83' title='bbox 786 878 831 921; x_wconf 86' lang='lat' dir='ltr'>in</span> <span class='ocrx_word' id='word_1_84' title='bbox 853 877 1028 938; x_wconf 85' lang='lat' dir='ltr'>speculo</span> <span class='ocrx_word' id='word_1_85' title='bbox 1046 894 1090 923; x_wconf 88' lang='lat' dir='ltr'>se</span> <span class='ocrx_word' id='word_1_86' title='bbox 1109 877 1254 922; x_wconf 84' lang='lat' dir='ltr'>videre</span> <span class='ocrx_word' id='word_1_87' title='bbox 1272 877 1474 921; x_wconf 73' lang='lat' dir='ltr'>dixerunt</span> <span class='ocrx_word' id='word_1_88' title='bbox 1493 887 1535 921; x_wconf 85' lang='lat' dir='ltr'>et</span> <span class='ocrx_word' id='word_1_89' title='bbox 1553 878 1596 920; x_wconf 90' lang='lat' dir='ltr'>in</span> <span class='ocrx_word' id='word_1_90' title='bbox 1619 877 1753 934; x_wconf 66' lang='lat' dir='ltr'>[enig-</span> 
     </span>
     <span class='ocr_line' id='line_1_12' title="bbox 362 947 1750 1002; baseline -0.002 -9"><span class='ocrx_word' id='word_1_91' title='bbox 362 960 478 994; x_wconf 87' lang='lat' dir='ltr'>mate</span> <span class='ocrx_word' id='word_1_92' title='bbox 497 970 504 994; x_wconf 89' lang='lat'>:</span> <span class='ocrx_word' id='word_1_93' title='bbox 522 950 680 993; x_wconf 87' lang='lat' dir='ltr'>servari</span> <span class='ocrx_word' id='word_1_94' title='bbox 693 958 837 993; x_wconf 89' lang='lat' dir='ltr'>autcm</span> <span class='ocrx_word' id='word_1_95' title='bbox 852 949 1060 993; x_wconf 84' lang='lat' dir='ltr'>visionem</span> <span class='ocrx_word' id='word_1_96' title='bbox 1075 949 1117 991; x_wconf 87' lang='lat' dir='ltr'>in</span> <span class='ocrx_word' id='word_1_97' title='bbox 1133 947 1330 993; x_wconf 81' lang='lat' dir='ltr'>futurum</span> <span class='ocrx_word' id='word_1_98' title='bbox 1354 948 1463 992; x_wconf 86' lang='lat' dir='ltr'>facie</span> <span class='ocrx_word' id='word_1_99' title='bbox 1481 947 1535 991; x_wconf 91' lang='lat' dir='ltr'>ad</span> <span class='ocrx_word' id='word_1_100' title='bbox 1553 947 1703 991; x_wconf 84' lang='lat' dir='ltr'>faciem</span> <span class='ocrx_word' id='word_1_101' title='bbox 1719 949 1750 1002; x_wconf 84' lang='lat'>¹,</span> 
     </span>
     <span class='ocr_line' id='line_1_13' title="bbox 364 1019 1754 1082; baseline -0.003 -17"><span class='ocrx_word' id='word_1_102' title='bbox 364 1023 540 1082; x_wconf 85' lang='lat' dir='ltr'>quando</span> <span class='ocrx_word' id='word_1_103' title='bbox 569 1021 737 1065; x_wconf 82' lang='lat' dir='ltr'>venerit</span> <span class='ocrx_word' id='word_1_104' title='bbox 766 1019 887 1081; x_wconf 86' lang='lat' dir='ltr'>quod</span> <span class='ocrx_word' id='word_1_105' title='bbox 919 1021 1008 1080; x_wconf 88' lang='lat' dir='ltr'>ipse</span> <span class='ocrx_word' id='word_1_106' title='bbox 1029 1020 1262 1080; x_wconf 84' lang='lat' dir='ltr'>Apostolus</span> <span class='ocrx_word' id='word_1_107' title='bbox 1285 1020 1343 1064; x_wconf 85' lang='lat' dir='ltr'>ait</span> <span class='ocrx_word' id='word_1_108' title='bbox 1365 1036 1373 1060; x_wconf 75' lang='grc' dir='ltr'>ε</span> <span class='ocrx_word' id='word_1_109' title='bbox 1400 1019 1602 1063; x_wconf 85' lang='lat' dir='ltr'>«Mortui</span> <span class='ocrx_word' id='word_1_110' title='bbox 1637 1019 1754 1061; x_wconf 87' lang='lat' dir='ltr'>enim</span> 
     </span>
     <span class='ocr_line' id='line_1_14' title="bbox 366 1090 1750 1148; baseline -0.001 -14"><span class='ocrx_word' id='word_1_111' title='bbox 366 1111 385 1134; x_wconf 89' lang='lat'>»</span> <span class='ocrx_word' id='word_1_112' title='bbox 422 1093 542 1148; x_wconf 84' lang='lat' dir='ltr'>estis,</span> <span class='ocrx_word' id='word_1_113' title='bbox 569 1102 612 1136; x_wconf 88' lang='lat' dir='ltr'>et</span> <span class='ocrx_word' id='word_1_114' title='bbox 627 1093 713 1137; x_wconf 84' lang='lat' dir='ltr'>vita</span> <span class='ocrx_word' id='word_1_115' title='bbox 732 1102 873 1137; x_wconf 82' lang='lat' dir='ltr'>vestra</span> <span class='ocrx_word' id='word_1_116' title='bbox 893 1090 1147 1136; x_wconf 84' lang='lat' dir='ltr'>abscondita</span> <span class='ocrx_word' id='word_1_117' title='bbox 1169 1101 1232 1143; x_wconf 82' lang='lat' dir='ltr'>est</span> <span class='ocrx_word' id='word_1_118' title='bbox 1247 1107 1349 1136; x_wconf 89' lang='lat' dir='ltr'>cum</span> <span class='ocrx_word' id='word_1_119' title='bbox 1370 1091 1544 1136; x_wconf 87' lang='lat' dir='ltr'>Christo</span> <span class='ocrx_word' id='word_1_120' title='bbox 1564 1090 1610 1134; x_wconf 90' lang='lat' dir='ltr'>in</span> <span class='ocrx_word' id='word_1_121' title='bbox 1632 1092 1723 1134; x_wconf 88' lang='lat' dir='ltr'>Deo</span> <span class='ocrx_word' id='word_1_122' title='bbox 1741 1109 1750 1134; x_wconf 75' lang='grc' dir='ltr'>ε</span> 
     </span>
     <span class='ocr_line' id='line_1_15' title="bbox 365 1163 1753 1224; baseline -0.001 -19"><span class='ocrx_word' id='word_1_123' title='bbox 365 1183 386 1206; x_wconf 90' lang='lat'>»</span> <span class='ocrx_word' id='word_1_124' title='bbox 422 1180 521 1221; x_wconf 84' lang='lat' dir='ltr'>cum</span> <span class='ocrx_word' id='word_1_125' title='bbox 540 1174 686 1209; x_wconf 88' lang='lat' dir='ltr'>autem</span> <span class='ocrx_word' id='word_1_126' title='bbox 703 1165 900 1209; x_wconf 85' lang='lat' dir='ltr'>Christus</span> <span class='ocrx_word' id='word_1_127' title='bbox 922 1164 1169 1224; x_wconf 83' lang='lat' dir='ltr'>apparuerit</span> <span class='ocrx_word' id='word_1_128' title='bbox 1188 1163 1275 1208; x_wconf 80' lang='lat' dir='ltr'>vita</span> <span class='ocrx_word' id='word_1_129' title='bbox 1298 1171 1462 1217; x_wconf 82' lang='lat' dir='ltr'>vestra,</span> <span class='ocrx_word' id='word_1_130' title='bbox 1490 1171 1596 1205; x_wconf 88' lang='lat' dir='ltr'>tunc</span> <span class='ocrx_word' id='word_1_131' title='bbox 1615 1170 1658 1205; x_wconf 89' lang='lat' dir='ltr'>et</span> <span class='ocrx_word' id='word_1_132' title='bbox 1678 1175 1753 1205; x_wconf 82' lang='lat' dir='ltr'>vos</span> 
     </span>
     <span class='ocr_line' id='line_1_16' title="bbox 366 1232 1754 1295; baseline 0 -20"><span class='ocrx_word' id='word_1_133' title='bbox 366 1253 386 1275; x_wconf 90' lang='lat'>»</span> <span class='ocrx_word' id='word_1_134' title='bbox 422 1235 681 1295; x_wconf 74' lang='lat' dir='ltr'>apparebitis</span> <span class='ocrx_word' id='word_1_135' title='bbox 698 1251 798 1280; x_wconf 87' lang='lat' dir='ltr'>cum</span> <span class='ocrx_word' id='word_1_136' title='bbox 823 1235 914 1295; x_wconf 87' lang='lat' dir='ltr'>ipso</span> <span class='ocrx_word' id='word_1_137' title='bbox 936 1235 980 1278; x_wconf 88' lang='lat' dir='ltr'>in</span> <span class='ocrx_word' id='word_1_138' title='bbox 1001 1234 1134 1293; x_wconf 78' lang='lat' dir='ltr'>gloria</span> <span class='ocrx_word' id='word_1_139' title='bbox 1150 1238 1183 1277; x_wconf 71' lang='lat'>².</span> <span class='ocrx_word' id='word_1_140' title='bbox 1210 1252 1231 1275; x_wconf 82' lang='lat'>»</span> <span class='ocrx_word' id='word_1_141' title='bbox 1255 1237 1376 1277; x_wconf 88' lang='lat' dir='ltr'>Tunc</span> <span class='ocrx_word' id='word_1_142' title='bbox 1398 1248 1500 1292; x_wconf 80' lang='lat' dir='ltr'>ergo</span> <span class='ocrx_word' id='word_1_143' title='bbox 1523 1232 1648 1276; x_wconf 86' lang='lat' dir='ltr'>nobis</span> <span class='ocrx_word' id='word_1_144' title='bbox 1665 1247 1754 1275; x_wconf 83' lang='lat' dir='ltr'>ser-</span> 
     </span>
     <span class='ocr_line' id='line_1_17' title="bbox 362 1303 1749 1366; baseline -0.001 -16"><span class='ocrx_word' id='word_1_145' title='bbox 362 1317 489 1351; x_wconf 84' lang='lat' dir='ltr'>vatur</span> <span class='ocrx_word' id='word_1_146' title='bbox 510 1307 615 1351; x_wconf 78' lang='lat' dir='ltr'>visio</span> <span class='ocrx_word' id='word_1_147' title='bbox 639 1306 710 1350; x_wconf 91' lang='lat' dir='ltr'>illa</span> <span class='ocrx_word' id='word_1_148' title='bbox 734 1305 841 1351; x_wconf 85' lang='lat' dir='ltr'>facie</span> <span class='ocrx_word' id='word_1_149' title='bbox 864 1306 919 1350; x_wconf 88' lang='lat' dir='ltr'>ad</span> <span class='ocrx_word' id='word_1_150' title='bbox 943 1305 1113 1350; x_wconf 87' lang='lat' dir='ltr'>facicm.</span> <span class='ocrx_word' id='word_1_151' title='bbox 1148 1309 1210 1350; x_wconf 87' lang='lat' dir='ltr'>De</span> <span class='ocrx_word' id='word_1_152' title='bbox 1231 1321 1317 1366; x_wconf 85' lang='lat' dir='ltr'>qua</span> <span class='ocrx_word' id='word_1_153' title='bbox 1343 1314 1386 1349; x_wconf 91' lang='lat' dir='ltr'>et</span> <span class='ocrx_word' id='word_1_154' title='bbox 1403 1307 1590 1349; x_wconf 88' lang='lat' dir='ltr'>Joannes</span> <span class='ocrx_word' id='word_1_155' title='bbox 1618 1303 1749 1348; x_wconf 80' lang='lat' dir='ltr'>dicit:</span> 
     </span>
     <span class='ocr_line' id='line_1_18' title="bbox 367 1373 1756 1435; baseline -0.001 -16"><span class='ocrx_word' id='word_1_156' title='bbox 367 1397 386 1419; x_wconf 92' lang='lat'>«</span> <span class='ocrx_word' id='word_1_157' title='bbox 422 1376 714 1432; x_wconf 76' lang='lat' dir='ltr'>Dilectissimi,</span> <span class='ocrx_word' id='word_1_158' title='bbox 735 1375 811 1420; x_wconf 81' lang='lat' dir='ltr'>filii</span> <span class='ocrx_word' id='word_1_159' title='bbox 834 1377 911 1421; x_wconf 84' lang='lat' dir='ltr'>Dei</span> <span class='ocrx_word' id='word_1_160' title='bbox 933 1393 1082 1421; x_wconf 87' lang='lat' dir='ltr'>sumus</span> <span class='ocrx_word' id='word_1_161' title='bbox 1097 1412 1107 1432; x_wconf 86' lang='grc'>,</span> <span class='ocrx_word' id='word_1_162' title='bbox 1134 1385 1177 1420; x_wconf 84' lang='lat' dir='ltr'>et</span> <span class='ocrx_word' id='word_1_163' title='bbox 1202 1376 1399 1420; x_wconf 88' lang='lat' dir='ltr'>nondum</span> <span class='ocrx_word' id='word_1_164' title='bbox 1425 1374 1625 1435; x_wconf 82' lang='lat' dir='ltr'>apparuit</span> <span class='ocrx_word' id='word_1_165' title='bbox 1646 1373 1756 1434; x_wconf 85' lang='lat' dir='ltr'>quid.</span> 
     </span>
     <span class='ocr_line' id='line_1_19' title="bbox 366 1445 1753 1509; baseline -0.003 -18"><span class='ocrx_word' id='word_1_166' title='bbox 366 1467 385 1490; x_wconf 86' lang='lat'>»</span> <span class='ocrx_word' id='word_1_167' title='bbox 422 1449 580 1492; x_wconf 85' lang='lat' dir='ltr'>crimus</span> <span class='ocrx_word' id='word_1_168' title='bbox 603 1468 611 1493; x_wconf 89' lang='lat'>:</span> <span class='ocrx_word' id='word_1_169' title='bbox 638 1449 795 1493; x_wconf 87' lang='lat' dir='ltr'>scimus</span> <span class='ocrx_word' id='word_1_170' title='bbox 829 1449 930 1509; x_wconf 84' lang='lat' dir='ltr'>quia</span> <span class='ocrx_word' id='word_1_171' title='bbox 968 1463 1067 1492; x_wconf 90' lang='lat' dir='ltr'>cum</span> <span class='ocrx_word' id='word_1_172' title='bbox 1101 1447 1375 1507; x_wconf 79' lang='lat' dir='ltr'>apparuerit,</span> <span class='ocrx_word' id='word_1_173' title='bbox 1407 1445 1563 1490; x_wconf 78' lang='lat' dir='ltr'>similes</span> <span class='ocrx_word' id='word_1_174' title='bbox 1593 1445 1632 1488; x_wconf 83' lang='lat' dir='ltr'>ei</span> <span class='ocrx_word' id='word_1_175' title='bbox 1667 1445 1753 1488; x_wconf 85' lang='lat' dir='ltr'>eri-</span> 
     </span>
     <span class='ocr_line' id='line_1_20' title="bbox 366 1516 1754 1580; baseline -0.001 -18"><span class='ocrx_word' id='word_1_176' title='bbox 366 1539 385 1562; x_wconf 85' lang='lat'>»</span> <span class='ocrx_word' id='word_1_177' title='bbox 420 1535 515 1563; x_wconf 84' lang='lat' dir='ltr'>mus</span> <span class='ocrx_word' id='word_1_178' title='bbox 531 1556 541 1574; x_wconf 84' lang='lat'>‚</span> <span class='ocrx_word' id='word_1_179' title='bbox 563 1520 771 1580; x_wconf 84' lang='lat' dir='ltr'>quoniam</span> <span class='ocrx_word' id='word_1_180' title='bbox 793 1519 1038 1565; x_wconf 78' lang='lat' dir='ltr'>videbimus</span> <span class='ocrx_word' id='word_1_181' title='bbox 1062 1534 1162 1562; x_wconf 83' lang='lat' dir='ltr'>eum</span> <span class='ocrx_word' id='word_1_182' title='bbox 1179 1555 1190 1574; x_wconf 96' lang='grc'>,</span> <span class='ocrx_word' id='word_1_183' title='bbox 1217 1518 1342 1563; x_wconf 86' lang='lat' dir='ltr'>sicuti</span> <span class='ocrx_word' id='word_1_184' title='bbox 1366 1527 1426 1561; x_wconf 90' lang='lat' dir='ltr'>cst</span> <span class='ocrx_word' id='word_1_185' title='bbox 1441 1518 1472 1560; x_wconf 75' lang='lat'>3.</span> <span class='ocrx_word' id='word_1_186' title='bbox 1498 1535 1517 1558; x_wconf 84' lang='lat'>»</span> <span class='ocrx_word' id='word_1_187' title='bbox 1539 1516 1630 1560; x_wconf 82' lang='lat' dir='ltr'>Etsi</span> <span class='ocrx_word' id='word_1_188' title='bbox 1650 1530 1754 1575; x_wconf 82' lang='lat' dir='ltr'>ergo</span> 
     </span>
     <span class='ocr_line' id='line_1_21' title="bbox 363 1586 1756 1650; baseline -0.004 -16"><span class='ocrx_word' id='word_1_189' title='bbox 363 1599 467 1634; x_wconf 86' lang='lat' dir='ltr'>tunc</span> <span class='ocrx_word' id='word_1_190' title='bbox 491 1600 632 1650; x_wconf 84' lang='lat' dir='ltr'>patres</span> <span class='ocrx_word' id='word_1_191' title='bbox 655 1591 789 1634; x_wconf 82' lang='lat' dir='ltr'>nostri</span> <span class='ocrx_word' id='word_1_192' title='bbox 812 1606 901 1634; x_wconf 91' lang='lat' dir='ltr'>non</span> <span class='ocrx_word' id='word_1_193' title='bbox 924 1599 965 1633; x_wconf 87' lang='lat' dir='ltr'>tc</span> <span class='ocrx_word' id='word_1_194' title='bbox 990 1589 1196 1633; x_wconf 79' lang='lat' dir='ltr'>viderunt</span> <span class='ocrx_word' id='word_1_195' title='bbox 1218 1588 1326 1633; x_wconf 85' lang='lat' dir='ltr'>facie</span> <span class='ocrx_word' id='word_1_196' title='bbox 1346 1587 1399 1632; x_wconf 87' lang='lat' dir='ltr'>ad</span> <span class='ocrx_word' id='word_1_197' title='bbox 1421 1586 1576 1632; x_wconf 87' lang='lat' dir='ltr'>faciem</span> <span class='ocrx_word' id='word_1_198' title='bbox 1598 1602 1756 1630; x_wconf 87' lang='lat' dir='ltr'>sccun-</span> 
     </span>
    </p>
   </div>
   <div class='ocr_carea' id='block_1_4' title="bbox 362 1656 1820 1722">
    <p class='ocr_par' dir='ltr' id='par_1_4' title="bbox 362 1656 1820 1722">
     <span class='ocr_line' id='line_1_22' title="bbox 362 1656 1820 1722; baseline -0.003 -17"><span class='ocrx_word' id='word_1_199' title='bbox 362 1660 466 1705; x_wconf 89' lang='lat' dir='ltr'>dum</span> <span class='ocrx_word' id='word_1_200' title='bbox 491 1661 611 1722; x_wconf 83' lang='lat' dir='ltr'>quod</span> <span class='ocrx_word' id='word_1_201' title='bbox 639 1671 687 1706; x_wconf 87' lang='lat' dir='ltr'>tu</span> <span class='ocrx_word' id='word_1_202' title='bbox 722 1678 764 1705; x_wconf 83' lang='lat' dir='ltr'>cs</span> <span class='ocrx_word' id='word_1_203' title='bbox 781 1697 791 1716; x_wconf 86' lang='grc'>,</span> <span class='ocrx_word' id='word_1_204' title='bbox 817 1662 984 1705; x_wconf 84' lang='lat' dir='ltr'>etiamsi</span> <span class='ocrx_word' id='word_1_205' title='bbox 1008 1661 1086 1705; x_wconf 85' lang='lat' dir='ltr'>ista</span> <span class='ocrx_word' id='word_1_206' title='bbox 1115 1661 1222 1705; x_wconf 78' lang='lat' dir='ltr'>visio</span> <span class='ocrx_word' id='word_1_207' title='bbox 1250 1669 1445 1705; x_wconf 81' lang='lat' dir='ltr'>servatur</span> <span class='ocrx_word' id='word_1_208' title='bbox 1465 1660 1509 1703; x_wconf 92' lang='lat' dir='ltr'>in</span> <span class='ocrx_word' id='word_1_209' title='bbox 1538 1674 1755 1702; x_wconf 86' lang='lat' dir='ltr'>resurrec-</span> <span class='ocrx_word' id='word_1_210' title='bbox 1817 1656 1820 1657; x_wconf 40' lang='lat'><em>⁷</em></span> 
     </span>
    </p>
   </div>
   <div class='ocr_carea' id='block_1_5' title="bbox 358 1728 1755 2495">
    <p class='ocr_par' dir='ltr' id='par_1_5' title="bbox 358 1728 1755 2215">
     <span class='ocr_line' id='line_1_23' title="bbox 361 1728 1755 1790; baseline -0.003 -14"><span class='ocrx_word' id='word_1_211' title='bbox 361 1732 479 1776; x_wconf 87' lang='lat' dir='ltr'>tione</span> <span class='ocrx_word' id='word_1_212' title='bbox 498 1752 505 1777; x_wconf 81' lang='lat'>2</span> <span class='ocrx_word' id='word_1_213' title='bbox 524 1741 669 1776; x_wconf 83' lang='lat' dir='ltr'>tamen</span> <span class='ocrx_word' id='word_1_214' title='bbox 687 1742 729 1776; x_wconf 87' lang='lat' dir='ltr'>et</span> <span class='ocrx_word' id='word_1_215' title='bbox 753 1732 786 1775; x_wconf 89' lang='lat' dir='ltr'>si</span> <span class='ocrx_word' id='word_1_216' title='bbox 805 1731 960 1790; x_wconf 71' lang='lat' dir='ltr'>Angcli</span> <span class='ocrx_word' id='word_1_217' title='bbox 977 1731 1225 1775; x_wconf 80' lang='lat' dir='ltr'>affuerunt:</span> <span class='ocrx_word' id='word_1_218' title='bbox 1250 1734 1350 1774; x_wconf 87' lang='lat' dir='ltr'>«Tu</span> <span class='ocrx_word' id='word_1_219' title='bbox 1373 1729 1553 1774; x_wconf 82' lang='lat' dir='ltr'>mandas</span> <span class='ocrx_word' id='word_1_220' title='bbox 1570 1728 1755 1773; x_wconf 81' lang='lat' dir='ltr'>salutem</span> 
     </span>
     <span class='ocr_line' id='line_1_24' title="bbox 364 1800 1755 1860; baseline -0.001 -17"><span class='ocrx_word' id='word_1_221' title='bbox 364 1821 383 1843; x_wconf 89' lang='lat'>»</span> <span class='ocrx_word' id='word_1_222' title='bbox 420 1803 572 1847; x_wconf 80' lang='lat' dir='ltr'>Jacob.</span> <span class='ocrx_word' id='word_1_223' title='bbox 602 1822 621 1843; x_wconf 83' lang='lat'>»</span> <span class='ocrx_word' id='word_1_224' title='bbox 643 1805 741 1848; x_wconf 88' lang='lat' dir='ltr'>Non</span> <span class='ocrx_word' id='word_1_225' title='bbox 763 1801 903 1846; x_wconf 87' lang='lat' dir='ltr'>solum</span> <span class='ocrx_word' id='word_1_226' title='bbox 927 1817 1003 1860; x_wconf 87' lang='lat' dir='ltr'>pcr</span> <span class='ocrx_word' id='word_1_227' title='bbox 1026 1811 1067 1845; x_wconf 87' lang='lat' dir='ltr'>te</span> <span class='ocrx_word' id='word_1_228' title='bbox 1085 1800 1186 1845; x_wconf 85' lang='lat' dir='ltr'>ades</span> <span class='ocrx_word' id='word_1_229' title='bbox 1204 1836 1214 1856; x_wconf 84' lang='lat'>‚</span> <span class='ocrx_word' id='word_1_230' title='bbox 1240 1800 1315 1844; x_wconf 84' lang='lat' dir='ltr'>sed</span> <span class='ocrx_word' id='word_1_231' title='bbox 1339 1816 1416 1860; x_wconf 84' lang='lat' dir='ltr'>per</span> <span class='ocrx_word' id='word_1_232' title='bbox 1431 1814 1755 1860; x_wconf 82' lang='lat' dir='ltr'>quamcumque</span> 
     </span>
     <span class='ocr_line' id='line_1_25' title="bbox 360 1868 1753 1929; baseline -0.003 -13"><span class='ocrx_word' id='word_1_233' title='bbox 360 1882 602 1917; x_wconf 84' lang='lat' dir='ltr'>creaturam</span> <span class='ocrx_word' id='word_1_234' title='bbox 628 1882 749 1916; x_wconf 85' lang='lat' dir='ltr'>tuam</span> <span class='ocrx_word' id='word_1_235' title='bbox 772 1872 945 1915; x_wconf 73' lang='lat' dir='ltr'>affueris</span> <span class='ocrx_word' id='word_1_236' title='bbox 960 1908 970 1927; x_wconf 93' lang='grc'>,</span> <span class='ocrx_word' id='word_1_237' title='bbox 996 1881 1045 1915; x_wconf 88' lang='lat' dir='ltr'>tu</span> <span class='ocrx_word' id='word_1_238' title='bbox 1067 1871 1246 1915; x_wconf 87' lang='lat' dir='ltr'>mandas</span> <span class='ocrx_word' id='word_1_239' title='bbox 1265 1872 1348 1914; x_wconf 90' lang='lat' dir='ltr'>hoc</span> <span class='ocrx_word' id='word_1_240' title='bbox 1371 1879 1548 1929; x_wconf 83' lang='lat' dir='ltr'>propter</span> <span class='ocrx_word' id='word_1_241' title='bbox 1570 1868 1753 1913; x_wconf 86' lang='lat' dir='ltr'>salutem</span> 
     </span>
     <span class='ocr_line' id='line_1_26' title="bbox 359 1940 1755 2003; baseline -0.003 -16"><span class='ocrx_word' id='word_1_242' title='bbox 359 1959 582 1988; x_wconf 72' lang='lat' dir='ltr'>servorum</span> <span class='ocrx_word' id='word_1_243' title='bbox 602 1952 779 1987; x_wconf 86' lang='lat' dir='ltr'>tuorum</span> <span class='ocrx_word' id='word_1_244' title='bbox 798 1941 917 2003; x_wconf 84' lang='lat' dir='ltr'>quod</span> <span class='ocrx_word' id='word_1_245' title='bbox 942 1951 988 1986; x_wconf 86' lang='lat' dir='ltr'>tu</span> <span class='ocrx_word' id='word_1_246' title='bbox 1010 1942 1099 2001; x_wconf 83' lang='lat' dir='ltr'>ipsc</span> <span class='ocrx_word' id='word_1_247' title='bbox 1122 1957 1198 2001; x_wconf 89' lang='lat' dir='ltr'>pcr</span> <span class='ocrx_word' id='word_1_248' title='bbox 1218 1951 1258 1985; x_wconf 89' lang='lat' dir='ltr'>tc</span> <span class='ocrx_word' id='word_1_249' title='bbox 1284 1940 1386 1985; x_wconf 83' lang='lat' dir='ltr'>facis</span> <span class='ocrx_word' id='word_1_250' title='bbox 1409 1957 1417 1982; x_wconf 74' lang='grc' dir='ltr'>ε</span> <span class='ocrx_word' id='word_1_251' title='bbox 1442 1941 1522 1984; x_wconf 83' lang='grc'>1100</span> <span class='ocrx_word' id='word_1_252' title='bbox 1543 1949 1685 1984; x_wconf 88' lang='lat' dir='ltr'>autcm</span> <span class='ocrx_word' id='word_1_253' title='bbox 1706 1941 1755 1984; x_wconf 87' lang='lat' dir='ltr'>fit</span> 
     </span>
     <span class='ocr_line' id='line_1_27' title="bbox 358 2009 1749 2075; baseline -0.002 -18"><span class='ocrx_word' id='word_1_254' title='bbox 358 2031 437 2075; x_wconf 82' lang='lat' dir='ltr'>pro</span> <span class='ocrx_word' id='word_1_255' title='bbox 455 2014 545 2058; x_wconf 86' lang='lat' dir='ltr'>salu</span> <span class='ocrx_word' id='word_1_256' title='bbox 555 2023 594 2057; x_wconf 89' lang='lat' dir='ltr'>tc</span> <span class='ocrx_word' id='word_1_257' title='bbox 610 2028 832 2058; x_wconf 69' lang='lat' dir='ltr'>scrvorutn</span> <span class='ocrx_word' id='word_1_258' title='bbox 852 2022 1027 2056; x_wconf 84' lang='lat' dir='ltr'>tuorum</span> <span class='ocrx_word' id='word_1_259' title='bbox 1048 2011 1171 2072; x_wconf 82' lang='lat' dir='ltr'>quod</span> <span class='ocrx_word' id='word_1_260' title='bbox 1189 2012 1359 2056; x_wconf 85' lang='lat' dir='ltr'>faciunt</span> <span class='ocrx_word' id='word_1_261' title='bbox 1377 2011 1536 2072; x_wconf 82' lang='lat' dir='ltr'>quibus</span> <span class='ocrx_word' id='word_1_262' title='bbox 1553 2009 1749 2054; x_wconf 84' lang='lat' dir='ltr'>mandas.</span> 
     </span>
     <span class='ocr_line' id='line_1_28' title="bbox 360 2080 1752 2144; baseline -0.004 -14"><span class='ocrx_word' id='word_1_263' title='bbox 360 2089 471 2130; x_wconf 88' lang='lat' dir='ltr'>Cum</span> <span class='ocrx_word' id='word_1_264' title='bbox 490 2101 592 2144; x_wconf 78' lang='lat' dir='ltr'>crgo</span> <span class='ocrx_word' id='word_1_265' title='bbox 613 2095 658 2128; x_wconf 89' lang='lat' dir='ltr'>tu</span> <span class='ocrx_word' id='word_1_266' title='bbox 676 2085 766 2144; x_wconf 84' lang='lat' dir='ltr'>ipsc</span> <span class='ocrx_word' id='word_1_267' title='bbox 783 2086 836 2127; x_wconf 88' lang='lat' dir='ltr'>sis</span> <span class='ocrx_word' id='word_1_268' title='bbox 860 2098 931 2127; x_wconf 77' lang='lat' dir='ltr'>rex</span> <span class='ocrx_word' id='word_1_269' title='bbox 950 2099 1069 2127; x_wconf 87' lang='lat' dir='ltr'>meus</span> <span class='ocrx_word' id='word_1_270' title='bbox 1093 2091 1135 2126; x_wconf 84' lang='lat' dir='ltr'>et</span> <span class='ocrx_word' id='word_1_271' title='bbox 1152 2086 1266 2126; x_wconf 82' lang='lat' dir='ltr'>Deus</span> <span class='ocrx_word' id='word_1_272' title='bbox 1284 2097 1423 2137; x_wconf 79' lang='lat' dir='ltr'>meus,</span> <span class='ocrx_word' id='word_1_273' title='bbox 1445 2091 1486 2125; x_wconf 86' lang='lat' dir='ltr'>ct</span> <span class='ocrx_word' id='word_1_274' title='bbox 1506 2090 1553 2125; x_wconf 90' lang='lat' dir='ltr'>tu</span> <span class='ocrx_word' id='word_1_275' title='bbox 1575 2080 1752 2125; x_wconf 84' lang='lat' dir='ltr'>mandes</span> 
     </span>
     <span class='ocr_line' id='line_1_29' title="bbox 359 2154 1369 2215; baseline -0.005 -14"><span class='ocrx_word' id='word_1_276' title='bbox 359 2156 542 2201; x_wconf 84' lang='lat' dir='ltr'>salutem</span> <span class='ocrx_word' id='word_1_277' title='bbox 566 2156 729 2211; x_wconf 81' lang='lat' dir='ltr'>Jacob,</span> <span class='ocrx_word' id='word_1_278' title='bbox 755 2171 888 2215; x_wconf 81' lang='lat' dir='ltr'>quare</span> <span class='ocrx_word' id='word_1_279' title='bbox 912 2156 988 2197; x_wconf 80' lang='lat' dir='ltr'>ista</span> <span class='ocrx_word' id='word_1_280' title='bbox 1013 2169 1131 2197; x_wconf 90' lang='lat' dir='ltr'>nunc</span> <span class='ocrx_word' id='word_1_281' title='bbox 1154 2154 1369 2213; x_wconf 70' lang='lat' dir='ltr'>patimur?</span> 
     </span>
    </p>

    <p class='ocr_par' dir='ltr' id='par_1_6' title="bbox 359 2221 1753 2495">
     <span class='ocr_line' id='line_1_30' title="bbox 423 2221 1753 2285; baseline -0.004 -14"><span class='ocrx_word' id='word_1_282' title='bbox 423 2231 492 2272; x_wconf 83' lang='lat' dir='ltr'>VI.</span> <span class='ocrx_word' id='word_1_283' title='bbox 522 2228 605 2272; x_wconf 84' lang='lat' dir='ltr'>Sed</span> <span class='ocrx_word' id='word_1_284' title='bbox 628 2225 738 2270; x_wconf 84' lang='lat' dir='ltr'>forte</span> <span class='ocrx_word' id='word_1_285' title='bbox 761 2225 976 2285; x_wconf 81' lang='lat' dir='ltr'>praeterita</span> <span class='ocrx_word' id='word_1_286' title='bbox 999 2233 1170 2268; x_wconf 82' lang='lat' dir='ltr'>tantum</span> <span class='ocrx_word' id='word_1_287' title='bbox 1196 2233 1367 2269; x_wconf 86' lang='lat' dir='ltr'>narrata</span> <span class='ocrx_word' id='word_1_288' title='bbox 1399 2232 1500 2267; x_wconf 88' lang='lat' dir='ltr'>sunt</span> <span class='ocrx_word' id='word_1_289' title='bbox 1523 2222 1671 2276; x_wconf 85' lang='lat' dir='ltr'>nobis,</span> <span class='ocrx_word' id='word_1_290' title='bbox 1698 2221 1753 2266; x_wconf 87' lang='lat' dir='ltr'>de</span> 
     </span>
     <span class='ocr_line' id='line_1_31' title="bbox 359 2293 1752 2354; baseline -0.004 -12"><span class='ocrx_word' id='word_1_291' title='bbox 359 2298 509 2342; x_wconf 83' lang='lat' dir='ltr'>futuro</span> <span class='ocrx_word' id='word_1_292' title='bbox 539 2307 681 2342; x_wconf 83' lang='lat' dir='ltr'>autem</span> <span class='ocrx_word' id='word_1_293' title='bbox 713 2312 802 2340; x_wconf 89' lang='lat' dir='ltr'>non</span> <span class='ocrx_word' id='word_1_294' title='bbox 835 2304 899 2339; x_wconf 90' lang='lat' dir='ltr'>est</span> <span class='ocrx_word' id='word_1_295' title='bbox 924 2294 1091 2354; x_wconf 82' lang='lat' dir='ltr'>aliquid</span> <span class='ocrx_word' id='word_1_296' title='bbox 1120 2293 1203 2338; x_wconf 89' lang='lat' dir='ltr'>tale</span> <span class='ocrx_word' id='word_1_297' title='bbox 1236 2293 1512 2354; x_wconf 82' lang='lat' dir='ltr'>sperandum.</span> <span class='ocrx_word' id='word_1_298' title='bbox 1555 2296 1752 2337; x_wconf 87' lang='lat' dir='ltr'>Imovero</span> 
     </span>
     <span class='ocr_line' id='line_1_32' title="bbox 364 2363 1751 2428; baseline -0.003 -16"><span class='ocrx_word' id='word_1_299' title='bbox 364 2370 638 2428; x_wconf 61' lang='lat' dir='ltr'>sperandum.</span> <span class='ocrx_word' id='word_1_300' title='bbox 665 2388 683 2409; x_wconf 90' lang='lat'>«</span> <span class='ocrx_word' id='word_1_301' title='bbox 699 2370 749 2411; x_wconf 93' lang='lat' dir='ltr'>In</span> <span class='ocrx_word' id='word_1_302' title='bbox 768 2376 810 2411; x_wconf 87' lang='lat' dir='ltr'>tc</span> <span class='ocrx_word' id='word_1_303' title='bbox 825 2366 1021 2410; x_wconf 83' lang='lat' dir='ltr'>inimicos</span> <span class='ocrx_word' id='word_1_304' title='bbox 1040 2374 1208 2409; x_wconf 85' lang='lat' dir='ltr'>nostros</span> <span class='ocrx_word' id='word_1_305' title='bbox 1225 2363 1532 2409; x_wconf 79' lang='lat' dir='ltr'>ventilabimus</span> <span class='ocrx_word' id='word_1_306' title='bbox 1545 2363 1576 2406; x_wconf 81' lang='lat'>⁴.</span> <span class='ocrx_word' id='word_1_307' title='bbox 1598 2381 1617 2404; x_wconf 88' lang='lat'>»</span> <span class='ocrx_word' id='word_1_308' title='bbox 1634 2365 1751 2422; x_wconf 83' lang='lat' dir='ltr'>Ergo</span> 
     </span>
     <span class='ocr_line' id='line_1_33' title="bbox 372 2434 1751 2495; baseline -0.001 -15"><span class='ocrx_word' id='word_1_309' title='bbox 372 2448 501 2483; x_wconf 82' lang='lat' dir='ltr'>›atres</span> <span class='ocrx_word' id='word_1_310' title='bbox 534 2439 667 2483; x_wconf 85' lang='lat' dir='ltr'>nostri</span> <span class='ocrx_word' id='word_1_311' title='bbox 690 2437 991 2482; x_wconf 79' lang='lat' dir='ltr'>indicaverunt</span> <span class='ocrx_word' id='word_1_312' title='bbox 1021 2436 1147 2480; x_wconf 89' lang='lat' dir='ltr'>nobis</span> <span class='ocrx_word' id='word_1_313' title='bbox 1171 2451 1302 2495; x_wconf 78' lang='lat' dir='ltr'>opus,</span> <span class='ocrx_word' id='word_1_314' title='bbox 1334 2434 1456 2495; x_wconf 87' lang='lat' dir='ltr'>quod</span> <span class='ocrx_word' id='word_1_315' title='bbox 1485 2442 1685 2494; x_wconf 83' lang='lat' dir='ltr'>operatus</span> <span class='ocrx_word' id='word_1_316' title='bbox 1707 2449 1751 2478; x_wconf 85' lang='lat' dir='ltr'>cs</span> 
     </span>
    </p>
   </div>
   <div class='ocr_carea' id='block_1_6' title="bbox 382 2528 1748 2629">
    <p class='ocr_par' dir='ltr' id='par_1_7' title="bbox 382 2528 1748 2629">
     <span class='ocr_line' id='line_1_34' title="bbox 408 2528 1748 2577; baseline -0.006 -9"><span class='ocrx_word' id='word_1_317' title='bbox 408 2542 416 2557; x_wconf 94' lang='lat'>¹</span> <span class='ocrx_word' id='word_1_318' title='bbox 448 2547 459 2567; x_wconf 89' lang='lat'>1</span> <span class='ocrx_word' id='word_1_319' title='bbox 484 2537 789 2577; x_wconf 31' lang='lat' dir='ltr'>Cor‘x111,12.—</span> <span class='ocrx_word' id='word_1_320' title='bbox 817 2541 828 2556; x_wconf 86' lang='lat'><strong>²</strong></span> <span class='ocrx_word' id='word_1_321' title='bbox 858 2533 976 2566; x_wconf 80' lang='lat' dir='ltr'>Coloss.</span> <span class='ocrx_word' id='word_1_322' title='bbox 998 2543 1051 2575; x_wconf 88' lang='grc'>111,</span> <span class='ocrx_word' id='word_1_323' title='bbox 1075 2532 1106 2571; x_wconf 82' lang='grc'>3,</span> <span class='ocrx_word' id='word_1_324' title='bbox 1132 2530 1162 2572; x_wconf 87' lang='lat'>4.</span> <span class='ocrx_word' id='word_1_325' title='bbox 1190 2549 1229 2555; x_wconf 88' lang='lat'>—-</span> <span class='ocrx_word' id='word_1_326' title='bbox 1257 2530 1270 2554; x_wconf 85' lang='lat'>3</span> <span class='ocrx_word' id='word_1_327' title='bbox 1295 2544 1305 2563; x_wconf 90' lang='lat'>1</span> <span class='ocrx_word' id='word_1_328' title='bbox 1326 2534 1495 2572; x_wconf 78' lang='grc'>.10.’111.111,</span> <span class='ocrx_word' id='word_1_329' title='bbox 1521 2539 1553 2563; x_wconf 79' lang='lat'>2.</span> <span class='ocrx_word' id='word_1_330' title='bbox 1574 2529 1644 2559; x_wconf 72' lang='lat' dir='ltr'>-si</span> <span class='ocrx_word' id='word_1_331' title='bbox 1667 2528 1748 2561; x_wconf 76' lang='lat' dir='ltr'>Psal.</span> 
     </span>
     <span class='ocr_line' id='line_1_35' title="bbox 382 2592 513 2629; baseline -0.015 -7"><span class='ocrx_word' id='word_1_332' title='bbox 382 2602 455 2629; x_wconf 75' lang='lat' dir='ltr'>mn,</span> <span class='ocrx_word' id='word_1_333' title='bbox 480 2592 513 2621; x_wconf 81' lang='lat' dir='ltr'>(i.</span> 
     </span>
    </p>
   </div>
  </div>
 </body>
</html>
