1841 3223
292 173 344 209 10
729 179 763 205 s.
797 175 1026 205 AUGUSTINI
1061 176 1242 204 muscom

288 245 548 292 Consolatur
571 253 778 304 tanquam
796 243 840 287 in
862 243 928 286 via
947 278 957 298 ,
978 241 1054 287 sed
1071 242 1105 287 si
1124 258 1200 287 nos
1223 240 1516 301 intelligamus
1532 241 1670 289 viam:

289 318 390 378 quia
414 326 501 360 tota
523 316 601 359 ista
624 315 708 358 vita
725 349 736 369 ,
757 323 800 357 ct
821 315 964 358 omnia
988 314 1147 374 quibus
1166 314 1298 358 uteris
1316 314 1360 357 in
1383 314 1463 358 hac
1485 314 1594 368 vita,
1615 313 1675 358 sic

290 387 368 432 tibi
390 385 554 431 debent
576 400 664 429 cssc
682 394 887 444 tanquam
911 384 1132 428 stabulum
1156 384 1334 439 viatori,
1355 400 1445 428 non
1468 394 1678 444 tanquam

290 457 445 502 domus
474 455 723 500 habitatori.
750 458 972 500 Memento
1002 456 1213 514 peregisse
1235 464 1276 499 te
1297 454 1486 515 aliquid,
1520 463 1677 498 restare
1720 455 1726 459 ”

290 527 456 589 aliquid
476 546 483 572 ε
501 526 720 570 divertisse
737 536 779 570 te
795 526 849 570 ad
866 526 1168 581 refectionem,
1187 541 1275 570 non
1293 525 1348 570 ad
1367 524 1675 570 defectionem.

350 601 449 642 Vll.
487 600 597 642 Sunt
620 597 695 657 qui
713 597 888 642 dicunt:
916 600 1026 641 Deus
1048 597 1212 651 bonus,
1235 611 1442 655 magnus,
1464 611 1677 652 summus,

291 667 542 722 invisibilis,
559 677 747 711 aeternus
762 703 772 722 ,
794 665 1156 727 incorruptibilis,
1170 667 1304 710 vitam
1326 676 1534 712 :eternam
1554 666 1682 711 nobis

291 739 472 784 daturus
507 747 592 792 est,
625 746 668 782 et
690 737 809 782 illam
836 738 1205 797 incorruptionem
1231 752 1363 797 quam
1397 737 1443 780 in
1467 750 1683 782 resurrec-

292 811 409 856 tione
432 809 628 871 promisit
653 828 661 854 :
686 810 763 853 ista
784 825 888 854 vero
917 808 1135 852 saecularia
1159 817 1202 852 et
1235 809 1489 868 temporalia
1512 808 1567 853 ad
1588 810 1682 852 ‹1ae-

289 895 438 926 mones
454 880 687 940 pertinent,
709 889 752 924 et
772 880 827 923 ad
845 888 1078 939 potestates
1092 878 1184 923 illas
1207 879 1363 922 harum
1384 879 1679 924 tenebrarum.

290 951 484 998 Dicendo
506 952 598 995 haec
616 986 627 1006 ,
652 950 830 1012 quando
855 965 1000 995 amore
1023 949 1303 1010 implicantur
1325 951 1482 994 harum
1506 965 1649 994 rerum
1667 985 1679 1006 ,

291 1021 520 1068 dimittunt
542 1026 705 1077 Deum,
733 1022 855 1083 quasi
879 1021 934 1066 ad
956 1037 1087 1082 quem
1110 1022 1189 1065 ista
1211 1037 1300 1066 non
1330 1021 1604 1081 pertineant,
1641 1029 1685 1066 et

291 1102 497 1154 quaerunt
523 1092 722 1137 nefandis
746 1093 985 1147 sacrificiis,
1011 1108 1061 1136 ac
1088 1092 1234 1137 nescio
1262 1092 1423 1152 quibus
1457 1091 1680 1148 remediis,

293 1174 369 1208 aut
396 1164 542 1208 nescio
571 1180 657 1225 qua
692 1164 920 1208 hominum
945 1161 1094 1207 illicita
1123 1163 1424 1223 persuasione,
1456 1162 1685 1223 providere

293 1234 371 1278 sibi
394 1233 515 1294 quod
536 1234 773 1294 temporale
788 1243 851 1278 est
866 1269 876 1289 ,
902 1232 1038 1278 veluti
1056 1233 1307 1293 pecuniam,
1331 1249 1508 1278 uxorem
1524 1269 1535 1289 ,
1555 1232 1682 1289 filios,

293 1314 337 1349 et
353 1305 386 1349 si
408 1321 491 1365 qua
517 1314 619 1349 sunt
640 1321 738 1364 quae
755 1305 993 1349 humanam
1010 1304 1143 1349 vitam
1163 1314 1239 1348 aut
1260 1304 1543 1348 consolantur
1564 1313 1686 1348 tran-

293 1384 515 1425 seuntem,
541 1384 617 1419 aut
644 1376 889 1435 impediunt
912 1374 1228 1419 ambulantem.
1255 1377 1418 1420 Contra
1439 1375 1564 1419 istam
1587 1375 1685 1434 opi-

293 1446 469 1491 nionem
492 1446 638 1490 divina
667 1446 941 1506 providentia
969 1446 1195 1504 vigilante,
1227 1455 1276 1490 ut
1303 1445 1551 1490 ostenderet
1571 1449 1685 1491 Deus

294 1517 350 1561 ad
373 1533 416 1561 se
438 1517 653 1577 pertinere
681 1517 761 1560 ista
784 1516 951 1572 omnia,
987 1526 1031 1560 ct
1052 1517 1096 1560 in
1117 1532 1193 1560 sua
1216 1532 1305 1561 esse
1326 1526 1564 1577 potestate,
1594 1531 1686 1562 non

294 1587 435 1633 solum
458 1597 618 1632 [eterna
632 1604 731 1648 quae
752 1588 797 1631 in
818 1588 1019 1632 futurum
1038 1588 1252 1647 promisit,
1266 1578 1551 1632 verumetiam
1570 1598 1685 1632 tem-

295 1659 458 1718 poralia
482 1674 581 1719 quae
602 1659 646 1701 in
669 1668 780 1702 terra
805 1658 879 1702 dat
906 1659 1065 1719 quibus
1092 1657 1301 1713 voluerit,
1327 1667 1371 1702 et
1398 1659 1577 1717 quando
1604 1675 1684 1703 vo-

294 1729 424 1774 luerit
444 1738 716 1789 opportune,
746 1729 882 1773 sciens
904 1730 974 1773 cui
997 1728 1071 1772 det
1090 1764 1100 1783 ,
1137 1729 1208 1773 cui
1235 1744 1324 1773 non
1352 1729 1447 1784 det,
1475 1738 1686 1790 tanquam

295 1800 490 1845 medicus
506 1800 835 1854 medicamenta,
852 1801 987 1844 sciens
998 1800 1152 1844 melius
1166 1801 1370 1844 morbum
1384 1802 1536 1860 aegroti
1551 1817 1686 1862 quam

293 1873 384 1933 ipse
396 1882 585 1932 aegrotus
607 1881 680 1918 :ut
697 1888 799 1932 ergo
812 1876 926 1916 Deus
943 1873 1027 1917 hoc
1045 1871 1315 1927 ostenderet,
1333 1872 1556 1917 distribuit
1573 1882 1686 1917 tem-

291 1961 396 2007 pora
420 1944 586 1988 Veteris
617 1953 660 1988 ot
680 1944 791 1989 Novi
827 1944 1106 1988 Testamenti.
1146 1947 1197 1987 In
1227 1945 1373 1988 Veteri
1408 1947 1685 1990 Testamento

290 2016 592 2076 promissiones
606 2024 706 2059 sunt
722 2030 866 2059 rerum
883 2024 1152 2059 terrenarum
1165 2035 1176 2072 3
1190 2014 1235 2057 in
1253 2017 1375 2059 Novo
1393 2024 1538 2059 autem
1563 2017 1685 2075 regni

291 2086 520 2132 coelorum.
560 2086 770 2146 Pleraque
803 2094 1019 2146 praecepta
1043 2089 1181 2129 Deum
1209 2085 1380 2129 colendi
1410 2095 1452 2130 et
1475 2096 1590 2131 recte
1618 2088 1685 2131 vi-

291 2157 448 2212 vendi,
474 2158 563 2217 ipsa
582 2166 684 2201 sunt
709 2167 752 2202 et
773 2157 834 2200 ibi
853 2165 894 2200 et
915 2156 987 2200 hic
1010 2176 1019 2201 ;
1044 2155 1119 2200 sed
1147 2156 1248 2216 quia
1271 2157 1497 2216 promissio
1519 2157 1579 2200 ibi
1599 2157 1684 2203 alia

293 2229 482 2283 videtur,
509 2228 590 2272 alia
620 2229 718 2285 hic,
744 2228 940 2289 jubentis
972 2227 1204 2288 imperium
1238 2237 1282 2272 et
1316 2227 1564 2273 obedientia
1592 2244 1683 2273 ser-

289 2302 443 2345 vientis
466 2300 616 2344 eadem
639 2310 729 2355 est,
756 2299 830 2345 sed
854 2315 1014 2344 merces
1037 2300 1158 2360 quasi
1178 2315 1267 2344 non
1285 2309 1348 2344 est
1374 2299 1542 2345 eadem.
1574 2304 1683 2345 Ete-

290 2373 380 2416 nim
395 2372 477 2417 illis
500 2372 666 2417 dictum
689 2383 752 2417 est
768 2409 779 2428 ,
806 2382 856 2418 ut
877 2373 1094 2432 accipiatis
1119 2382 1275 2417 terram
1293 2373 1603 2433 promissionis,
1633 2382 1684 2418 ut

287 2443 333 2487 in
356 2443 428 2487 illa
453 2444 659 2502 regnetis,
697 2453 746 2488 ut
776 2444 971 2488 inimicos
997 2453 1161 2487 vestros
1185 2443 1394 2503 superetis
1415 2479 1426 2499 ,
1461 2453 1510 2488 ut
1532 2443 1589 2487 ab
1619 2444 1683 2488 eis

290 2529 379 2558 non
395 2513 716 2573 subjugemini,
741 2523 790 2558 ut
807 2515 952 2559 omnia
973 2513 1095 2559 vobis
1116 2513 1343 2559 abundent
1360 2514 1406 2559 in
1427 2515 1508 2559 hac
1531 2523 1645 2559 terra
1661 2549 1673 2569 ‚
