1841 3223
413 179 494 218 338
835 185 867 215 S.
907 185 1137 215 Aucus'nm
1169 186 1351 213 EPISCOPI

409 246 491 288 bus
507 243 707 302 gentibus
728 250 844 296 sunt,
866 250 910 285 et
933 240 1086 285 videtis
1107 241 1165 284 sie
1187 238 1363 284 exaltari
1384 238 1429 282 in
1444 238 1619 282 nomine
1634 238 1793 282 Christi

408 313 643 359 Ecclesiam
662 311 838 367 Christi,
859 320 909 356 ut
928 327 1077 356 omnes
1091 309 1287 355 nondum
1305 308 1529 354 credentes
1546 308 1591 352 in
1603 308 1790 363 Christo,

407 385 488 428 sub
502 383 864 444 pedibusjaeeant
875 385 905 428 C
915 383 1235 428 liristianorum.
1249 381 1410 435 Quanti
1428 381 1542 425 enim
1556 381 1686 425 modo
1695 396 1795 425 cur-

407 464 510 500 runt
523 454 579 499 ad
590 453 826 499 Ecclesiam
842 454 1037 499 nondum
1052 454 1300 507 Christiani,
1319 461 1474 512 rogant
1492 451 1703 496 auxilium
1716 454 1794 496 Ec-

405 525 569 583 clesiae3
589 525 809 571 subveniri
822 525 900 569 sibi
919 524 1209 584 temporaliter
1223 522 1394 577 volunt,
1418 523 1583 567 etiamsi
1600 522 1645 565 in
1665 527 1794 566 aeter-ss

404 612 512 641 num
526 596 751 641 nobiscum
765 611 941 655 regnare
956 597 1099 640 adhuc
1115 593 1285 639 nolunt.
1299 597 1410 638 Cum
1425 609 1574 638 omnes
1587 602 1795 654 quaerunt

403 667 614 712 auxilium
631 666 849 721 Ecclesiae,
868 676 911 709 et
926 666 1001 726 qui
1014 666 1214 710 nondum
1232 664 1396 709 suntin
1420 663 1628 720 Ecclesia,
1644 678 1794 724 nonne

407 757 428 782 ι(
452 737 645 798 Subjecit
665 735 813 796 plebes
836 745 879 780 et
900 745 1046 794 gentes
1068 735 1150 779 sub
1173 734 1357 794 pedibus
1379 734 1564 778 nostris?
1580 752 1600 776 »

463 810 540 852 Vl.
581 806 760 865 «Elegit
795 806 919 850 nobis
944 804 1245 849 haereditatem
1269 820 1412 860 suam,
1445 804 1631 864 speciem
1657 803 1793 848 Jacob

405 897 426 920 »
461 893 596 939 quam
617 876 805 922 dilexit1.
824 897 840 918 »
864 874 1241 921 Pulcliritudinem
1259 873 1496 936 quamdam
1511 875 1647 919 Jacob
1666 873 1797 932 elegit

404 950 529 994 nobis
550 947 848 992 haereditatem
867 963 990 991 suam
1013 947 1163 992 Jacob.
1190 951 1286 992 Duo
1304 946 1456 991 fratres
1475 956 1598 991 erant
1617 946 1731 991 Esaii
1753 955 1796 990 et

404 1020 558 1075 Jacob,
583 1019 629 1063 in
649 1027 773 1063 utero
796 1018 943 1062 matris
965 1018 1094 1062 ambo
1115 1017 1429 1077 confligebant,
1449 1026 1493 1061 et
1511 1016 1565 1060 de
1587 1017 1797 1061 conflictu

402 1091 567 1136 viscera
596 1098 792 1134 materna
825 1089 1138 1149 quatiebantur
1170 1107 1180 1132 2
1210 1097 1253 1132 et
1281 1089 1341 1131 ibi
1373 1103 1474 1132 cum
1507 1087 1596 1132 duo
1628 1096 1792 1142 essent,

405 1161 569 1206 electus
591 1170 654 1205 est
676 1160 833 1216 minor,
855 1160 1165 1220 etpraepositus
1179 1169 1242 1204 est
1263 1160 1430 1220 majori,
1456 1167 1499 1203 et
1516 1158 1683 1204 dictum
1700 1168 1764 1203 est
1783 1177 1792 1203 :

409 1235 538 1277 «Duo
550 1230 702 1292 populi
718 1240 820 1275 sunt
840 1231 885 1275 in
898 1239 1022 1275 utero
1041 1239 1133 1285 tuo,
1158 1240 1200 1274 et
1223 1231 1360 1290 major
1380 1230 1536 1274 serviet
1557 1229 1756 1274 minori2.
1772 1247 1792 1270 »

408 1306 490 1347 Per
511 1318 659 1347 omnes
683 1311 832 1361 gentes
862 1302 1014 1360 major,
1050 1316 1127 1360 per
1155 1316 1304 1344 omnes
1328 1309 1475 1359 gentes
1507 1300 1650 1344 minor
1687 1319 1696 1346 ε
1722 1299 1798 1344 sed

406 1376 550 1421 minor
570 1375 614 1419 in
637 1375 763 1420 bonis
781 1373 1033 1419 Christianis
1049 1408 1059 1427 ,
1086 1372 1231 1416 electis
1248 1407 1258 1426 ,
1281 1371 1384 1432 piis,
1412 1370 1635 1429 fidelibus3
1661 1372 1798 1431 major

406 1447 453 1491 in
480 1446 703 1506 superbis,
736 1444 947 1504 indignis,
973 1444 1295 1504 peccatoribus,
1327 1442 1661 1487 contumacibus
1678 1477 1688 1497 ,
1721 1457 1799 1487 sua

405 1526 584 1578 peccata
605 1514 944 1560 defendentibus
974 1514 1109 1573 magis
1132 1528 1266 1574 quam
1288 1513 1626 1568 confitentibus,
1658 1511 1797 1573 qualis

408 1588 540 1632 etiam
567 1587 656 1646 ipse
682 1584 872 1646 populus
906 1584 1162 1629 Judaeorum
1194 1583 1300 1639 fuit,
1334 1585 1538 1643 ignorans
1569 1583 1644 1627 Dei
1668 1583 1799 1643 justi-

408 1658 536 1713 tiam,
563 1666 607 1701 et
630 1672 753 1701 suam
775 1655 923 1700 volens
946 1656 1254 1699 constituere3.
1286 1654 1370 1699 Sed
1388 1654 1491 1714 quia
1508 1653 1676 1698 dictum
1699 1661 1764 1698 est
1786 1671 1795 1698 :

412 1748 433 1772 ι(
467 1729 606 1789 Major
627 1728 783 1773 serviet
803 1726 961 1771 minori
982 1745 989 1769 z
1013 1744 1032 1766 »
1058 1725 1336 1769 manifestum
1359 1733 1448 1779 est,
1469 1724 1570 1784 quia
1592 1724 1671 1783 piis
1692 1723 1800 1768 sub-

409 1800 571 1844 dentur
584 1798 706 1858 impii
720 1833 731 1853 ,
749 1806 792 1842 et
813 1796 1053 1841 humilibus
1067 1794 1311 1839 subdentur
1325 1794 1517 1854 superbi.
1536 1795 1659 1838 Prior
1672 1803 1800 1839 natus

411 1880 476 1915 est
497 1871 612 1915 Esaii
628 1906 639 1925 ,
664 1879 708 1914 et
729 1869 940 1930 posterior
959 1877 1085 1911 natus
1115 1876 1178 1910 est
1195 1867 1330 1910 Jacob
1357 1885 1364 1910 :
1391 1864 1466 1910 sed
1489 1865 1565 1926 qui
1589 1866 1801 1926 posterius

411 1951 540 1987 natus
562 1950 646 1996 est,
666 1940 871 2001 praelatus
894 1949 956 1983 est
978 1939 1119 1998 primo
1137 1947 1266 1993 nato,
1292 1937 1368 1997 qui
1391 1952 1467 1996 per
1490 1936 1637 1995 gulam
1654 1937 1802 1996 perdi-

412 2012 477 2058 dit
499 2012 787 2073 primogenita
815 2027 906 2056 sua.
945 2011 1012 2055 Sic
1044 2010 1177 2053 habes
1214 2009 1421 2068 seriptum
1459 2028 1468 2052 ε
1505 2008 1802 2053 «Desideravit

415 2103 436 2126 »
471 2083 721 2129 lenticulam
737 2118 747 2137 ,
774 2091 817 2126 et
834 2082 892 2125 ait
913 2080 975 2125 illi
996 2079 1125 2124 frater
1144 2081 1232 2140 ejus
1251 2098 1260 2124 ι
1288 2079 1329 2124 Si
1348 2079 1410 2123 vis
1428 2088 1478 2123 ut
1499 2078 1598 2122 dem
1622 2078 1724 2134 tibi,
1746 2079 1801 2123 da

418 2176 436 2198 »
472 2155 581 2200 mihi
603 2153 891 2214 primogenita
913 2152 1028 2196 tua⁴.
1056 2171 1072 2193 »
1100 2150 1180 2195 Ille
1198 2149 1295 2210 plus
1321 2149 1482 2194 amavit
1504 2148 1625 2209 quod
1647 2165 1801 2194 carna-

413 2227 511 2272 liter
536 2226 839 2286 concupierat,
870 2239 1001 2285 quam
1025 2222 1145 2283 quod
1167 2221 1415 2282 spiritaliter
1442 2221 1562 2281 prius
1582 2221 1801 2266 nascendo

413 2306 631 2342 meruerat
659 2316 668 2341 t
697 2305 740 2341 et
766 2295 968 2355 deposuit
993 2292 1280 2353 primogenita
1304 2308 1380 2336 sua
1396 2327 1406 2347 ,
1442 2300 1493 2335 ut
1516 2291 1800 2337 manducaret

413 2368 681 2413 lenticulam.
732 2365 1004 2411 Lenticulam
1044 2373 1190 2408 autem
1229 2363 1475 2408 invenimus
1517 2363 1665 2407 cibum
1706 2378 1798 2407 esse

414 2438 721 2498 AEgyptiorum
748 2456 756 2482 :
783 2451 884 2483 nam
906 2435 966 2480 ibi
987 2433 1182 2479 abundat
1200 2435 1244 2478 in
1257 2436 1464 2493 AEgypto.
1495 2432 1616 2478 Unde
1634 2433 1802 2491 magni-

463 2528 472 2544 ¹
487 2522 567 2554 Psal.
589 2531 673 2562 uvi,
696 2521 726 2553 5.
745 2537 786 2543 --—
802 2522 904 2552 ²Gcn.
932 2529 1006 2551 xxv.
1024 2520 1076 2551 ⁶13.
1100 2535 1139 2539 —-
1159 2517 1171 2538 5³
1193 2520 1280 2549 Rom.
1300 2529 1331 2559 x,
1352 2518 1382 2550 3.
1403 2515 1473 2547 —4
1492 2519 1572 2550 Gen.
1593 2527 1670 2560 xxv,
1687 2515 1799 2558 :zo-34.
