<?xml version="1.0" encoding="UTF-8"?>
<!DOCTYPE html PUBLIC "-//W3C//DTD XHTML 1.0 Transitional//EN"
    "http://www.w3.org/TR/xhtml1/DTD/xhtml1-transitional.dtd">
<html xmlns="http://www.w3.org/1999/xhtml" xml:lang="en" lang="en">
 <head>
  <title>
</title>
<meta http-equiv="Content-Type" content="text/html;charset=utf-8" />
  <meta name='ocr-system' content='tesseract 3.04.00' />
  <meta name='ocr-capabilities' content='ocr_page ocr_carea ocr_par ocr_line ocrx_word'/>
</head>
<body>
  <div class='ocr_page' id='page_1' title='image "./operaomniaaccura08auguuoft_0522.png"; bbox 0 0 1841 3223; ppageno 0'>
   <div class='ocr_carea' id='block_1_1' title="bbox 347 196 1296 236">
    <p class='ocr_par' dir='ltr' id='par_1_1' title="bbox 347 196 1296 236">
     <span class='ocr_line' id='line_1_1' title="bbox 347 196 1296 236; baseline -0.002 0"><span class='ocrx_word' id='word_1_1' title='bbox 347 196 428 236; x_wconf 88' lang='grc'>508</span> <span class='ocrx_word' id='word_1_2' title='bbox 779 207 812 236; x_wconf 87' lang='lat' dir='ltr'>s.</span> <span class='ocrx_word' id='word_1_3' title='bbox 851 209 1081 236; x_wconf 80' lang='lat' dir='ltr'><strong>AUGUSTINI</strong></span> <span class='ocrx_word' id='word_1_4' title='bbox 1115 209 1296 235; x_wconf 64' lang='lat' dir='ltr'>muscom</span> 
     </span>
    </p>
   </div>
   <div class='ocr_carea' id='block_1_2' title="bbox 345 272 1742 2534">
    <p class='ocr_par' dir='ltr' id='par_1_2' title="bbox 345 272 1731 405">
     <span class='ocr_line' id='line_1_2' title="bbox 345 272 1731 333; baseline 0 -16"><span class='ocrx_word' id='word_1_5' title='bbox 345 274 471 317; x_wconf 86' lang='lat' dir='ltr'>venio</span> <span class='ocrx_word' id='word_1_6' title='bbox 490 289 622 333; x_wconf 84' lang='lat' dir='ltr'>quam</span> <span class='ocrx_word' id='word_1_7' title='bbox 641 289 802 318; x_wconf 87' lang='lat' dir='ltr'>nomen</span> <span class='ocrx_word' id='word_1_8' title='bbox 821 283 945 318; x_wconf 86' lang='lat' dir='ltr'>tuum</span> <span class='ocrx_word' id='word_1_9' title='bbox 973 294 980 318; x_wconf 81' lang='lat'>2</span> <span class='ocrx_word' id='word_1_10' title='bbox 1005 272 1124 328; x_wconf 80' lang='lat' dir='ltr'>Ideo,</span> <span class='ocrx_word' id='word_1_11' title='bbox 1145 293 1159 312; x_wconf 87' lang='lat'>«</span> <span class='ocrx_word' id='word_1_12' title='bbox 1175 272 1427 318; x_wconf 81' lang='lat' dir='ltr'>Confitebor</span> <span class='ocrx_word' id='word_1_13' title='bbox 1450 272 1615 316; x_wconf 86' lang='lat' dir='ltr'>nomini</span> <span class='ocrx_word' id='word_1_14' title='bbox 1640 281 1731 328; x_wconf 85' lang='lat' dir='ltr'>tuo,</span> 
     </span>
     <span class='ocr_line' id='line_1_3' title="bbox 354 345 1076 405; baseline 0.004 -19"><span class='ocrx_word' id='word_1_15' title='bbox 354 367 368 382; x_wconf 68' lang='grc' dir='ltr'>»ι</span> <span class='ocrx_word' id='word_1_16' title='bbox 408 346 584 388; x_wconf 77' lang='lat' dir='ltr'>Domine</span> <span class='ocrx_word' id='word_1_17' title='bbox 601 381 611 399; x_wconf 75' lang='grc'><em>,</em></span> <span class='ocrx_word' id='word_1_18' title='bbox 638 346 738 405; x_wconf 87' lang='lat' dir='ltr'>quia</span> <span class='ocrx_word' id='word_1_19' title='bbox 764 345 929 389; x_wconf 89' lang='lat' dir='ltr'>bonum</span> <span class='ocrx_word' id='word_1_20' title='bbox 955 355 1032 389; x_wconf 89' lang='lat' dir='ltr'>est.</span> <span class='ocrx_word' id='word_1_21' title='bbox 1061 366 1076 385; x_wconf 82' lang='lat'>»</span> 
     </span>
    </p>

    <p class='ocr_par' dir='ltr' id='par_1_3' title="bbox 345 416 1742 2401">
     <span class='ocr_line' id='line_1_4' title="bbox 404 416 1732 476; baseline -0.002 -18"><span class='ocrx_word' id='word_1_22' title='bbox 404 417 483 458; x_wconf 78' lang='lat' dir='ltr'>XI.</span> <span class='ocrx_word' id='word_1_23' title='bbox 526 436 541 455; x_wconf 71' lang='grc' dir='ltr'>κ</span> <span class='ocrx_word' id='word_1_24' title='bbox 573 417 786 468; x_wconf 78' lang='lat' dir='ltr'>Quoniam</span> <span class='ocrx_word' id='word_1_25' title='bbox 811 432 861 460; x_wconf 75' lang='lat' dir='ltr'>ex</span> <span class='ocrx_word' id='word_1_26' title='bbox 895 418 1013 461; x_wconf 91' lang='lat' dir='ltr'>omni</span> <span class='ocrx_word' id='word_1_27' title='bbox 1045 416 1326 461; x_wconf 77' lang='lat' dir='ltr'>tribulatione</span> <span class='ocrx_word' id='word_1_28' title='bbox 1349 416 1541 476; x_wconf 75' lang='lat' dir='ltr'>eripuisti</span> <span class='ocrx_word' id='word_1_29' title='bbox 1567 417 1680 459; x_wconf 83' lang='lat' dir='ltr'>me1.</span> <span class='ocrx_word' id='word_1_30' title='bbox 1714 435 1732 456; x_wconf 82' lang='grc'><em>»</em></span> 
     </span>
     <span class='ocr_line' id='line_1_5' title="bbox 348 486 1736 548; baseline 0.001 -20"><span class='ocrx_word' id='word_1_31' title='bbox 348 486 452 529; x_wconf 81' lang='lat' dir='ltr'>Ideo</span> <span class='ocrx_word' id='word_1_32' title='bbox 480 486 670 531; x_wconf 74' lang='lat' dir='ltr'>intellexi</span> <span class='ocrx_word' id='word_1_33' title='bbox 700 488 800 548; x_wconf 84' lang='lat' dir='ltr'>quia</span> <span class='ocrx_word' id='word_1_34' title='bbox 826 488 989 532; x_wconf 82' lang='lat' dir='ltr'>bonurn</span> <span class='ocrx_word' id='word_1_35' title='bbox 1015 498 1078 533; x_wconf 81' lang='lat' dir='ltr'>est</span> <span class='ocrx_word' id='word_1_36' title='bbox 1101 504 1262 533; x_wconf 91' lang='lat' dir='ltr'>nomen</span> <span class='ocrx_word' id='word_1_37' title='bbox 1295 497 1419 532; x_wconf 87' lang='lat' dir='ltr'>tuum</span> <span class='ocrx_word' id='word_1_38' title='bbox 1441 508 1448 532; x_wconf 92' lang='lat'>:</span> <span class='ocrx_word' id='word_1_39' title='bbox 1476 503 1576 531; x_wconf 89' lang='lat' dir='ltr'>nam</span> <span class='ocrx_word' id='word_1_40' title='bbox 1600 487 1632 530; x_wconf 90' lang='lat' dir='ltr'>si</span> <span class='ocrx_word' id='word_1_41' title='bbox 1653 486 1736 530; x_wconf 87' lang='lat' dir='ltr'>hoc</span> 
     </span>
     <span class='ocr_line' id='line_1_6' title="bbox 346 557 1737 617; baseline 0.001 -19"><span class='ocrx_word' id='word_1_42' title='bbox 346 572 513 615; x_wconf 84' lang='lat' dir='ltr'>possem</span> <span class='ocrx_word' id='word_1_43' title='bbox 544 567 643 602; x_wconf 90' lang='lat' dir='ltr'>ante</span> <span class='ocrx_word' id='word_1_44' title='bbox 669 558 970 603; x_wconf 77' lang='lat' dir='ltr'>tribulationes</span> <span class='ocrx_word' id='word_1_45' title='bbox 998 574 1251 617; x_wconf 81' lang='lat' dir='ltr'>agnoscere,</span> <span class='ocrx_word' id='word_1_46' title='bbox 1278 557 1389 602; x_wconf 84' lang='lat' dir='ltr'>forte</span> <span class='ocrx_word' id='word_1_47' title='bbox 1413 558 1518 601; x_wconf 84' lang='lat' dir='ltr'>mihi</span> <span class='ocrx_word' id='word_1_48' title='bbox 1542 572 1737 601; x_wconf 86' lang='lat' dir='ltr'>necessa-</span> 
     </span>
     <span class='ocr_line' id='line_1_7' title="bbox 346 627 1735 676; baseline 0.001 -6"><span class='ocrx_word' id='word_1_49' title='bbox 346 627 419 670; x_wconf 66' lang='lat' dir='ltr'>ria}</span> <span class='ocrx_word' id='word_1_50' title='bbox 448 643 537 672; x_wconf 90' lang='lat' dir='ltr'>non</span> <span class='ocrx_word' id='word_1_51' title='bbox 566 629 759 673; x_wconf 85' lang='lat' dir='ltr'>fuissent.</span> <span class='ocrx_word' id='word_1_52' title='bbox 801 630 884 676; x_wconf 88' lang='lat' dir='ltr'>Sed</span> <span class='ocrx_word' id='word_1_53' title='bbox 907 630 1101 674; x_wconf 86' lang='lat' dir='ltr'>adhibita</span> <span class='ocrx_word' id='word_1_54' title='bbox 1132 639 1193 674; x_wconf 91' lang='lat' dir='ltr'>est</span> <span class='ocrx_word' id='word_1_55' title='bbox 1219 629 1441 674; x_wconf 87' lang='lat' dir='ltr'>tribulatio</span> <span class='ocrx_word' id='word_1_56' title='bbox 1465 629 1520 673; x_wconf 87' lang='lat' dir='ltr'>ad</span> <span class='ocrx_word' id='word_1_57' title='bbox 1542 628 1735 672; x_wconf 84' lang='lat' dir='ltr'>admoni-</span> 
     </span>
     <span class='ocr_line' id='line_1_8' title="bbox 347 699 1737 754; baseline 0 -12"><span class='ocrx_word' id='word_1_58' title='bbox 347 699 537 754; x_wconf 80' lang='lat' dir='ltr'>tionem,</span> <span class='ocrx_word' id='word_1_59' title='bbox 565 700 804 745; x_wconf 81' lang='lat' dir='ltr'>admonitio</span> <span class='ocrx_word' id='word_1_60' title='bbox 831 700 942 745; x_wconf 81' lang='lat' dir='ltr'>facta</span> <span class='ocrx_word' id='word_1_61' title='bbox 973 711 1035 745; x_wconf 91' lang='lat' dir='ltr'>est</span> <span class='ocrx_word' id='word_1_62' title='bbox 1070 700 1124 745; x_wconf 88' lang='lat' dir='ltr'>ad</span> <span class='ocrx_word' id='word_1_63' title='bbox 1148 710 1269 745; x_wconf 87' lang='lat' dir='ltr'>tuam</span> <span class='ocrx_word' id='word_1_64' title='bbox 1292 700 1605 744; x_wconf 86' lang='lat' dir='ltr'>laudationem.</span> <span class='ocrx_word' id='word_1_65' title='bbox 1639 702 1737 744; x_wconf 90' lang='lat' dir='ltr'>Non</span> 
     </span>
     <span class='ocr_line' id='line_1_9' title="bbox 347 769 1737 831; baseline 0 -18"><span class='ocrx_word' id='word_1_66' title='bbox 347 770 461 814; x_wconf 88' lang='lat' dir='ltr'>enim</span> <span class='ocrx_word' id='word_1_67' title='bbox 485 771 770 831; x_wconf 66' lang='lat' dir='ltr'>intelligerem</span> <span class='ocrx_word' id='word_1_68' title='bbox 801 772 874 815; x_wconf 88' lang='lat' dir='ltr'>ubi</span> <span class='ocrx_word' id='word_1_69' title='bbox 906 787 1062 827; x_wconf 77' lang='lat' dir='ltr'>essem,</span> <span class='ocrx_word' id='word_1_70' title='bbox 1089 773 1166 816; x_wconf 91' lang='lat' dir='ltr'>nisi</span> <span class='ocrx_word' id='word_1_71' title='bbox 1191 771 1245 815; x_wconf 86' lang='lat' dir='ltr'>de</span> <span class='ocrx_word' id='word_1_72' title='bbox 1268 771 1519 815; x_wconf 83' lang='lat' dir='ltr'>infirmitate</span> <span class='ocrx_word' id='word_1_73' title='bbox 1541 786 1634 814; x_wconf 90' lang='lat' dir='ltr'>mea</span> <span class='ocrx_word' id='word_1_74' title='bbox 1657 769 1737 814; x_wconf 87' lang='lat' dir='ltr'>ad-</span> 
     </span>
     <span class='ocr_line' id='line_1_10' title="bbox 347 842 1738 902; baseline 0.001 -17"><span class='ocrx_word' id='word_1_75' title='bbox 347 843 535 887; x_wconf 87' lang='lat' dir='ltr'>monitus</span> <span class='ocrx_word' id='word_1_76' title='bbox 558 859 708 888; x_wconf 87' lang='lat' dir='ltr'>essem.</span> <span class='ocrx_word' id='word_1_77' title='bbox 731 847 794 887; x_wconf 77' lang='lat' dir='ltr'>Ex</span> <span class='ocrx_word' id='word_1_78' title='bbox 813 844 1017 888; x_wconf 89' lang='lat' dir='ltr'>omnibus</span> <span class='ocrx_word' id='word_1_79' title='bbox 1035 860 1135 902; x_wconf 77' lang='lat' dir='ltr'>ergo</span> <span class='ocrx_word' id='word_1_80' title='bbox 1164 843 1521 888; x_wconf 79' lang='lat' dir='ltr'>tribulationibus</span> <span class='ocrx_word' id='word_1_81' title='bbox 1544 842 1738 902; x_wconf 80' lang='lat' dir='ltr'>eripuisti</span> 
     </span>
     <span class='ocr_line' id='line_1_11' title="bbox 347 915 1738 976; baseline 0 -19"><span class='ocrx_word' id='word_1_82' title='bbox 347 929 430 958; x_wconf 87' lang='lat' dir='ltr'>me.</span> <span class='ocrx_word' id='word_1_83' title='bbox 449 918 540 959; x_wconf 86' lang='lat' dir='ltr'>«Et</span> <span class='ocrx_word' id='word_1_84' title='bbox 563 931 692 976; x_wconf 88' lang='lat' dir='ltr'>super</span> <span class='ocrx_word' id='word_1_85' title='bbox 708 916 905 961; x_wconf 84' lang='lat' dir='ltr'>inimicos</span> <span class='ocrx_word' id='word_1_86' title='bbox 926 932 1041 960; x_wconf 91' lang='lat' dir='ltr'>meos</span> <span class='ocrx_word' id='word_1_87' title='bbox 1065 916 1248 976; x_wconf 73' lang='lat' dir='ltr'>respexit</span> <span class='ocrx_word' id='word_1_88' title='bbox 1271 915 1422 959; x_wconf 90' lang='lat' dir='ltr'>oculus</span> <span class='ocrx_word' id='word_1_89' title='bbox 1445 930 1566 958; x_wconf 87' lang='lat' dir='ltr'>meus</span> <span class='ocrx_word' id='word_1_90' title='bbox 1591 934 1599 959; x_wconf 93' lang='lat'>:</span> <span class='ocrx_word' id='word_1_91' title='bbox 1622 933 1641 955; x_wconf 84' lang='lat'>»</span> <span class='ocrx_word' id='word_1_92' title='bbox 1664 929 1738 957; x_wconf 88' lang='lat' dir='ltr'>su-</span> 
     </span>
     <span class='ocr_line' id='line_1_12' title="bbox 345 985 1738 1048; baseline -0.001 -20"><span class='ocrx_word' id='word_1_93' title='bbox 345 1001 423 1045; x_wconf 87' lang='lat' dir='ltr'>per</span> <span class='ocrx_word' id='word_1_94' title='bbox 442 986 537 1031; x_wconf 86' lang='lat' dir='ltr'>illos</span> <span class='ocrx_word' id='word_1_95' title='bbox 577 989 773 1047; x_wconf 70' lang='lat' dir='ltr'>Ziphseos</span> <span class='ocrx_word' id='word_1_96' title='bbox 809 989 995 1048; x_wconf 73' lang='lat' dir='ltr'>respexit</span> <span class='ocrx_word' id='word_1_97' title='bbox 1019 987 1172 1032; x_wconf 86' lang='lat' dir='ltr'>oculus</span> <span class='ocrx_word' id='word_1_98' title='bbox 1206 1003 1341 1032; x_wconf 87' lang='lat' dir='ltr'>meus.</span> <span class='ocrx_word' id='word_1_99' title='bbox 1371 986 1544 1031; x_wconf 84' lang='lat' dir='ltr'>Florem</span> <span class='ocrx_word' id='word_1_100' title='bbox 1573 985 1738 1046; x_wconf 81' lang='lat' dir='ltr'>quippe</span> 
     </span>
     <span class='ocr_line' id='line_1_13' title="bbox 345 1055 1738 1117; baseline -0.001 -17"><span class='ocrx_word' id='word_1_101' title='bbox 345 1056 522 1102; x_wconf 86' lang='lat' dir='ltr'>illorum</span> <span class='ocrx_word' id='word_1_102' title='bbox 556 1059 703 1103; x_wconf 88' lang='lat' dir='ltr'>transii</span> <span class='ocrx_word' id='word_1_103' title='bbox 737 1059 969 1104; x_wconf 84' lang='lat' dir='ltr'>altitudine</span> <span class='ocrx_word' id='word_1_104' title='bbox 1004 1059 1166 1113; x_wconf 84' lang='lat' dir='ltr'>cordis,</span> <span class='ocrx_word' id='word_1_105' title='bbox 1194 1058 1249 1103; x_wconf 86' lang='lat' dir='ltr'>ad</span> <span class='ocrx_word' id='word_1_106' title='bbox 1272 1067 1313 1102; x_wconf 90' lang='lat' dir='ltr'>te</span> <span class='ocrx_word' id='word_1_107' title='bbox 1336 1058 1540 1117; x_wconf 79' lang='lat' dir='ltr'>perveni,</span> <span class='ocrx_word' id='word_1_108' title='bbox 1572 1066 1614 1100; x_wconf 92' lang='lat' dir='ltr'>et</span> <span class='ocrx_word' id='word_1_109' title='bbox 1636 1055 1738 1099; x_wconf 89' lang='lat' dir='ltr'>inde</span> 
     </span>
     <span class='ocr_line' id='line_1_14' title="bbox 346 1127 1739 1190; baseline -0.001 -19"><span class='ocrx_word' id='word_1_110' title='bbox 346 1129 510 1188; x_wconf 80' lang='lat' dir='ltr'>respexi</span> <span class='ocrx_word' id='word_1_111' title='bbox 534 1145 663 1189; x_wconf 86' lang='lat' dir='ltr'>super</span> <span class='ocrx_word' id='word_1_112' title='bbox 684 1129 779 1175; x_wconf 87' lang='lat' dir='ltr'>illos</span> <span class='ocrx_word' id='word_1_113' title='bbox 797 1166 807 1184; x_wconf 78' lang='lat'>‚</span> <span class='ocrx_word' id='word_1_114' title='bbox 850 1139 891 1173; x_wconf 87' lang='lat' dir='ltr'>et</span> <span class='ocrx_word' id='word_1_115' title='bbox 930 1129 1017 1174; x_wconf 87' lang='lat' dir='ltr'>vidi</span> <span class='ocrx_word' id='word_1_116' title='bbox 1055 1130 1157 1190; x_wconf 85' lang='lat' dir='ltr'>quia</span> <span class='ocrx_word' id='word_1_117' title='bbox 1186 1129 1326 1174; x_wconf 88' lang='lat' dir='ltr'>omnis</span> <span class='ocrx_word' id='word_1_118' title='bbox 1350 1144 1449 1172; x_wconf 90' lang='lat' dir='ltr'>caro</span> <span class='ocrx_word' id='word_1_119' title='bbox 1474 1127 1642 1171; x_wconf 71' lang='lat' dir='ltr'>{oenum</span> <span class='ocrx_word' id='word_1_120' title='bbox 1659 1162 1669 1181; x_wconf 87' lang='lat'>‚</span> <span class='ocrx_word' id='word_1_121' title='bbox 1696 1134 1739 1170; x_wconf 86' lang='lat' dir='ltr'>et</span> 
     </span>
     <span class='ocr_line' id='line_1_15' title="bbox 347 1197 1738 1259; baseline 0 -18"><span class='ocrx_word' id='word_1_122' title='bbox 347 1198 486 1242; x_wconf 90' lang='lat' dir='ltr'>omnis</span> <span class='ocrx_word' id='word_1_123' title='bbox 501 1198 670 1244; x_wconf 85' lang='lat' dir='ltr'>claritas</span> <span class='ocrx_word' id='word_1_124' title='bbox 689 1201 875 1244; x_wconf 87' lang='lat' dir='ltr'>hominis</span> <span class='ocrx_word' id='word_1_125' title='bbox 893 1201 1002 1245; x_wconf 87' lang='lat' dir='ltr'>sicut</span> <span class='ocrx_word' id='word_1_126' title='bbox 1021 1201 1100 1245; x_wconf 89' lang='lat' dir='ltr'>ssos</span> <span class='ocrx_word' id='word_1_127' title='bbox 1118 1200 1229 1243; x_wconf 82' lang='lat' dir='ltr'>foeni</span> <span class='ocrx_word' id='word_1_128' title='bbox 1243 1201 1283 1244; x_wconf 78' lang='lat'>²:</span> <span class='ocrx_word' id='word_1_129' title='bbox 1304 1200 1412 1243; x_wconf 89' lang='lat' dir='ltr'>sieut</span> <span class='ocrx_word' id='word_1_130' title='bbox 1426 1197 1617 1259; x_wconf 87' lang='lat' dir='ltr'>quodam</span> <span class='ocrx_word' id='word_1_131' title='bbox 1641 1197 1738 1241; x_wconf 93' lang='lat' dir='ltr'>loco</span> 
     </span>
     <span class='ocr_line' id='line_1_16' title="bbox 346 1267 1740 1331; baseline 0 -19"><span class='ocrx_word' id='word_1_132' title='bbox 346 1269 449 1313; x_wconf 88' lang='lat' dir='ltr'>item</span> <span class='ocrx_word' id='word_1_133' title='bbox 469 1269 628 1314; x_wconf 86' lang='lat' dir='ltr'>dicitur</span> <span class='ocrx_word' id='word_1_134' title='bbox 651 1291 658 1315; x_wconf 89' lang='lat'><strong>:</strong></span> <span class='ocrx_word' id='word_1_135' title='bbox 686 1270 821 1315; x_wconf 87' lang='lat' dir='ltr'>«Vidi</span> <span class='ocrx_word' id='word_1_136' title='bbox 846 1271 1027 1331; x_wconf 90' lang='lat' dir='ltr'>impium</span> <span class='ocrx_word' id='word_1_137' title='bbox 1051 1269 1361 1331; x_wconf 74' lang='lat' dir='ltr'>superexaltari</span> <span class='ocrx_word' id='word_1_138' title='bbox 1387 1278 1430 1313; x_wconf 89' lang='lat' dir='ltr'>et</span> <span class='ocrx_word' id='word_1_139' title='bbox 1452 1268 1610 1312; x_wconf 89' lang='lat' dir='ltr'>elevari</span> <span class='ocrx_word' id='word_1_140' title='bbox 1627 1267 1740 1312; x_wconf 86' lang='lat' dir='ltr'>sicut</span> 
     </span>
     <span class='ocr_line' id='line_1_17' title="bbox 349 1339 1735 1396; baseline -0.001 -13"><span class='ocrx_word' id='word_1_141' title='bbox 349 1358 369 1381; x_wconf 91' lang='lat'>»</span> <span class='ocrx_word' id='word_1_142' title='bbox 405 1339 556 1385; x_wconf 85' lang='lat' dir='ltr'>cedros</span> <span class='ocrx_word' id='word_1_143' title='bbox 590 1342 744 1387; x_wconf 88' lang='lat' dir='ltr'>Libani</span> <span class='ocrx_word' id='word_1_144' title='bbox 778 1362 786 1387; x_wconf 91' lang='lat'>:</span> <span class='ocrx_word' id='word_1_145' title='bbox 818 1343 990 1396; x_wconf 80' lang='lat' dir='ltr'>transii,</span> <span class='ocrx_word' id='word_1_146' title='bbox 1026 1352 1068 1386; x_wconf 89' lang='lat' dir='ltr'>et</span> <span class='ocrx_word' id='word_1_147' title='bbox 1092 1357 1190 1385; x_wconf 87' lang='lat' dir='ltr'>ecce</span> <span class='ocrx_word' id='word_1_148' title='bbox 1224 1357 1313 1385; x_wconf 89' lang='lat' dir='ltr'>non</span> <span class='ocrx_word' id='word_1_149' title='bbox 1348 1349 1440 1384; x_wconf 89' lang='lat' dir='ltr'>erat</span> <span class='ocrx_word' id='word_1_150' title='bbox 1462 1342 1494 1383; x_wconf 77' lang='lat'>3.</span> <span class='ocrx_word' id='word_1_151' title='bbox 1523 1357 1543 1380; x_wconf 90' lang='lat'>»</span> <span class='ocrx_word' id='word_1_152' title='bbox 1571 1341 1735 1393; x_wconf 85' lang='lat' dir='ltr'>Quare,</span> 
     </span>
     <span class='ocr_line' id='line_1_18' title="bbox 351 1409 1740 1471; baseline -0.001 -18"><span class='ocrx_word' id='word_1_153' title='bbox 351 1430 371 1453; x_wconf 76' lang='grc' dir='ltr'>α</span> <span class='ocrx_word' id='word_1_154' title='bbox 405 1414 502 1457; x_wconf 86' lang='lat' dir='ltr'>Non</span> <span class='ocrx_word' id='word_1_155' title='bbox 538 1416 659 1457; x_wconf 76' lang='lat' dir='ltr'>crat?</span> <span class='ocrx_word' id='word_1_156' title='bbox 684 1432 703 1454; x_wconf 88' lang='lat'>»</span> <span class='ocrx_word' id='word_1_157' title='bbox 736 1414 846 1466; x_wconf 85' lang='lat' dir='ltr'>Quia</span> <span class='ocrx_word' id='word_1_158' title='bbox 874 1413 1075 1457; x_wconf 87' lang='lat' dir='ltr'>transisti.</span> <span class='ocrx_word' id='word_1_159' title='bbox 1118 1412 1235 1465; x_wconf 84' lang='lat' dir='ltr'>Quid</span> <span class='ocrx_word' id='word_1_160' title='bbox 1270 1420 1360 1465; x_wconf 86' lang='lat' dir='ltr'>est,</span> <span class='ocrx_word' id='word_1_161' title='bbox 1398 1410 1500 1471; x_wconf 86' lang='lat' dir='ltr'>quia</span> <span class='ocrx_word' id='word_1_162' title='bbox 1524 1409 1740 1454; x_wconf 71' lang='lat' dir='ltr'>transisti?</span> 
     </span>
     <span class='ocr_line' id='line_1_19' title="bbox 347 1481 1740 1542; baseline -0.001 -16"><span class='ocrx_word' id='word_1_163' title='bbox 347 1483 458 1536; x_wconf 87' lang='lat' dir='ltr'>Quia</span> <span class='ocrx_word' id='word_1_164' title='bbox 481 1500 570 1527; x_wconf 89' lang='lat' dir='ltr'>non</span> <span class='ocrx_word' id='word_1_165' title='bbox 600 1485 691 1528; x_wconf 89' lang='lat' dir='ltr'>sine</span> <span class='ocrx_word' id='word_1_166' title='bbox 720 1501 845 1529; x_wconf 82' lang='lat' dir='ltr'>causa</span> <span class='ocrx_word' id='word_1_167' title='bbox 862 1520 872 1538; x_wconf 87' lang='lat'><strong>‚</strong></span> <span class='ocrx_word' id='word_1_168' title='bbox 909 1487 1089 1530; x_wconf 86' lang='lat' dir='ltr'>Sursum</span> <span class='ocrx_word' id='word_1_169' title='bbox 1122 1499 1196 1528; x_wconf 84' lang='lat' dir='ltr'>cor</span> <span class='ocrx_word' id='word_1_170' title='bbox 1213 1519 1223 1538; x_wconf 86' lang='lat'>‚</span> <span class='ocrx_word' id='word_1_171' title='bbox 1249 1481 1432 1538; x_wconf 88' lang='lat' dir='ltr'>audisti,</span> <span class='ocrx_word' id='word_1_172' title='bbox 1458 1481 1560 1542; x_wconf 83' lang='lat' dir='ltr'>quia</span> <span class='ocrx_word' id='word_1_173' title='bbox 1582 1497 1672 1526; x_wconf 90' lang='lat' dir='ltr'>non</span> <span class='ocrx_word' id='word_1_174' title='bbox 1694 1481 1740 1524; x_wconf 87' lang='lat' dir='ltr'>in</span> 
     </span>
     <span class='ocr_line' id='line_1_20' title="bbox 348 1549 1739 1615; baseline -0.001 -18"><span class='ocrx_word' id='word_1_175' title='bbox 348 1563 459 1598; x_wconf 87' lang='lat' dir='ltr'>terra</span> <span class='ocrx_word' id='word_1_176' title='bbox 493 1555 571 1598; x_wconf 85' lang='lat' dir='ltr'>ubi</span> <span class='ocrx_word' id='word_1_177' title='bbox 608 1564 874 1615; x_wconf 84' lang='lat' dir='ltr'>putresceres</span> <span class='ocrx_word' id='word_1_178' title='bbox 916 1549 1182 1610; x_wconf 82' lang='lat' dir='ltr'>remansisti,</span> <span class='ocrx_word' id='word_1_179' title='bbox 1227 1554 1329 1615; x_wconf 86' lang='lat' dir='ltr'>quia</span> <span class='ocrx_word' id='word_1_180' title='bbox 1362 1553 1513 1598; x_wconf 88' lang='lat' dir='ltr'>levasti</span> <span class='ocrx_word' id='word_1_181' title='bbox 1551 1553 1739 1596; x_wconf 86' lang='lat' dir='ltr'>animam</span> 
     </span>
     <span class='ocr_line' id='line_1_21' title="bbox 348 1622 1740 1681; baseline -0.003 -11"><span class='ocrx_word' id='word_1_182' title='bbox 348 1635 467 1669; x_wconf 88' lang='lat' dir='ltr'>tuam</span> <span class='ocrx_word' id='word_1_183' title='bbox 491 1626 545 1670; x_wconf 85' lang='lat' dir='ltr'>ad</span> <span class='ocrx_word' id='word_1_184' title='bbox 567 1630 703 1670; x_wconf 81' lang='lat' dir='ltr'>Deum</span> <span class='ocrx_word' id='word_1_185' title='bbox 726 1662 735 1681; x_wconf 76' lang='lat'><strong>‚</strong></span> <span class='ocrx_word' id='word_1_186' title='bbox 763 1637 806 1670; x_wconf 87' lang='lat' dir='ltr'>et</span> <span class='ocrx_word' id='word_1_187' title='bbox 833 1626 1136 1670; x_wconf 80' lang='lat' dir='ltr'>transcendisti</span> <span class='ocrx_word' id='word_1_188' title='bbox 1159 1626 1309 1670; x_wconf 81' lang='lat' dir='ltr'>cedros</span> <span class='ocrx_word' id='word_1_189' title='bbox 1329 1624 1498 1679; x_wconf 86' lang='lat' dir='ltr'>Libani,</span> <span class='ocrx_word' id='word_1_190' title='bbox 1525 1633 1568 1668; x_wconf 90' lang='lat' dir='ltr'>et</span> <span class='ocrx_word' id='word_1_191' title='bbox 1590 1624 1644 1667; x_wconf 92' lang='lat' dir='ltr'>de</span> <span class='ocrx_word' id='word_1_192' title='bbox 1666 1622 1740 1667; x_wconf 87' lang='lat' dir='ltr'>illa</span> 
     </span>
     <span class='ocr_line' id='line_1_22' title="bbox 347 1694 1740 1756; baseline -0.001 -16"><span class='ocrx_word' id='word_1_193' title='bbox 347 1697 606 1742; x_wconf 86' lang='lat' dir='ltr'>celsitudine</span> <span class='ocrx_word' id='word_1_194' title='bbox 639 1697 859 1742; x_wconf 85' lang='lat' dir='ltr'>attendisti</span> <span class='ocrx_word' id='word_1_195' title='bbox 895 1718 903 1742; x_wconf 90' lang='lat'>:</span> <span class='ocrx_word' id='word_1_196' title='bbox 947 1717 965 1740; x_wconf 88' lang='lat'>«</span> <span class='ocrx_word' id='word_1_197' title='bbox 993 1701 1048 1741; x_wconf 86' lang='lat' dir='ltr'>Et</span> <span class='ocrx_word' id='word_1_198' title='bbox 1081 1713 1180 1741; x_wconf 89' lang='lat' dir='ltr'>ecce</span> <span class='ocrx_word' id='word_1_199' title='bbox 1213 1713 1302 1741; x_wconf 91' lang='lat' dir='ltr'>non</span> <span class='ocrx_word' id='word_1_200' title='bbox 1338 1706 1429 1740; x_wconf 89' lang='lat' dir='ltr'>erat</span> <span class='ocrx_word' id='word_1_201' title='bbox 1446 1731 1460 1751; x_wconf 87' lang='lat'><em>,</em></span> <span class='ocrx_word' id='word_1_202' title='bbox 1485 1705 1528 1740; x_wconf 89' lang='lat' dir='ltr'>et</span> <span class='ocrx_word' id='word_1_203' title='bbox 1551 1694 1740 1756; x_wconf 77' lang='lat' dir='ltr'>quaesisti</span> 
     </span>
     <span class='ocr_line' id='line_1_23' title="bbox 351 1766 1740 1828; baseline -0.003 -15"><span class='ocrx_word' id='word_1_204' title='bbox 351 1787 370 1810; x_wconf 87' lang='lat'>»</span> <span class='ocrx_word' id='word_1_205' title='bbox 406 1784 505 1813; x_wconf 88' lang='lat' dir='ltr'>eum</span> <span class='ocrx_word' id='word_1_206' title='bbox 528 1805 538 1824; x_wconf 88' lang='lat'>,</span> <span class='ocrx_word' id='word_1_207' title='bbox 565 1778 607 1813; x_wconf 90' lang='lat' dir='ltr'>et</span> <span class='ocrx_word' id='word_1_208' title='bbox 629 1785 719 1813; x_wconf 88' lang='lat' dir='ltr'>non</span> <span class='ocrx_word' id='word_1_209' title='bbox 742 1778 806 1813; x_wconf 87' lang='lat' dir='ltr'>est</span> <span class='ocrx_word' id='word_1_210' title='bbox 828 1769 1031 1813; x_wconf 86' lang='lat' dir='ltr'>inventus</span> <span class='ocrx_word' id='word_1_211' title='bbox 1054 1768 1175 1813; x_wconf 92' lang='lat' dir='ltr'>locus</span> <span class='ocrx_word' id='word_1_212' title='bbox 1197 1770 1290 1828; x_wconf 84' lang='lat' dir='ltr'>ejus</span> <span class='ocrx_word' id='word_1_213' title='bbox 1306 1768 1336 1811; x_wconf 76' lang='lat'>⁴.</span> <span class='ocrx_word' id='word_1_214' title='bbox 1357 1785 1376 1808; x_wconf 84' lang='lat'>»</span> <span class='ocrx_word' id='word_1_215' title='bbox 1391 1770 1486 1811; x_wconf 86' lang='lat' dir='ltr'>Jam</span> <span class='ocrx_word' id='word_1_216' title='bbox 1504 1766 1630 1810; x_wconf 88' lang='lat' dir='ltr'>labor</span> <span class='ocrx_word' id='word_1_217' title='bbox 1651 1781 1740 1809; x_wconf 91' lang='lat' dir='ltr'>non</span> 
     </span>
     <span class='ocr_line' id='line_1_24' title="bbox 348 1837 1740 1902; baseline -0.003 -18"><span class='ocrx_word' id='word_1_218' title='bbox 348 1850 412 1885; x_wconf 89' lang='lat' dir='ltr'>cst</span> <span class='ocrx_word' id='word_1_219' title='bbox 429 1851 528 1885; x_wconf 90' lang='lat' dir='ltr'>ante</span> <span class='ocrx_word' id='word_1_220' title='bbox 546 1851 611 1899; x_wconf 79' lang='lat' dir='ltr'>te3</span> <span class='ocrx_word' id='word_1_221' title='bbox 637 1842 738 1902; x_wconf 85' lang='lat' dir='ltr'>quia</span> <span class='ocrx_word' id='word_1_222' title='bbox 761 1841 929 1885; x_wconf 85' lang='lat' dir='ltr'>intrasti</span> <span class='ocrx_word' id='word_1_223' title='bbox 948 1842 990 1884; x_wconf 88' lang='lat' dir='ltr'>in</span> <span class='ocrx_word' id='word_1_224' title='bbox 1005 1841 1299 1884; x_wconf 85' lang='lat' dir='ltr'>sanctuarium</span> <span class='ocrx_word' id='word_1_225' title='bbox 1319 1839 1412 1894; x_wconf 85' lang='lat' dir='ltr'>Dei,</span> <span class='ocrx_word' id='word_1_226' title='bbox 1429 1848 1471 1882; x_wconf 88' lang='lat' dir='ltr'>et</span> <span class='ocrx_word' id='word_1_227' title='bbox 1492 1837 1740 1882; x_wconf 80' lang='lat' dir='ltr'>intellexisti</span> 
     </span>
     <span class='ocr_line' id='line_1_25' title="bbox 347 1908 1741 1968; baseline -0.003 -13"><span class='ocrx_word' id='word_1_228' title='bbox 347 1912 392 1955; x_wconf 90' lang='lat' dir='ltr'>in</span> <span class='ocrx_word' id='word_1_229' title='bbox 412 1912 641 1956; x_wconf 87' lang='lat' dir='ltr'>novissima</span> <span class='ocrx_word' id='word_1_230' title='bbox 659 1915 689 1956; x_wconf 79' lang='lat'>⁵.</span> <span class='ocrx_word' id='word_1_231' title='bbox 718 1913 784 1956; x_wconf 90' lang='lat' dir='ltr'>Sic</span> <span class='ocrx_word' id='word_1_232' title='bbox 807 1921 849 1955; x_wconf 90' lang='lat' dir='ltr'>et</span> <span class='ocrx_word' id='word_1_233' title='bbox 873 1912 941 1954; x_wconf 87' lang='lat' dir='ltr'>hic</span> <span class='ocrx_word' id='word_1_234' title='bbox 965 1912 1022 1954; x_wconf 86' lang='lat' dir='ltr'>ita</span> <span class='ocrx_word' id='word_1_235' title='bbox 1045 1909 1270 1954; x_wconf 87' lang='lat' dir='ltr'>concludit</span> <span class='ocrx_word' id='word_1_236' title='bbox 1293 1928 1300 1953; x_wconf 92' lang='lat'>:</span> <span class='ocrx_word' id='word_1_237' title='bbox 1327 1928 1345 1950; x_wconf 78' lang='grc' dir='ltr'>α</span> <span class='ocrx_word' id='word_1_238' title='bbox 1370 1912 1427 1952; x_wconf 91' lang='lat' dir='ltr'>Et</span> <span class='ocrx_word' id='word_1_239' title='bbox 1444 1924 1573 1968; x_wconf 89' lang='lat' dir='ltr'>super</span> <span class='ocrx_word' id='word_1_240' title='bbox 1595 1908 1741 1951; x_wconf 90' lang='lat' dir='ltr'>inimi-</span> 
     </span>
     <span class='ocr_line' id='line_1_26' title="bbox 350 1979 1740 2042; baseline -0.001 -17"><span class='ocrx_word' id='word_1_241' title='bbox 350 2003 370 2025; x_wconf 85' lang='lat'>»</span> <span class='ocrx_word' id='word_1_242' title='bbox 407 2000 479 2028; x_wconf 90' lang='lat' dir='ltr'>cos</span> <span class='ocrx_word' id='word_1_243' title='bbox 502 1999 620 2027; x_wconf 88' lang='lat' dir='ltr'>meos</span> <span class='ocrx_word' id='word_1_244' title='bbox 651 1983 834 2042; x_wconf 80' lang='lat' dir='ltr'>respexit</span> <span class='ocrx_word' id='word_1_245' title='bbox 863 1982 1015 2027; x_wconf 87' lang='lat' dir='ltr'>oculus</span> <span class='ocrx_word' id='word_1_246' title='bbox 1037 1997 1174 2026; x_wconf 88' lang='lat' dir='ltr'>meus.</span> <span class='ocrx_word' id='word_1_247' title='bbox 1205 2000 1223 2022; x_wconf 84' lang='lat'>»</span> <span class='ocrx_word' id='word_1_248' title='bbox 1253 1984 1345 2025; x_wconf 89' lang='lat' dir='ltr'>Hoc</span> <span class='ocrx_word' id='word_1_249' title='bbox 1364 1981 1475 2038; x_wconf 82' lang='lat' dir='ltr'>agite</span> <span class='ocrx_word' id='word_1_250' title='bbox 1494 1995 1595 2038; x_wconf 79' lang='lat' dir='ltr'>ergo</span> <span class='ocrx_word' id='word_1_251' title='bbox 1612 2016 1622 2035; x_wconf 85' lang='lat'>,</span> <span class='ocrx_word' id='word_1_252' title='bbox 1649 1979 1740 2024; x_wconf 88' lang='lat' dir='ltr'>fra-</span> 
     </span>
     <span class='ocr_line' id='line_1_27' title="bbox 348 2051 1741 2112; baseline -0.004 -12"><span class='ocrx_word' id='word_1_253' title='bbox 348 2066 433 2100; x_wconf 86' lang='lat' dir='ltr'>tres</span> <span class='ocrx_word' id='word_1_254' title='bbox 461 2071 561 2098; x_wconf 88' lang='lat' dir='ltr'>cum</span> <span class='ocrx_word' id='word_1_255' title='bbox 597 2055 750 2099; x_wconf 87' lang='lat' dir='ltr'>animis</span> <span class='ocrx_word' id='word_1_256' title='bbox 787 2055 937 2098; x_wconf 81' lang='lat' dir='ltr'>vestris</span> <span class='ocrx_word' id='word_1_257' title='bbox 958 2089 968 2108; x_wconf 78' lang='lat'>,</span> <span class='ocrx_word' id='word_1_258' title='bbox 1008 2054 1158 2112; x_wconf 82' lang='lat' dir='ltr'>crigite</span> <span class='ocrx_word' id='word_1_259' title='bbox 1195 2052 1327 2097; x_wconf 86' lang='lat' dir='ltr'>corda</span> <span class='ocrx_word' id='word_1_260' title='bbox 1360 2061 1527 2106; x_wconf 82' lang='lat' dir='ltr'>vestra,</span> <span class='ocrx_word' id='word_1_261' title='bbox 1554 2051 1741 2112; x_wconf 81' lang='lat' dir='ltr'>expolite</span> 
     </span>
     <span class='ocr_line' id='line_1_28' title="bbox 348 2122 1742 2183; baseline -0.004 -12"><span class='ocrx_word' id='word_1_262' title='bbox 348 2127 484 2171; x_wconf 89' lang='lat' dir='ltr'>aciem</span> <span class='ocrx_word' id='word_1_263' title='bbox 503 2126 659 2170; x_wconf 87' lang='lat' dir='ltr'>mentis</span> <span class='ocrx_word' id='word_1_264' title='bbox 673 2134 849 2180; x_wconf 77' lang='lat' dir='ltr'>vestrae,</span> <span class='ocrx_word' id='word_1_265' title='bbox 871 2124 1022 2168; x_wconf 86' lang='lat' dir='ltr'>discite</span> <span class='ocrx_word' id='word_1_266' title='bbox 1046 2124 1174 2183; x_wconf 80' lang='lat' dir='ltr'>gratis</span> <span class='ocrx_word' id='word_1_267' title='bbox 1197 2123 1377 2183; x_wconf 80' lang='lat' dir='ltr'>diligere</span> <span class='ocrx_word' id='word_1_268' title='bbox 1401 2126 1561 2177; x_wconf 86' lang='lat' dir='ltr'>Deum,</span> <span class='ocrx_word' id='word_1_269' title='bbox 1590 2122 1742 2167; x_wconf 88' lang='lat' dir='ltr'>discite</span> 
     </span>
     <span class='ocr_line' id='line_1_29' title="bbox 349 2193 1741 2258; baseline -0.003 -18"><span class='ocrx_word' id='word_1_270' title='bbox 349 2213 537 2258; x_wconf 83' lang='lat' dir='ltr'>praescns</span> <span class='ocrx_word' id='word_1_271' title='bbox 569 2205 849 2241; x_wconf 87' lang='lat' dir='ltr'>contemnere</span> <span class='ocrx_word' id='word_1_272' title='bbox 872 2194 1081 2239; x_wconf 84' lang='lat' dir='ltr'>saeculum</span> <span class='ocrx_word' id='word_1_273' title='bbox 1101 2228 1112 2250; x_wconf 83' lang='grc'>,</span> <span class='ocrx_word' id='word_1_274' title='bbox 1145 2194 1295 2238; x_wconf 82' lang='lat' dir='ltr'>discite</span> <span class='ocrx_word' id='word_1_275' title='bbox 1313 2193 1557 2238; x_wconf 88' lang='lat' dir='ltr'>voluntarie</span> <span class='ocrx_word' id='word_1_276' title='bbox 1575 2193 1741 2238; x_wconf 84' lang='lat' dir='ltr'>sacrifi-</span> 
     </span>
     <span class='ocr_line' id='line_1_30' title="bbox 348 2265 1741 2324; baseline -0.004 -10"><span class='ocrx_word' id='word_1_277' title='bbox 348 2285 445 2314; x_wconf 86' lang='lat' dir='ltr'>care</span> <span class='ocrx_word' id='word_1_278' title='bbox 466 2270 652 2313; x_wconf 86' lang='lat' dir='ltr'>hostiam</span> <span class='ocrx_word' id='word_1_279' title='bbox 676 2268 815 2312; x_wconf 80' lang='lat' dir='ltr'>laudis</span> <span class='ocrx_word' id='word_1_280' title='bbox 834 2289 844 2324; x_wconf 78' lang='lat'><em>3</em></span> <span class='ocrx_word' id='word_1_281' title='bbox 876 2277 925 2311; x_wconf 87' lang='lat' dir='ltr'>ut</span> <span class='ocrx_word' id='word_1_282' title='bbox 946 2266 1299 2311; x_wconf 86' lang='lat' dir='ltr'>transcendentes</span> <span class='ocrx_word' id='word_1_283' title='bbox 1318 2265 1469 2310; x_wconf 82' lang='lat' dir='ltr'>florem</span> <span class='ocrx_word' id='word_1_284' title='bbox 1493 2266 1626 2321; x_wconf 83' lang='lat' dir='ltr'>foeni,</span> <span class='ocrx_word' id='word_1_285' title='bbox 1649 2280 1741 2308; x_wconf 88' lang='lat' dir='ltr'>res-</span> 
     </span>
     <span class='ocr_line' id='line_1_31' title="bbox 348 2340 1079 2401; baseline -0.003 -18"><span class='ocrx_word' id='word_1_286' title='bbox 348 2342 515 2401; x_wconf 83' lang='lat' dir='ltr'>piciatis</span> <span class='ocrx_word' id='word_1_287' title='bbox 538 2356 667 2401; x_wconf 88' lang='lat' dir='ltr'>super</span> <span class='ocrx_word' id='word_1_288' title='bbox 688 2340 884 2384; x_wconf 87' lang='lat' dir='ltr'>inimicos</span> <span class='ocrx_word' id='word_1_289' title='bbox 900 2348 1079 2384; x_wconf 85' lang='lat' dir='ltr'>vestros.</span> 
     </span>
    </p>

    <p class='ocr_par' dir='ltr' id='par_1_4' title="bbox 353 2431 1730 2534">
     <span class='ocr_line' id='line_1_32' title="bbox 397 2431 1730 2479; baseline -0.004 -10"><span class='ocrx_word' id='word_1_290' title='bbox 397 2444 406 2460; x_wconf 91' lang='lat'>¹</span> <span class='ocrx_word' id='word_1_291' title='bbox 434 2438 514 2469; x_wconf 71' lang='lat' dir='ltr'>Psal.</span> <span class='ocrx_word' id='word_1_292' title='bbox 548 2450 610 2479; x_wconf 73' lang='lat' dir='ltr'>mn,</span> <span class='ocrx_word' id='word_1_293' title='bbox 638 2449 671 2479; x_wconf 80' lang='lat'>9.</span> <span class='ocrx_word' id='word_1_294' title='bbox 692 2455 734 2460; x_wconf 94' lang='lat'><strong>—</strong></span> <span class='ocrx_word' id='word_1_295' title='bbox 761 2444 772 2459; x_wconf 83' lang='lat'><strong>²</strong></span> <span class='ocrx_word' id='word_1_296' title='bbox 793 2438 864 2469; x_wconf 70' lang='lat' dir='ltr'>lsai.</span> <span class='ocrx_word' id='word_1_297' title='bbox 888 2448 937 2478; x_wconf 61' lang='lat' dir='ltr'>tt,</span> <span class='ocrx_word' id='word_1_298' title='bbox 961 2435 995 2467; x_wconf 89' lang='grc'>6.</span> <span class='ocrx_word' id='word_1_299' title='bbox 1025 2453 1064 2459; x_wconf 86' lang='lat'>—</span> <span class='ocrx_word' id='word_1_300' title='bbox 1086 2433 1099 2458; x_wconf 82' lang='lat'>3</span> <span class='ocrx_word' id='word_1_301' title='bbox 1126 2434 1204 2467; x_wconf 68' lang='lat' dir='ltr'>psal.</span> <span class='ocrx_word' id='word_1_302' title='bbox 1232 2445 1318 2476; x_wconf 57' lang='lat' dir='ltr'>xxvi,</span> <span class='ocrx_word' id='word_1_303' title='bbox 1339 2433 1391 2466; x_wconf 67' lang='lat'>35».</span> <span class='ocrx_word' id='word_1_304' title='bbox 1420 2451 1453 2456; x_wconf 75' lang='lat'>-—</span> <span class='ocrx_word' id='word_1_305' title='bbox 1472 2431 1486 2457; x_wconf 65' lang='grc' dir='ltr'><em>Λ</em></span> <span class='ocrx_word' id='word_1_306' title='bbox 1506 2432 1588 2464; x_wconf 74' lang='lat' dir='ltr'>thid.</span> <span class='ocrx_word' id='word_1_307' title='bbox 1613 2432 1665 2464; x_wconf 70' lang='lat'>30.</span> <span class='ocrx_word' id='word_1_308' title='bbox 1691 2449 1730 2455; x_wconf 89' lang='lat'>—·</span> 
     </span>
     <span class='ocr_line' id='line_1_33' title="bbox 353 2492 692 2534; baseline 0 -9"><span class='ocrx_word' id='word_1_309' title='bbox 353 2492 417 2525; x_wconf 59' lang='lat'>&#39;3111</span> <span class='ocrx_word' id='word_1_310' title='bbox 452 2505 545 2533; x_wconf 59' lang='lat' dir='ltr'>mxu,</span> <span class='ocrx_word' id='word_1_311' title='bbox 569 2495 622 2534; x_wconf 79' lang='lat'>16,</span> <span class='ocrx_word' id='word_1_312' title='bbox 644 2504 692 2534; x_wconf 71' lang='lat'>17.</span> 
     </span>
    </p>
   </div>
  </div>
 </body>
</html>
