1841 3223
465 252 707 283 ENARRAno
739 255 784 281 ΙΝ
816 252 1020 282 PsALMUM
1050 255 1120 282 ιν.
1400 242 1478 281 541

96 320 158 364 tio
201 319 406 364 fidissima
438 320 705 377 collocatur3
747 329 812 363 est
839 319 1040 380 quaedam
1063 329 1184 379 petra
1220 318 1298 363 ubi
1330 318 1485 363 domus

95 405 248 435 secura
280 391 500 449 consurgit
515 426 526 446 ,
567 399 618 434 ut
654 405 743 434 non
777 399 943 434 metuat
980 390 1165 434 imbrem
1205 389 1481 449 tempestatis.

94 459 300 505 Flumina
324 461 441 504 enim
460 461 739 521 impegerunt
759 460 805 503 in
827 460 1008 504 domum
1030 459 1150 504 illam
1164 495 1174 515 ,
1200 469 1243 504 et
1263 476 1353 504 non
1371 459 1484 504 ceci-

95 528 177 586 dit,
201 529 385 582 fundata
402 530 520 576 enim
536 539 627 575 erat
650 545 779 589 supra
801 539 970 589 petram
984 532 1014 573 1.
1041 534 1201 574 «Petra
1223 538 1367 574 autem
1391 538 1483 574 erat

98 617 118 642 »
154 601 351 645 Christus
374 605 407 644 2.
442 621 460 642 »
495 601 585 646 Sub
616 600 794 645 nomine
826 599 966 644 David
994 600 1189 645 Christus
1221 600 1434 658 figuratur
1471 618 1480 644 ε

95 673 198 734 quia
218 673 274 717 de
293 673 369 718 illo
395 671 564 717 dictum
585 681 648 717 est
673 691 682 717 ε
707 671 824 725 «Qui
845 670 985 716 factus
1003 680 1068 716 est
1089 687 1138 715 ex
1157 669 1320 716 semine
1348 669 1486 716 David

100 761 122 786 2>
156 743 400 788 secundum
423 744 640 787 carnem3.
672 762 690 784 »

156 817 215 858 ΙΙ.
250 814 356 867 Quis
383 822 446 858 est
473 829 576 873 ergo
604 812 794 873 populus
827 812 949 865 «Qui
970 811 1098 869 longe
1118 826 1141 856 a
1163 811 1318 855 sanctis
1348 809 1488 854 sactus

98 903 120 927 )›
155 893 220 929 est
236 884 283 928 in
303 884 421 929 tituli
437 884 788 944 inscriptionem?
804 901 824 924 »
847 886 944 942 Ipse
963 881 1113 926 titulus
1134 880 1334 926 ostendat
1361 880 1488 925 nobis

96 954 311 1016 populum
322 955 468 1000 istum.
487 956 678 1015 Scriptus
690 963 753 999 est
765 955 881 998 enim
896 953 1076 1013 quidam
1098 953 1250 998 titulus
1273 953 1319 996 in
1341 951 1483 996 domi-

97 1027 193 1071 nica
202 1026 416 1086 passione,
428 1025 606 1085 quando
616 1025 827 1070 Dominus
837 1024 1064 1068 crucifixus
1074 1033 1152 1068 est:
1164 1032 1255 1067 erat
1263 1022 1323 1065 ibi
1335 1020 1488 1066 titulus

95 1097 346 1156 inscriptus,
360 1096 579 1151 hebraice,
598 1111 753 1155 graece,
769 1105 813 1140 et
823 1095 974 1150 latine,
996 1114 1017 1137 «
1028 1098 1121 1138 Rex
1136 1097 1160 1138 J
1165 1093 1392 1138 udaeorum
1405 1093 1447 1150 ⁴3
1466 1112 1483 1134 »

98 1167 238 1212 tribus
258 1165 418 1225 linguis
432 1175 641 1226 tanquam
658 1166 798 1210 tribus
815 1165 996 1209 testibus
1019 1164 1172 1209 titulus
1194 1163 1487 1223 approbatus3

98 1238 201 1298 quia
213 1237 260 1282 in
272 1253 345 1282 ore
359 1236 550 1282 duorum
560 1237 630 1282 vel
645 1237 775 1281 trium
787 1236 963 1280 testium
975 1236 1106 1280 stabit
1119 1250 1248 1279 omne
1260 1233 1397 1279 verbu
1404 1235 1465 1276 m⁵
1474 1266 1483 1276 .

99 1312 239 1354 Istum
263 1307 444 1352 titulum
477 1323 579 1353 cum
601 1307 806 1366 legissent
832 1309 854 1351 J
863 1306 996 1362 udaei,
1036 1304 1251 1363 indignati
1286 1312 1417 1358 sunt,
1450 1311 1493 1346 et

100 1378 306 1424 dixerunt
319 1378 375 1423 ad
387 1378 577 1423 Pilatum
600 1399 609 1424 2
633 1378 763 1424 «Noli
776 1378 978 1431 scribere,
999 1380 1091 1420 Rex
1110 1375 1365 1420 Judaeorum
1383 1394 1394 1431 3
1419 1372 1494 1417 sed

103 1472 123 1493 >›
158 1450 260 1510 quia
293 1449 384 1509 ipse
423 1448 530 1493 dixit
563 1464 607 1493 se
639 1464 785 1507 regem
817 1464 906 1492 esse
947 1446 1203 1491 Judaeorum
1220 1447 1251 1488 6.
1282 1463 1302 1485 n
1341 1447 1490 1503 Ipsum

99 1521 255 1566 dixisse
286 1519 450 1574 scribe,
490 1519 717 1575 dixerunt3
751 1534 841 1562 non
863 1518 948 1561 hoc
976 1532 1065 1560 esse
1095 1514 1216 1576 quod
1251 1514 1370 1558 dixit.
1411 1512 1496 1558 Sed

100 1592 204 1652 quia
224 1606 377 1637 verum
397 1600 462 1634 est
494 1590 540 1634 in
565 1589 648 1634 alio
671 1587 842 1633 Psalmo
874 1608 883 1633 :
916 1607 933 1627 «
950 1590 1003 1631 In
1025 1587 1142 1631 tituli
1168 1585 1495 1644 inscriptionem

103 1680 125 1704 υ
160 1678 216 1706 ne
244 1676 497 1720 corrumpas
512 1662 544 1716 ⁷,
573 1679 593 1702 »
633 1659 858 1719 respondit
888 1656 1050 1702 Pilatus
1078 1676 1087 1701 ι
1132 1676 1151 1698 «
1176 1655 1306 1709 Quod
1342 1653 1491 1713 scripsi

105 1751 127 1775 »
162 1732 358 1792 scripsiss,
386 1750 406 1773 n
446 1741 656 1791 tanquam
683 1729 830 1774 dicens
873 1748 881 1772 :
911 1730 1038 1773 «Non
1070 1741 1302 1785 corrumpo
1335 1725 1494 1768 verita-

102 1813 260 1858 tatem,
295 1802 374 1846 etsi
398 1817 475 1846 vos
497 1800 674 1859 diligitis
704 1799 951 1844 falsitatem.
975 1817 995 1839 »
1032 1797 1145 1850 Quia
1167 1812 1269 1854 ergo
1296 1796 1343 1839 in
1364 1793 1496 1838 male-

103 1874 221 1919 dicto
242 1874 325 1918 isto
345 1871 562 1932 indignati
586 1880 688 1916 sunt
706 1873 730 1914 J
736 1869 850 1914 udaei
867 1904 877 1924 ‚
913 1867 1106 1912 dicentes
1131 1886 1140 1911 :
1166 1886 1186 1908 «
1201 1869 1287 1911 Nos
1303 1882 1393 1910 non
1414 1866 1495 1909 ha-

109 1964 128 1987 »
159 1944 313 1989 bemus
336 1958 480 2002 regem
494 1942 576 1986 nisi
592 1940 733 1986 solum
749 1940 1029 1994 Caesarem⁹‚»
1053 1936 1106 1981 de
1124 1936 1239 1981 tituli
1257 1935 1498 1981 offensione

104 2014 234 2073 longe
255 2013 360 2074 facti
380 2022 483 2058 sunt
504 2029 528 2057 a
550 2011 723 2057 sanctis.
750 2009 1051 2069 Propinqucnt
1072 2007 1253 2063 sanetis,
1281 2016 1324 2051 et
1345 2004 1499 2064 agglu-
1532 2064 1538 2069 ι

107 2086 302 2130 tinentur
321 2093 473 2130 sancto
494 2083 571 2144 qui
591 2097 739 2141 regem
761 2079 981 2125 Christum
1004 2087 1244 2136 agnoscunt
1271 2086 1314 2120 et
1335 2075 1500 2120 habere

107 2155 424 2216 concupiscunt
443 2173 453 2199 ε
476 2152 606 2211 longe
623 2153 732 2196 fiant
752 2167 777 2195 a
803 2149 960 2195 sanctis
977 2149 1052 2209 qui
1073 2146 1423 2193 contradicentes
1446 2144 1500 2189 ti-

107 2226 203 2272 tulo
229 2232 490 2286 respuerunt
519 2238 667 2282 regem
688 2225 850 2276 Deum,
876 2229 919 2264 et
937 2219 1161 2277 elegerunt
1186 2232 1333 2276 regem
1354 2215 1500 2260 homi-

109 2312 227 2342 nem.
267 2296 420 2342 Omnis
459 2309 561 2352 ergo
594 2291 784 2353 populus
823 2291 1018 2334 humano
1054 2304 1190 2347 regno
1225 2286 1464 2331 delectatus
1486 2319 1498 2340 ‚

110 2383 316 2429 respuens
336 2367 383 2411 in
406 2382 451 2412 se
472 2380 652 2425 regnare
668 2364 905 2409 Dominum
921 2396 932 2417 ,
958 2376 1046 2421 quo
1066 2367 1277 2418 regnante
1298 2358 1358 2402 ita
1380 2356 1501 2418 quis-

160 2489 170 2506 ¹
189 2481 305 2515 Matth.
324 2492 383 2524 vn,
397 2479 453 2524 24,
476 2479 529 2513 25.
549 2497 591 2502 —
612 2486 625 2502 ²
648 2491 660 2512 1
682 2481 755 2512 Cor.
775 2489 808 2519 x,
830 2476 862 2519 4.
880 2494 921 2499 —
938 2474 950 2499 3
966 2478 1056 2508 Rom.
1076 2486 1100 2516 1,
1117 2473 1146 2505 3.
1164 2470 1231 2503 -4
1249 2474 1340 2505 Joan.
1361 2482 1431 2512 xix,
1447 2479 1501 2503 20.

114 2536 185 2562 ...5
200 2541 297 2571 Deut.
316 2537 441 2579 xv11‚6,
457 2542 491 2570 et
504 2547 571 2578 xix,
595 2536 699 2569 15.—
713 2534 728 2558 ⁶
743 2538 834 2568 Joan.
858 2544 923 2575 mx,
943 2541 996 2565 21.
1009 2548 1046 2554 -
1061 2539 1074 2564 7
1094 2530 1172 2563 Psal.
1194 2540 1258 2570 ιη,
1281 2541 1309 2562 1.
1327 2526 1500 2560 ——3Joan.

115 2606 186 2638 xix,
206 2604 261 2628 22.
281 2612 323 2618 --
341 2594 459 2628 91bid.
484 2593 535 2625 15.
