1841 3223
380 147 462 186 450
818 160 850 185 S.
887 159 1115 188 Accus'rrm
1149 163 1329 189 EPISCOPI

377 227 498 285 quod
537 227 627 269 ibat
655 226 708 269 ad
743 225 994 270 vinciendos
1036 226 1300 271 Christianos
1328 227 1492 286 spirans
1520 228 1714 271 caedem¹
1751 246 1759 270 :

377 296 608 340 anhelabat
630 295 790 352 caedes,
812 296 1045 340 anhelabat
1062 298 1341 355 sanguinem,
1367 300 1565 343 nondum
1581 309 1765 358 purgato

376 367 598 425 pulmone.
626 367 743 410 Audi
775 376 817 410 et
849 367 920 411 hic
944 367 1223 411 humiliatum
1240 404 1251 422 ,
1276 369 1377 428 quia
1396 370 1583 428 hyssopo
1608 383 1766 428 purga-

376 445 470 480 tum
498 456 505 481 :
538 456 557 478 ‹<
579 440 790 496 Asperges
812 453 881 481 me
905 437 1113 497 hyssopo,
1141 447 1183 482 et
1202 438 1471 483 mundabor:
1490 439 1654 483 lavabis
1675 454 1761 494 me,

379 525 399 547 n
434 507 481 551 id
503 517 581 561 est,
608 507 920 551 mundabisme
947 528 955 552 z
977 518 1020 552 et
1052 524 1180 567 super
1209 509 1353 558 nivem
1381 509 1633 553 dealbabor.
1655 509 1766 553 Etsi

376 595 395 618 η
432 576 610 633 fuerint,
636 578 780 638 inquit
809 588 985 638 peecata
1017 588 1155 622 vestra
1188 580 1300 623 sicut
1331 580 1628 638 phoenicium,
1671 589 1767 623 tan-

374 667 393 689 »
430 665 561 709 quam
578 650 721 693 nivem
742 649 1004 694 dealbabo&
1029 668 1048 690 »
1076 653 1137 693 De
1161 649 1319 693 talibus
1334 650 1761 695 sibiexhibetChris-

372 729 440 764 tus
467 730 631 765 vestem
664 722 754 765 sine
784 720 951 764 macula
975 729 1018 764 et
1042 722 1190 779 ruga-⁰⁵.
1220 721 1407 765 Proinde
1431 722 1559 765 vestis
1593 723 1683 781 ejus
1707 722 1766 765 'in

371 801 542 846 monte,
580 808 680 851 quae
711 801 920 851 tanquam
950 791 1021 834 nix
1050 790 1249 834 dealbata
1280 790 1485 847 effulsit-⁴,
1511 792 1768 851 significavit

370 861 606 906 Ecclesiam
627 862 746 906 omni
768 861 939 905 macula
963 862 1128 920 peceati
1151 861 1423 906 mundatam.

432 934 558 976 XIII.
597 932 681 977 Sed
704 933 779 977 ubi
795 931 1017 976 humilitas
1041 948 1091 976 ex
1120 932 1308 992 hyssopo
1326 935 1344 976 Ξ)
1371 932 1485 977 Audi
1514 934 1766 993 sequentia:

377 1023 397 1045 «
430 1001 613 1047 Auditui
635 1019 732 1047 meo
750 1002 874 1047 dabis
898 1003 1209 1047 exultationem
1233 1013 1277 1048 et
1297 1002 1515 1059 laetitiam,
1538 1014 1579 1048 et
1602 1005 1768 1048 exulta-

375 1091 396 1115 »
432 1073 545 1118 bunt
568 1090 661 1119 ossa
683 1074 909 1118 humiliata
925 1076 956 1117 ⁵.
974 1074 1157 1118 Auditui
1178 1089 1299 1130 meo,
1321 1075 1484 1135 inquit,
1507 1075 1630 1119 dabis
1645 1075 1766 1119 exul-

374 1163 395 1185 »
430 1145 641 1190 tationem
659 1155 699 1190 et
723 1145 914 1190 laetitiam
945 1166 954 1190 ι
983 1164 1003 1187 »
1031 1147 1232 1205 gaudebo
1250 1146 1468 1191 audiendo
1490 1156 1533 1190 te
1549 1182 1560 1202 ,
1585 1163 1674 1191 non
1695 1146 1764 1192 lo—

372 1218 550 1277 quendo
568 1227 718 1262 contra
737 1227 794 1262 te.
823 1218 1014 1262 Peceasti
1031 1253 1041 1272 ,
1068 1217 1174 1278 quid
1196 1217 1393 1262 defendis
1418 1221 1485 1262 te?
1504 1219 1646 1278 Loqui
1667 1218 1734 1263 vis
1752 1238 1761 1263 :

371 1297 540 1347 patere,
567 1289 695 1343 audi,
722 1288 828 1333 cede
852 1289 1008 1332 divinis
1023 1289 1222 1343 vocibus,
1244 1305 1299 1332 ne
1323 1289 1588 1348 perturberis
1609 1299 1651 1333 et
1673 1305 1766 1333 am-

369 1358 483 1417 plius
495 1358 735 1403 vulnereris
759 1378 766 1402 :
792 1358 1070 1403 commissum
1090 1368 1169 1414 est,
1196 1375 1284 1403 non
1303 1359 1767 1416 defendatur3incon-

370 1428 600 1473 sessionem
622 1429 769 1474 veniat
785 1464 795 1484 ,
822 1445 912 1473 non
934 1430 980 1473 in
1003 1428 1316 1473 defensionem.
1335 1429 1528 1473 Adhibes
1552 1438 1593 1473 te
1610 1429 1766 1474 defen-

370 1515 511 1544 sorem
544 1500 710 1560 peceati
741 1500 831 1554 tui,
867 1500 1052 1544 vinceris
1075 1516 1194 1545 :non
1217 1501 1497 1544 innocentem
1531 1515 1766 1560 patronum

371 1570 630 1626 adhibuisti,
654 1586 743 1615 non
766 1579 829 1614 est
858 1569 939 1614 tibi
969 1570 1087 1615 utilis
1118 1569 1313 1616 defensio
1336 1580 1426 1614 tua,
1455 1571 1560 1624 Quis
1584 1588 1627 1615 es
1649 1572 1766 1615 enim

370 1641 447 1701 qui
477 1650 515 1684 te
546 1640 784 1684 defendas?
816 1640 1003 1685 Idoneus
1033 1657 1075 1685 es
1104 1650 1152 1685 tu
1182 1641 1237 1685 ad
1266 1642 1558 1686 accusandum
1585 1651 1642 1686 te.
1668 1642 1766 1687 Noli

371 1712 537 1767 dicere,
563 1721 660 1766 aut,
685 1710 803 1756 Nihil
819 1709 901 1754 feci
919 1733 929 1769 3
950 1720 1025 1755 aut
1040 1747 1051 1766 ,
1077 1711 1193 1765 Quid
1211 1727 1419 1770 magnum
1440 1712 1522 1755 feei
1541 1733 1551 1769 3
1572 1721 1668 1767 aut,
1685 1715 1765 1755 Fe-

371 1791 526 1826 cerunt
549 1792 592 1826 et
613 1781 699 1826 alii.
721 1782 762 1826 Si
785 1782 987 1826 faciendo
1003 1791 1231 1841 peccatum
1254 1781 1363 1826 nihil
1388 1791 1430 1826 te
1460 1781 1564 1826 dicis
1591 1781 1760 1838 fecisse,

369 1853 479 1898 nihil
501 1854 605 1909 eris,
627 1853 737 1897 nihil
760 1853 941 1912 accipies
967 1873 974 1897 :
1004 1863 1176 1912 paratus
1192 1862 1255 1897 est
1273 1857 1386 1897 Deus
1407 1852 1510 1897 dare
1528 1852 1764 1911 indulgen-

370 1925 498 1980 tiam,
524 1923 689 1968 elaudis
711 1933 862 1968 contra
887 1933 955 1967 te:
977 1923 1049 1967 ille
1074 1933 1245 1983 paratus
1268 1932 1332 1967 est
1353 1923 1456 1967 dare
1471 1959 1481 1978 ,
1509 1923 1599 1968 noli
1623 1939 1764 1983 oppo-

370 2011 473 2040 nere
506 1995 677 2039 obicem
711 1992 998 2048 defensionis,
1034 1993 1110 2037 sed
1139 1994 1255 2053 aperi
1288 1994 1431 2037 sinum
1467 1993 1760 2038 confessionis

374 2086 393 2109 «
430 2065 611 2111 Auditui
633 2080 730 2109 meo
753 2064 875 2109 dabis
893 2063 1204 2107 exultationem
1227 2073 1270 2107 et
1292 2063 1538 2108 laetitiam.»
1563 2067 1659 2124 Ipse
1681 2065 1763 2109 do-

369 2146 445 2181 net
466 2146 516 2181 ut
537 2136 679 2180 dicam
707 2133 827 2196 quod
859 2134 1013 2178 sentio.
1044 2133 1271 2177 Feliciores
1303 2143 1406 2178 sunt
1440 2134 1517 2194 qui
1550 2134 1759 2190 audiunt,

368 2223 500 2269 quam
532 2206 608 2268 qui
639 2206 898 2266 loquuntur.
931 2204 1016 2257 Qui
1039 2204 1154 2248 enim
1184 2204 1332 2259 discit,
1360 2204 1537 2249 humilis
1565 2214 1627 2249 est
1652 2224 1660 2249 ε
1687 2205 1763 2265 qui

370 2288 514 2323 autem
546 2277 698 2331 docet,
733 2275 903 2320 laborat
929 2284 980 2318 ut
1006 2290 1096 2318 non
1117 2274 1171 2318 sit
1199 2275 1435 2334 superbus,
1461 2290 1516 2318 ne
1539 2274 1652 2318 male
1668 2274 1763 2334 pla-

368 2349 495 2394 cendi
518 2349 699 2393 affectus
721 2348 907 2407 irrepat,
944 2361 998 2389 ne
1023 2349 1112 2389 Deo
1131 2345 1356 2406 displiceat
1376 2345 1452 2406 qui
1474 2345 1568 2390 vult
1590 2345 1761 2405 plaeere

420 2453 427 2469 ¹
448 2449 521 2479 Act.
541 2457 585 2487 lx,
604 2457 633 2478 x.
658 2462 698 2468 —
719 2451 731 2467 ²
750 2445 820 2477 lsai.
836 2454 865 2485 1,
889 2442 938 2475 13.
961 2459 1004 2465 —-
1023 2440 1036 2464 3
1055 2441 1171 2485 EpheS.
1193 2453 1232 2484 v,
1252 2451 1306 2484 27.
1333 2459 1373 2465 -·
1394 2441 1408 2472 4
1429 2441 1543 2474 Matth.
1566 2452 1642 2484 xvn,
1662 2452 1694 2476 2.
1714 2461 1756 2466 —

369 2502 384 2527 5
402 2503 481 2536 psal.
503 2514 534 2546 L,
557 2513 604 2534 10.
