1841 3223
371 208 457 248 470
798 220 832 247 s.
868 218 1099 248 Aucus-nm
1132 221 1315 248 Emscom

371 285 538 330 factura
570 284 643 328 illa
678 283 915 330 novacula?
951 285 1141 346 Capillos
1181 301 1350 340 rasura,
1385 285 1557 330 calvum
1593 285 1761 331 factura

373 366 449 400 cst.
487 359 544 400 Et
563 356 646 400 hoc
675 355 729 400 ad
753 356 976 400 Christum
1000 356 1208 415 pertinet,
1239 355 1316 416 qui
1350 356 1395 399 in
1431 355 1527 400 loco
1554 355 1763 401 Calvariae

372 427 601 471 crucifixus
623 429 724 470 est¹.
756 427 878 471 Facit
899 437 941 471 et
971 426 1109 471 filium
1133 429 1270 482 Core,
1303 425 1424 486 quod
1455 427 1765 486 interpretatur

372 496 610 542 calvitium.
637 500 745 541 Nam
769 498 837 541 isti
864 497 1004 557 capilli
1029 497 1251 557 superflua
1283 513 1427 541 rerum
1460 496 1765 557 temporalium

375 568 634 627 significant.
673 569 757 622 Qui
789 568 968 629 quidem
1002 568 1146 628 capilli
1177 584 1265 612 non
1294 568 1512 627 superflue
1548 567 1649 612 sacti
1667 576 1769 611 sunt

375 655 397 683 a
421 645 506 683 Deo
536 640 580 682 in
611 656 792 699 corpore
824 641 1076 694 hominum,
1119 638 1194 683 sed
1231 639 1287 682 ad
1324 638 1502 699 aliquod
1537 654 1767 684 ornamen-

374 720 468 754 tum
498 729 505 753 :
535 718 680 754 tamen
704 710 805 771 quia
835 711 927 754 sine
951 726 1078 754 sensu
1116 709 1437 769 praeciduntur,
1464 709 1528 753 illi
1561 710 1639 770 qui
1672 710 1766 754 hm-

375 790 472 824 rent
496 781 626 824 corde
663 781 707 824 in
733 780 915 824 Domino
937 816 946 835 ‚
971 781 1030 824 sie
1060 780 1226 824 habent
1252 780 1331 824 ista
1362 790 1529 824 terrena
1557 789 1767 839 tanquam

374 850 568 910 capillos.
597 850 680 896 Sed
703 850 936 911 aliquando
959 860 1004 895 et
1025 850 1191 911 aliquid
1208 851 1311 895 boni
1329 852 1383 895 de
1405 850 1568 911 capillis
1590 866 1770 911 operan-

376 921 481 966 dum
509 931 572 966 est
588 958 597 976 ‚
624 923 801 982 qnando
825 922 988 981 frangis
1012 938 1169 981 panem
1192 922 1424 967 esurienti²
1442 958 1452 978 ‚
1474 937 1660 981 egenum
1678 921 1769 965 sine

376 1001 491 1037 tecto
514 992 681 1036 inducis
703 992 746 1035 in
771 992 953 1037 domum
977 1002 1099 1037 tuam
1122 1015 1132 1050 3
1157 994 1191 1037 si
1208 992 1367 1037 videris
1385 992 1579 1047 nudum,
1606 992 1734 1037 vestis
1755 1008 1766 1036 .·

375 1073 595 1123 postremo
619 1064 748 1107 etiam
772 1064 849 1124 ipsi
881 1067 1093 1122 Martyres
1122 1065 1340 1109 imitantes
1375 1065 1635 1119 Dominum,
1671 1079 1771 1108 san-

378 1135 553 1194 guinem
576 1151 654 1194 pro
676 1134 868 1179 Ecclesia
902 1134 1135 1179 fundentes
1155 1172 1165 1190 ‚
1195 1135 1422 1180 audientes
1453 1151 1605 1179 vocem
1627 1133 1768 1190 illam,

383 1205 546 1250 «Sicut
574 1206 770 1250 Christus
802 1206 989 1250 animam
1015 1222 1137 1250 suam
1168 1222 1247 1265 pro
1281 1206 1405 1250 nobis
1438 1206 1611 1266 posuit,
1646 1205 1705 1249 sic
1729 1214 1773 1249 et

382 1295 401 1317 »
437 1292 515 1320 nos
534 1275 743 1321 debemus
766 1293 844 1336 pro
873 1276 1077 1320 fratribus
1103 1277 1266 1321 animas
1298 1292 1459 1336 ponere
1475 1277 1508 1331 3,
1537 1295 1556 1317 »
1580 1275 1772 1336 quodam

378 1347 511 1390 modo
529 1346 582 1390 de
600 1346 764 1406 capillis
779 1347 863 1391 suis
885 1347 995 1390 bene
1013 1347 1137 1391 nobis
1155 1346 1370 1400 fecerunt,
1391 1346 1433 1391 id
1451 1355 1535 1400 est,
1552 1345 1607 1389 de
1628 1346 1693 1390 his
1706 1360 1774 1388 re-

381 1417 463 1460 bus
487 1433 593 1477 quas
620 1426 761 1477 potest
794 1427 1017 1475 amputare
1042 1416 1110 1460 vel
1134 1417 1284 1460 radere
1304 1416 1375 1460 illa
1411 1415 1637 1460 novacula.
1663 1415 1775 1468 Quia

382 1502 483 1545 ergo
501 1487 609 1530 etde
623 1488 722 1546 ipsis
747 1487 910 1546 capillis
932 1487 1034 1531 boni
1054 1486 1218 1547 aliquid
1231 1487 1321 1530 fieri
1343 1495 1499 1546 potest,
1518 1486 1775 1545 significavit

381 1566 423 1601 et
450 1557 522 1601 illa
545 1557 701 1600 mulier
728 1558 945 1616 peccatrix
965 1593 975 1611 ,
1012 1574 1110 1617 quse
1143 1573 1243 1601 cum
1273 1557 1458 1601 flevisset
1488 1572 1617 1616 super
1643 1556 1775 1616 pedes

381 1630 579 1684 Domini,
605 1629 769 1689 capillis
798 1630 882 1673 suis
906 1630 1046 1684 tersit,
1073 1645 1181 1689 quos
1214 1628 1417 1687 lacrymis
1440 1629 1638 1688 rigavit&
1662 1629 1775 1682 Quid

380 1701 649 1758 significans?
673 1700 779 1753 Quia
803 1715 903 1744 cum
937 1701 1135 1744 misertus
1168 1699 1302 1745 fueris
1338 1699 1544 1759 alicujiis‚
1577 1698 1710 1743 debes
1733 1708 1777 1742 et

381 1771 635 1825 subvenire,
662 1772 692 1813 si
712 1780 846 1828 potes.
874 1772 986 1814 Cum
1005 1771 1119 1813 enim
1139 1770 1350 1813 misereris
1366 1806 1376 1824 ‚
1398 1779 1607 1830 tanquam
1629 1769 1775 1827 lacry-

381 1858 471 1886 mas
495 1840 641 1885 fundis
669 1861 678 1885 2
705 1857 806 1885 cum
826 1841 1028 1884 subvenis
1047 1877 1057 1894 ,
1078 1840 1242 1900 capillis
1266 1842 1411 1899 tergis.
1445 1844 1502 1884 Et
1523 1842 1556 1884 si
1578 1841 1662 1885 hoc
1679 1841 1775 1884 cui-

382 1928 573 1972 cumque
590 1948 599 1965 ,
627 1921 793 1972 quanto
818 1912 950 1969 magis
979 1911 1164 1970 pedibus
1183 1910 1390 1953 Domini?
1414 1910 1499 1963 Qui
1523 1920 1625 1954 sunt
1646 1911 1776 1969 pedes

383 1984 582 2030 Domini?
602 1982 887 2041 Evangelistae
901 1983 1050 2035 sancti,
1068 1981 1122 2025 de
1137 1982 1295 2041 quibus
1314 1981 1479 2026 dictum
1495 1991 1557 2026 est
1578 2002 1586 2026 ι
1603 2002 1621 2023 α
1638 1988 1775 2035 Quam

386 2075 404 2097 n
427 2055 607 2115 speciosi
629 2064 732 2098 sunt
760 2053 890 2113 pedes
915 2069 1065 2096 eorum
1088 2054 1164 2113 qui
1196 2053 1460 2097 annuntiant
1489 2069 1640 2113 pacem
1657 2089 1667 2108 ‚
1699 2054 1776 2114 qui

386 2145 405 2168 »
434 2126 697 2170 annuntiant
729 2126 900 2170 bona5‘?
921 2143 939 2164 »
968 2127 1080 2181 Ergo
1112 2133 1238 2167 acuat
1259 2124 1371 2168 sicut
1402 2123 1658 2168 novaculam
1692 2123 1778 2168 lin-

383 2213 511 2256 gnam
536 2213 657 2241 suam
684 2197 850 2249 Do'e'ch‚
888 2205 1014 2240 acuat
1041 2195 1192 2239 ‹lolum
1219 2205 1434 2256 quantuni
1459 2204 1628 2255 potest·7
1657 2194 1778 2239 abla-

381 2279 506 2313 turus
529 2278 592 2312 est
614 2268 833 2329 superflua
860 2265 1139 2326 temporalia,
1167 2266 1384 2327 numquid
1404 2267 1639 2310 necessaria
1661 2281 1775 2310 sem-

384 2341 585 2400 piternaP

440 2412 496 2452 X.
537 2429 557 2452 «
576 2408 769 2453 Dilexisti
792 2407 998 2452 malitiam
1020 2423 1149 2468 super
1172 2407 1489 2465 benignitatem
1505 2407 1536 2450 ⁰.
1555 2425 1574 2447 »
1601 2410 1714 2452 Ante
1735 2416 1774 2452 tc

432 2515 441 2530 ¹
470 2507 583 2538 Manli.
607 2517 718 2546 xxvii,
744 2506 795 2538 33.
819 2524 858 2528 —-
879 2513 891 2528 2
910 2508 979 2537 lsai.
1014 2517 1112 2546 tvm,
1133 2517 1163 2547 7.
1203 2522 1236 2527 —
1260 2504 1272 2527 3
1297 2518 1306 2536 1
1330 2508 1421 2537 ‚loan.
1443 2517 1493 2545 ni,
1523 2508 1572 2537 16.
1601 2523 1641 2528 -—
1659 2504 1674 2534 -i
1692 2507 1769 2536 Luc.

383 2575 438 2603 vn,
459 2563 510 2594 38.
534 2580 573 2583 —
632 2563 703 2592 lsai.
728 2574 782 2596 iiii.
797 2573 831 2604 7,
852 2566 883 2591 et
903 2564 992 2593 Rom.
1020 2573 1050 2595 κ’,
1073 2560 1122 2592 15.
1146 2577 1186 2582 —-
1202 2559 1216 2578 ’ἶ
1238 2561 1316 2592 psat.
1345 2572 1386 2598 ιι,
1408 2560 1442 2601 f»,
