1841 3223
371 263 613 294 mannum
644 266 690 293 m
721 263 925 293 PsALMUM
956 265 1057 293 va.
1336 250 1416 294 331

35 334 197 374 virtute
216 344 291 374 sua
310 329 500 375 multum
518 328 811 390 praevalendo.
836 329 970 391 Cujus
1001 329 1063 374 rei
1091 330 1264 374 scutum
1291 329 1423 374 etiam

36 399 122 445 Job
143 399 251 446 dixit
263 401 321 446 de
339 400 531 462 quodam
547 400 681 460 impio
703 418 713 446 :
736 418 753 441 ι(
776 400 980 446 Cucurrit
1000 400 1204 446 adversus
1219 403 1359 445 Deum
1375 401 1422 445 in

38 487 60 512 ι)
98 484 237 515 crassa
262 473 428 516 cervice
449 470 559 515 scuti
583 470 650 514 sui
669 471 699 514 ¹.
728 488 748 512 »
776 470 893 523 Quid
914 480 978 515 est
997 506 1008 526 ,
1038 490 1059 513 «
1083 474 1135 516 In
1165 485 1303 516 crassa
1324 484 1422 516 cer-²⁶

39 559 58 583 »
91 540 185 585 vice
203 540 314 585 scuti
334 540 432 585 sui?
453 557 474 582 »
500 540 693 585 Nimium
726 541 1031 600 praesumendo
1066 541 1123 587 de
1151 542 1422 601 protectione

33 626 124 655 sua.
159 609 488 671 Numquidnam
508 610 579 655 isti
606 607 711 655 tales
728 620 851 655 erant
885 611 961 671 qui
987 610 1194 656 dicebant
1222 630 1232 657 ε
1260 630 1278 652 «
1305 615 1421 657 Deus

36 700 57 725 n
91 691 239 727 noster
260 680 479 741 refugium
513 691 556 726 et
587 682 749 737 virtUS‚
787 681 961 743 adjutor
981 683 1029 727 in
1060 681 1421 728 tribulationibus

36 769 58 794 »
91 767 191 812 quae
212 752 476 798 invenerunt
491 767 570 797 nos
591 752 719 796 nimis
731 755 763 797 ².
790 772 808 795 »
820 753 962 797 Autin
977 751 1063 798 alio
1076 752 1244 797 Psalmo
1259 787 1270 808 ,
1286 770 1307 795 «
1322 754 1422 798 Non

33 841 54 866 »
88 822 205 867 enim
223 822 271 867 in
287 838 391 868 arcu
408 838 505 867 meo
526 822 775 882 speraho‚et
796 823 1025 868 brachium
1057 838 1204 868 meum
1226 839 1316 869 non
1333 823 1422 868 sal-

34 911 56 936 »
88 892 210 938 vabit
229 909 299 938 me
312 895 344 938 3.
369 911 390 936 »
411 893 598 948 Quando
620 894 805 955 quisque
827 895 1046 954 cognoscit
1072 894 1176 955 quia
1199 895 1246 939 in
1266 910 1310 939 se
1326 893 1421 955 ipso

31 963 142 1009 nihil
158 973 223 1010 est
240 996 253 1021 ,
275 973 320 1010 et
340 964 606 1026 adjutorium
624 964 680 1010 de
694 975 739 1010 se
760 964 934 1011 nullum
952 965 1112 1022 habet,
1137 976 1255 1011 arma
1272 965 1318 1010 in
1344 964 1421 1012 illo

29 1034 249 1081 confracta
270 1045 389 1092 sunt,
413 1035 528 1082 bella
550 1035 696 1081 sedata
717 1046 835 1081 sunt.
860 1036 980 1082 Talia
995 1052 1098 1097 ergo
1119 1036 1236 1084 bella
1258 1035 1421 1082 delevit

29 1121 115 1153 vox
136 1105 209 1152 illa
233 1105 439 1153 Altissimi
465 1106 520 1152 de
542 1108 731 1153 nubibus
752 1108 935 1164 sanctis,
960 1123 1047 1169 qua
1069 1118 1183 1153 terra
1200 1117 1419 1154 commota

29 1185 94 1222 est
109 1212 120 1233 ‚
145 1186 189 1222 et
204 1176 410 1223 inclinata
431 1187 533 1223 sunt
545 1193 678 1238 regna
699 1197 708 1224 :
734 1177 914 1224 abstulit
934 1179 1029 1224 haeo
1050 1178 1165 1224 bella
1191 1194 1333 1240 usque
1363 1178 1420 1224 ad

29 1247 136 1292 fines
160 1256 299 1292 terrae.
338 1267 359 1291 «
390 1250 553 1293 Arcum
586 1257 807 1305 conteret,
844 1258 888 1294 et
915 1249 1163 1309 confringet
1192 1265 1310 1294 arma
1328 1285 1340 1305 ‚
1376 1258 1420 1294 et

31 1334 54 1362 n,
87 1326 209 1363 scuta
224 1317 455 1363 comburet
475 1318 567 1378 igni
581 1320 614 1363 4.
632 1337 653 1361 »
679 1322 841 1376 Arcus,
866 1335 983 1365 arma
999 1356 1010 1376 ‚
1032 1330 1175 1376 scuta,
1191 1320 1316 1380 ignis·
1341 1322 1421 1365 Ar-

27 1402 103 1433 cus
123 1397 209 1444 est,
232 1388 571 1446 insidiae3arma,
596 1389 770 1449 publica
793 1391 1419 1451 opptignati0350utt1m,vana

26 1458 378 1519 praesumptionis
398 1459 627 1519 protectio.
654 1460 769 1518 Ignis
786 1476 876 1521 quo
897 1461 978 1506 ista
998 1461 1336 1516 comburuntur,
1356 1470 1420 1506 est

27 1527 82 1574 de
102 1544 192 1589 quo
202 1529 414 1574 Dominus
433 1531 492 1575 ait
516 1549 526 1575 ι
556 1549 576 1572 «
602 1533 756 1589 Ignem
778 1531 878 1576 veni
894 1532 1066 1577 mittere
1090 1531 1136 1576 in
1153 1541 1315 1576 terram
1330 1533 1364 1575 ⁵.
1392 1549 1414 1574 »

27 1601 90 1645 De
110 1615 200 1659 quo
223 1599 324 1659 igne
340 1598 447 1645 dicit
469 1598 666 1646 Psalmus
688 1620 697 1646 ι
726 1621 746 1643 «
771 1603 828 1646 Et
850 1617 940 1646 non
962 1611 1027 1647 est
1047 1602 1124 1662 qui
1152 1617 1196 1646 se
1229 1602 1418 1647 abscon-

30 1687 52 1713 »
85 1670 161 1715 dat
182 1664 207 1715 a
223 1670 366 1716 calore
386 1672 478 1732 ejus
501 1672 533 1716 ὓ.
558 1690 578 1713 »
604 1672 932 1731 Ferventeigne
954 1673 1036 1718 isto
1050 1707 1062 1728 ‚
1087 1671 1209 1717 nulla
1231 1672 1276 1717 in
1293 1672 1419 1718 nobis

25 1740 257 1801 impietatis
278 1756 398 1786 arma
421 1741 714 1786 remanebunt
728 1777 739 1797 ‚
776 1757 949 1787 necesse
980 1752 1043 1788 est
1075 1752 1125 1787 ut
1147 1743 1292 1788 omnia
1309 1758 1418 1789 con-

25 1809 286 1870 fringantur,
311 1820 611 1868 conterantur,
632 1812 963 1858 comburantur.
990 1816 1230 1858 Remaneas
1242 1813 1419 1859 inermis

26 1898 115 1927 non
136 1882 303 1927 habens
324 1881 465 1927 ullum
489 1882 758 1944 adjutorium
781 1892 908 1928 tuum
929 1899 939 1926 t
962 1893 1006 1928 et
1018 1893 1184 1944 quanto
1200 1884 1337 1944 magis
1349 1885 1419 1929 in-

0 1968 1 1972 ¹
26 1952 175 1997 firmus
197 1967 264 2008 es,
289 1951 411 1998 nulla
432 1961 508 1997 tua
525 1968 643 1997 arma
653 1953 841 2009 habens,
867 1963 990 1999 tanto
1007 1954 1146 2012 magis
1159 1963 1202 1999 te
1215 1955 1416 2015 suscipit,

0 2050 1 2063 κ
26 2022 81 2068 de
91 2039 181 2084 quo
193 2022 361 2068 dictum
382 2032 447 2068 est
471 2043 481 2069 ι
505 2043 526 2066 ιι
553 2026 786 2086 Susceptor
807 2034 954 2070 noster
976 2028 1091 2070 Deus
1109 2025 1266 2070 Jacob.
1295 2043 1315 2066 »
1337 2028 1418 2070 Va-

0 2083 2 2139 }
25 2092 144 2140 lebas
172 2094 288 2139 enim
312 2095 434 2155 quasi
455 2110 532 2154 per
555 2104 624 2151 te,
650 2096 924 2141 conturbaris
954 2096 1001 2141 in
1037 2105 1096 2142 tc.
1135 2096 1274 2142 Perde
1299 2112 1418 2142 arma

26 2165 186 2226 quibus
208 2166 501 2226 praesumebas
523 2185 533 2212 :
558 2165 660 2211 audi
679 2166 914 2214 Dominum
935 2167 1179 2213 dicentem:
1205 2187 1225 2210 α
1247 2168 1419 2213 Sufficit

0 2250 1 2262 ¹
29 2253 51 2279 >a
84 2236 165 2281 tibi
187 2237 323 2296 gratia
349 2252 461 2282 mea.
491 2255 511 2279 n
535 2238 614 2283 Dic
633 2247 677 2283 et
698 2248 749 2283 tu
775 2258 784 2284 x
815 2259 836 2282 ι(
863 2239 1051 2293 Quando
1076 2239 1289 2294 infirmor,
1309 2247 1417 2285 tunc

0 2298 3 2351 ἶ
28 2322 51 2348 »
83 2306 206 2352 fortis
232 2323 346 2352 sum.
377 2299 614 2367 »Apostoli
634 2324 718 2354 vox
741 2318 819 2353 est.
845 2310 1003 2354 Omnia
1027 2325 1146 2354 arma
1165 2325 1243 2353 sua
1272 2309 1419 2371 perdi-

0 2383 5 2437 ξ
26 2375 148 2422 derat
162 2387 371 2438 tanquam
383 2375 650 2423 fortitudinis
664 2395 776 2435 suae,
797 2380 872 2440 qui
886 2379 1061 2425 dicebat
1081 2398 1091 2426 z
1120 2382 1250 2439 «Ego
1270 2389 1418 2425 autem

29 2463 51 2490 u
84 2461 174 2492 non
193 2447 426 2507 gloriabor,
466 2448 548 2493 nisi
583 2449 628 2494 in
657 2450 986 2494 infirmitatibus
1018 2450 1175 2495 meis⁷z
1204 2449 1364 2495 »velut
1383 2451 1417 2496 si

71 2543 84 2567 1'
102 2542 177 2576 Job.
196 2553 252 2586 xv,
269 2544 324 2577 26.
355 2560 396 2569 --
416 2550 430 2568 ²
455 2543 535 2578 Psal.
555 2555 629 2588 xiv,
655 2554 688 2578 2.
709 2563 751 2568 —-
770 2543 956 2588 31d.xL111‚
979 2557 1010 2590 7.
1037 2545 1108 2578 -4
1134 2547 1180 2582 ld.
1199 2558 1280 2589 xiv,
1300 2559 1352 2582 xo.
1373 2565 1415 2571 -

3 2608 5 2623 =
28 2594 44 2622 ⁵
57 2599 134 2632 Luc.
153 2610 209 2641 ιιι,
226 2599 280 2643 49.
297 2616 339 2624 -
354 2597 371 2625 ⁶
390 2601 471 2635 Psal.
488 2612 584 2644 uui,
602 2612 634 2644 7.
658 2619 700 2626 -—
718 2609 732 2637 2
752 2609 772 2636 2
788 2604 862 2636 cor.
883 2613 938 2644 ιω,
954 2611 989 2646 9,
1014 2614 1066 2637 ιο.
