1841 3223
361 213 446 252 374
786 224 820 249 s.
858 220 1088 249 AUGUSTINI
1121 220 1302 247 nmscom

360 301 465 335 tunc
479 289 632 333 vitabis
647 296 778 347 caput
794 288 900 347 ejus,
921 296 963 331 et
980 302 1068 331 non
1086 285 1383 346 apprehendet
1397 285 1471 330 ille
1492 286 1743 330 calcaneum

362 371 503 405 tuum.
534 360 677 411 Quare
708 367 852 401 autem
877 361 980 401 Evoe
997 359 1081 402 hoc
1104 357 1245 401 dixit?
1263 357 1371 410 Quia
1394 372 1472 416 per
1491 371 1662 401 carnem
1686 355 1746 400 la-

361 430 480 474 bitur
502 429 647 472 homo.
676 430 765 471 Eva
786 427 912 471 nobis
934 428 1112 472 interior
1131 442 1229 471 earo
1252 437 1396 471 nostra
1415 435 1492 470 est.
1523 445 1543 468 «
1568 426 1651 479 Qui
1679 424 1748 469 di-

364 518 385 540 »
421 498 542 557 tigit,
569 498 737 557 inquit,
763 512 942 541 uxorem
961 512 1081 541 suam
1100 532 1110 552 ‚
1137 512 1181 541 se
1208 497 1351 556 ipsum
1374 495 1562 554 diligit1.
1586 513 1607 536 »
1633 494 1748 548 Quid

363 578 428 613 est
443 604 453 624 ,
479 587 499 610 «
523 571 575 613 Se
603 569 774 627 ipsum?
797 588 813 609 »
849 568 1055 627 Sequitur
1072 603 1082 623 ,
1109 576 1151 610 et
1173 565 1299 620 dicit,
1324 584 1344 607 «
1368 568 1505 610 Nemo
1526 566 1641 609 enim
1663 580 1748 609 un-

364 657 386 680 »
422 654 554 699 quam
577 654 751 683 carnem
772 653 892 682 suam
910 637 1010 682 odio
1031 637 1226 681 habuit2.
1246 654 1265 678 »
1285 635 1390 688 Quia
1406 650 1506 693 ergo
1525 634 1749 696 quomodo

363 708 487 754 illum
515 708 736 753 hominem
766 708 904 753 Adam
929 723 1004 767 per
1026 710 1163 751 Evam
1190 705 1537 765 supplantavitss,
1563 706 1622 750 sie
1652 704 1748 749 dia-

365 779 493 823 bolus
524 794 602 838 per
630 793 803 822 earnem
831 778 927 821 vult
948 793 1026 821 nos
1054 776 1360 836 supplantare3
1394 783 1664 835 praeceptum
1686 784 1750 820 est

362 852 467 894 Evae
489 858 539 893 ut
558 850 758 893 observet
780 857 912 907 caput
929 846 1091 891 diaboli
1109 883 1119 901 ,
1145 847 1246 907 quia
1274 845 1475 890 diabolus
1498 845 1750 889 calcaneum

364 920 497 979 ipsius
516 920 731 963 observat.
752 918 794 963 Si
808 932 908 976 ergo
922 917 1126 977 iniquitas
1144 915 1334 961 calcanei
1349 915 1637 960 circumdabit
1653 931 1748 971 nos,

363 988 523 1048 utquid
545 989 748 1032 timemus
780 989 825 1032 in
852 987 921 1032 die
948 987 1061 1031 mala
1077 1021 1088 1043 ,
1113 1001 1214 1031 cum
1234 986 1429 1030 conversi
1453 985 1507 1030 ad
1528 986 1752 1030 Christum

364 1060 603 1104 habeamus
634 1059 680 1102 in
708 1067 919 1118 potestate
955 1067 1005 1101 ut
1034 1073 1124 1102 non
1153 1056 1361 1101 faciamus
1380 1057 1656 1117 iniquitatem
1673 1091 1684 1111 ,
1709 1064 1754 1099 et

365 1146 455 1174 non
477 1130 558 1173 erit
575 1130 695 1188 quod
718 1145 795 1173 nos
817 1129 1073 1183 circumdet,
1094 1137 1137 1173 et
1155 1127 1440 1187 gaudebimus
1457 1128 1502 1171 in
1519 1126 1590 1171 die
1612 1126 1753 1172 novis-

366 1202 472 1245 sima
485 1237 496 1255 ‚
517 1216 606 1244 non
624 1200 911 1259 plangemus?

426 1274 525 1315 VII.
562 1271 643 1323 Qui
665 1280 768 1314 sunt
790 1279 936 1314 autem
953 1284 1062 1329 quos
1078 1267 1366 1313 circumdabit
1387 1267 1592 1328 iniquitas
1613 1266 1755 1311 calea-

367 1342 437 1386 nei
457 1343 474 1384 ?
501 1360 520 1382 «
546 1341 631 1394 Qui
653 1339 883 1384 confidunt
905 1340 948 1383 in
965 1340 1126 1383 virtute
1149 1355 1223 1383 sua
1240 1374 1251 1394 ,
1279 1348 1321 1383 et
1342 1339 1387 1382 in
1405 1338 1673 1382 abundantia
1687 1337 1756 1380 di-

370 1430 391 1453 »
426 1412 631 1456 vitiarum
668 1426 845 1456 suarum
879 1410 1164 1470 gloriantur&
1195 1428 1214 1450 »
1240 1412 1357 1468 Ergo
1391 1408 1539 1454 vitabo
1572 1408 1675 1463 ista,
1714 1416 1758 1451 et

367 1498 456 1527 non
480 1481 683 1541 iniquitas
721 1480 911 1525 calcanei
941 1481 1025 1523 mei
1052 1477 1339 1523 circumdabit
1361 1494 1445 1522 me.
1472 1477 1585 1532 Quid
1608 1486 1672 1521 est
1691 1477 1758 1521 vi-

367 1563 459 1598 tare
478 1554 554 1596 ista
577 1555 595 1596 P
617 1555 713 1597 Non
735 1551 1005 1596 confidamus
1029 1551 1074 1595 in
1101 1551 1261 1595 virtute
1284 1559 1431 1595 nostra
1450 1585 1461 1605 ,
1487 1565 1576 1594 non
1599 1548 1759 1608 glorie-

367 1639 467 1668 mur
489 1624 534 1666 in
557 1622 823 1666 abundantia
842 1622 1091 1666 divitiarum
1114 1631 1359 1666 nostrarum
1380 1642 1391 1674 ς
1416 1620 1489 1664 scd
1524 1620 1760 1679 gloriemur

369 1695 415 1738 in
449 1710 521 1749 eo,
547 1694 622 1754 qui
655 1693 780 1737 nobis
803 1693 1002 1752 promisit
1023 1692 1263 1736 humilibus
1285 1692 1561 1736 altitudinem
1578 1726 1588 1746 ,
1614 1700 1658 1735 et
1678 1691 1761 1734 mi-

370 1774 498 1810 natus
516 1774 579 1808 est
601 1764 722 1807 elatis
737 1763 1063 1808 damnationem
1082 1784 1092 1820 3
1117 1772 1160 1807 et
1183 1779 1273 1807 non
1295 1779 1373 1807 nos
1394 1762 1597 1822 iniquitas
1618 1762 1761 1806 calca-

369 1836 440 1880 nei
477 1833 781 1879 circumdabit.
813 1854 832 1875 «
859 1833 941 1886 Qui
982 1832 1213 1878 confidunt
1241 1834 1284 1876 in
1320 1833 1479 1876 virtute
1500 1848 1601 1887 sua,
1642 1840 1685 1876 et
1716 1832 1761 1875 in

372 1924 406 1947 »«
429 1904 698 1949 abundantia
722 1904 969 1947 divitiarum
991 1918 1166 1946 suarum
1191 1902 1446 1962 gloriantur.
1475 1920 1494 1942 »

425 1978 550 2019 VIII.
604 1977 713 2019 Sunt
734 1973 811 2033 qui
834 1982 1104 2033 praesumunt
1123 1974 1167 2016 in
1196 1973 1341 2017 amieis
1368 1972 1477 2029 suis3
1502 1971 1573 2015 alii
1593 1986 1761 2031 praesu-

369 2054 499 2091 munt
528 2045 574 2088 in
602 2044 763 2087 virtute
783 2059 879 2098 sua,
918 2042 989 2087 alii
1022 2043 1066 2086 in
1089 2043 1262 2087 divitiis.
1289 2046 1374 2086 Ista
1397 2052 1461 2086 est
1481 2041 1763 2101 praesumptio

373 2116 541 2175 generis
572 2114 781 2168 humani,
806 2130 893 2157 non
918 2113 1219 2173 praesumentis
1242 2114 1287 2156 in
1310 2116 1416 2157 Deo.
1449 2112 1562 2157 Dixit
1599 2111 1653 2156 de
1676 2113 1764 2156 vir-

373 2196 468 2230 tute
486 2222 496 2241 ,
528 2185 636 2229 dixit
661 2184 716 2229 de
739 2184 919 2239 divitiis,
945 2184 1050 2227 dicit
1072 2182 1127 2227 de
1149 2183 1296 2227 amicis
1321 2202 1330 2227 ε
1362 2203 1382 2226 «
1407 2185 1557 2226 Frater
1581 2197 1668 2226 non
1693 2197 1763 2225 re-

376 2273 397 2298 »
433 2255 580 2309 dimit,
618 2255 801 2299 redimet
828 2255 958 2298 homo
977 2255 1020 2295 ⁵?
1041 2272 1060 2294 »
1088 2256 1300 2313 Expectas
1334 2262 1384 2297 ut
1416 2253 1548 2296 horno
1576 2261 1618 2296 te
1648 2251 1765 2296 redi-

373 2337 464 2370 mat
485 2328 539 2370 ab
562 2327 623 2371 ira
646 2328 857 2371 ventura?
885 2325 932 2370 Si·
964 2335 1006 2369 te
1036 2323 1167 2369 frater
1209 2340 1301 2369 non
1338 2324 1538 2378 redimit,
1564 2324 1695 2367 homo
1722 2331 1765 2367 te

374 2398 678 2456 redempturus
702 2399 792 2441 est?
815 2396 919 2450 Quis
942 2405 1005 2440 est
1026 2394 1158 2439 frater
1187 2395 1263 2456 qui
1296 2395 1330 2439 si
1375 2410 1464 2439 non
1503 2393 1761 2450 redemerit,

423 2498 431 2514 ¹
455 2491 568 2533 Eplies.
591 2503 628 2532 v,
652 2493 704 2523 28.
731 2509 771 2514 —-
795 2499 808 2514 2
833 2490 912 2523 Ibid.
939 2500 993 2532 25).
1015 2508 1056 2513 —-
1077 2488 1089 2513 3
1109 2492 1187 2522 Gen.
1210 2502 1257 2529 111,
1275 2489 1308 2522 6.
1326 2507 1378 2531 ¹—
1396 2488 1412 2520 4
1432 2489 1513 2521 Psal.
1534 2500 1640 2530 vant,
1660 2500 1692 2530 7.
1716 2505 1756 2511 —-

378 2546 393 2570 5
414 2547 497 2579 Ibid.
521 2552 552 2579 8.
