1841 3223
381 211 622 242 ENARRATIO
654 215 699 241 nv
731 210 934 241 PsALMUM
966 212 1084 241 xuv.
1358 200 1439 238 287

57 278 224 324 dictum
243 289 306 324 est
324 315 335 335 ‚
361 280 594 337 «Magister
609 279 738 323 bone.
764 296 784 319 »
808 281 864 322 Et
883 277 1026 336 ipsum
1048 274 1243 319 Verbum
1261 289 1444 334 respon-

55 350 120 394 dit
142 370 150 395 :
180 370 201 394 «4
223 350 340 405 Quid
375 366 445 394 me
472 351 710 407 interrogas
747 349 802 393 dc
840 350 985 393 bono?
1005 350 1142 393 Nemo
1166 347 1307 390 bonus
1326 381 1336 400 ‚
1362 346 1459 390 nisi*

58 438 79 462 »
113 436 229 465 unus
251 423 405 466 Deus1.
434 437 455 461 »
474 420 648 465 Dictum
671 428 756 473 est,
776 419 1011 477 «Magister
1034 417 1171 475 bone3
1193 435 1214 458 n
1241 425 1285 460 et
1306 415 1439 460 dicit:

60 510 80 534 «
100 491 217 545 Quid
238 507 308 536 me
324 492 560 548 interrogas
582 489 638 534 de
657 490 809 534 bono?
833 507 853 530 »
880 488 1061 533 Addidit
1081 488 1210 532 etiam
1226 523 1237 543 ,
1262 508 1282 530 «
1306 490 1444 532 Nemo

58 579 80 603 »
115 561 257 606 bonus
276 597 287 618 ‚
307 561 388 605 nisi
411 576 526 605 unus
547 563 676 605 Deus.
700 578 725 601 η
741 557 974 612 Quomodo
991 573 1092 616 ergo
1110 558 1260 618 etipse
1282 558 1440 613 bonus,

56 631 138 676 nisi
164 632 266 692 quia
292 633 437 676 Deus?
457 634 555 676 Non
577 629 718 675 solum
748 639 894 674 autem
917 631 1031 673 Deus
1046 664 1056 683 ‚
1082 628 1159 672 sed
1188 643 1290 672 cum
1316 631 1444 672 Patre

56 717 170 746 unus
192 705 321 746 Deus.
342 705 440 748 Non
461 701 575 745 enim
596 699 782 744 dicendo
804 719 813 745 ε
840 719 859 742 «
880 702 1017 745 Nemo
1039 699 1202 754 bonus,
1225 699 1308 742 nisi
1330 714 1446 743 unus

59 791 80 815 ³)
116 776 250 828 Deus,
274 791 294 814 n
320 772 523 818 discrevit
544 788 589 816 se
604 807 614 827 ‚
636 771 711 816 sed
727 771 883 816 univit.
914 791 934 813 «
956 770 1184 815 Eructavit
1203 786 1279 814 cor
1296 784 1445 813 meum
1492 766 1495 769 ’

58 861 81 885 >1
113 844 295 888 verbum
315 843 498 889 bonum.
515 843 708 888 »Dixerit
729 844 813 887 hoc
835 846 949 887 Deus
971 846 1099 886 Pater
1121 841 1175 885 de
1198 841 1345 885 Verbo
1367 856 1445 885 suo

54 914 174 959 bono
195 924 326 974 atque
339 914 538 958 benefico
551 914 670 958 bono
688 923 836 958 nostro
849 949 859 969 ‚
876 928 954 973 per
974 912 1096 973 quod
1117 911 1259 956 solum
1277 911 1446 956 bonum

54 993 296 1045 utcumque
317 984 424 1028 boni
446 999 537 1028 esse
557 999 800 1044 possumus.

114 1058 168 1100 V.
206 1055 411 1116 Sequitur
427 1090 438 1110 ,
466 1074 486 1097 «
506 1055 611 1099 Dico
635 1070 716 1113 ego
739 1069 868 1114 opera
890 1069 987 1098 mea
1009 1054 1112 1112 regi.
1142 1071 1162 1094 ³)
1188 1051 1346 1097 Adhuc
1369 1050 1455 1097 Pa-‘

55 1135 121 1170 ter
141 1125 363 1186 loquitur?
385 1126 426 1170 Si
449 1124 592 1170 adhuc
623 1129 753 1169 Pater
776 1124 994 1185 loquitur,
1027 1139 1274 1184 quaeramus
1297 1133 1340 1168 et
1361 1124 1446 1168 hoc

56 1195 278 1258 quomodo
297 1196 538 1241 secundum
561 1196 693 1240 fidem
716 1211 863 1240 veram
883 1205 925 1239 et
948 1194 1207 1240 catholicam
1227 1192 1447 1252 intelliga-

56 1283 174 1321 mus,
204 1286 224 1310 «
255 1267 360 1312 Dico
389 1281 468 1325 ego
491 1281 622 1326 opera
654 1281 751 1310 mea
785 1265 890 1325 regi.
922 1283 942 1307 >›
971 1265 1013 1310 Si
1035 1265 1149 1309 enim
1179 1268 1306 1308 Pater
1341 1264 1447 1308 dicit

56 1353 185 1398 opera
202 1353 277 1382 sua
292 1337 404 1382 Filio
431 1352 509 1381 suo
530 1337 619 1394 regi
641 1346 788 1381 nostro
808 1358 819 1394 3
838 1352 938 1397 quae
955 1351 1085 1396 opera
1108 1339 1235 1380 Pater
1251 1334 1448 1380 dicturus

57 1417 120 1452 est
150 1407 282 1462 Filio,
312 1423 411 1452 cum
432 1407 579 1451 omnia
601 1422 731 1467 opera
756 1407 891 1451 Patris
914 1422 990 1467 per
1016 1405 1177 1451 Filium
1194 1404 1308 1450 facta
1332 1405 1447 1449 sint?

56 1477 254 1523 An‘forte
270 1513 280 1533 ‚
305 1478 448 1523 «Dico
469 1493 548 1536 ego
576 1493 707 1537 opera
730 1493 824 1521 mea
849 1478 940 1536 regi
962 1513 972 1533 ,
997 1495 1016 1518 »
1043 1478 1187 1536 ipsum
1214 1496 1232 1518 «
1260 1477 1366 1521 Dico
1383 1511 1394 1531 ,
1422 1494 1444 1518 »

57 1549 377 1608 generationem
407 1547 504 1593 Filii
525 1549 771 1608 significat?
793 1551 956 1593 Vereor
977 1564 1032 1592 ne
1053 1549 1138 1592 hoc
1163 1546 1400 1608 aliquando
1423 1562 1448 1590 a

56 1619 319 1664 tardioribus
349 1635 439 1664 non
469 1619 604 1679 possit
625 1619 837 1678 intelligi:
865 1629 1166 1664 verumtamen
1187 1617 1325 1661 dicam
1346 1639 1357 1675 3
1381 1632 1448 1661 se-

57 1699 216 1750 quatur
241 1689 318 1750 qui
342 1698 509 1749 potest,
540 1704 596 1733 ne
617 1705 706 1733 nou
730 1688 848 1734 dicto
870 1694 959 1734 non
981 1698 1188 1750 sequatur
1210 1698 1254 1733 et
1271 1688 1348 1748 qui
1366 1703 1447 1748 po-

57 1769 155 1806 test.
180 1760 384 1819 Legimus
404 1759 450 1803 in
472 1759 555 1804 alio
579 1759 750 1804 Psalmo
772 1760 955 1815 dictum,
980 1779 999 1802 «
1028 1759 1167 1805 Semel
1189 1758 1362 1804 locutus
1384 1767 1449 1802 est

60 1847 82 1872 n
116 1833 230 1874 Deus
248 1833 281 1872 ².
311 1846 332 1869 »
367 1830 511 1872 Toties
537 1829 711 1871 locutus
743 1839 806 1872 est
824 1843 902 1887 per
924 1831 1162 1887 Prophetas
1179 1864 1189 1882 ,
1216 1829 1343 1872 toties
1372 1843 1449 1886 per

56 1898 311 1960 Apostolos,
339 1898 560 1958 hodieque
588 1897 784 1958 loquitur
804 1913 881 1957 per
914 1906 1084 1941 sanctos
1115 1913 1241 1952 suos,
1268 1908 1306 1940 et
1342 1897 1400 1941 ait
1435 1917 1443 1942 :

63 1989 83 2013 «
109 1969 251 2016 Semel
270 1969 443 2014 locutus
475 1978 540 2012 est
560 1972 689 2012 Deus.
723 1987 743 2010 υ
767 1968 891 2013 Unde
911 1967 1040 2013 semel
1065 1968 1238 2013 locutus
1258 1978 1321 2012 est
1336 2004 1346 2022 ‚
1368 1968 1449 2012 nisi

59 2049 237 2101 propter
272 2040 471 2084 Verbum
505 2040 676 2083 unum?
716 2040 835 2084 Sicut
873 2048 1019 2083 autem
1052 2058 1071 2081 «
1108 2039 1336 2083 Eructavit
1373 2053 1450 2083 cor

62 2128 84 2152 »
117 2126 264 2154 meum
293 2109 479 2154 verbum
513 2109 707 2164 bonum,
744 2127 765 2150 »
797 2107 1087 2152 intelleximus
1116 2108 1178 2152 ibi
1202 2109 1448 2167 generatio-

60 2196 162 2225 nem
194 2180 292 2225 Filii
318 2199 327 2224 :
353 2179 489 2224 veluti
525 2179 725 2238 repetitio
760 2179 867 2223 mibi
897 2178 1072 2222 videtur
1094 2177 1208 2222 facta
1229 2179 1274 2221 in
1297 2194 1451 2222 conse-

61 2251 213 2311 quenti
235 2250 446 2295 seutentia
466 2286 475 2304 ‚
508 2259 559 2293 ut
578 2248 688 2292 illud
710 2248 830 2309 quod
849 2248 1013 2293 dictum
1039 2258 1150 2304 erat,
1182 2268 1201 2290 «
1222 2249 1450 2293 Eructavit

63 2339 86 2363 »
120 2336 195 2366 cor
216 2335 365 2364 meum
400 2320 585 2364 verbum
609 2319 777 2363 bonum
794 2354 805 2375 ‚
844 2337 864 2359 »
895 2327 1165 2378 repeteretur
1186 2319 1231 2361 in
1253 2334 1304 2363 co
1327 2318 1449 2379 quod

63 2392 123 2437 ait
144 2411 153 2437 ε
184 2411 204 2435 «
226 2392 346 2437 Dico.
375 2410 396 2433 »
422 2389 537 2444 Quid
556 2400 618 2435 est
638 2391 755 2435 enim
771 2426 781 2445 ‚
806 2410 825 2433 «
847 2391 1012 2435 Dico?»
1033 2390 1230 2434 Verbum
1253 2389 1444 2450 profero.

62 2465 120 2508 Et
139 2462 256 2508 unde
277 2461 441 2522 profert
465 2465 578 2505 Deus
598 2462 782 2506 verbum
801 2497 812 2516 ,
845 2461 926 2505 nisi
949 2476 999 2504 ex
1021 2460 1154 2506 corde
1176 2476 1278 2517 suo,
1303 2477 1355 2505 ex
1377 2461 1449 2505 in-

113 2548 251 2582 ¹Matth.
274 2559 340 2589 xix,
363 2558 421 2590 17,
437 2552 470 2578 et
487 2548 585 2579 Marc.
607 2557 640 2588 x,
663 2546 710 2578 18.
732 2563 773 2569 —-
793 2552 804 2570 ²
826 2545 913 2578 Psal.
935 2556 997 2587 ιιι,
1018 2553 1067 2577 12.
