1841 3223
376 262 617 292 ENARRATIO
649 265 695 292 IN
727 263 931 293 PSALMUM
962 255 1412 293 XL111.271

31 328 225 388 AEgyptii
237 338 551 407 persequentes
574 330 779 376 fluctibus
801 331 1003 391 obrupti‘?
1024 331 1103 376 ubi
1125 330 1332 376 Amalech
1356 347 1420 376 re·
1452 355 1455 358 “

32 399 210 454 sistens,
235 399 281 442 in
302 399 440 443 erucis
472 399 592 456 signo
615 403 900 459 supetatu81?
926 421 945 443 «
970 404 1027 446 Et
1052 417 1141 446 non
1164 401 1416 461 egredieris,

35 488 56 512 »
91 470 263 526 Deus,
252 486 299 514 1n
321 470 557 515 viltutibus
578 471 795 515 nostris.»

92 541 172 584 XI.
201 559 222 583 «
243 540 448 585 Avertisti
472 549 619 585 autem
640 556 718 585 nos
740 549 976 586 retrorsum
999 558 1088 602 prae
1119 543 1301 588 inimicis
1322 559 1423 588 nos-

36 628 57 652 »
91 610 166 654 tris
193 629 202 655 :
230 627 250 652 n
280 619 332 655 ut
353 611 476 671 quasi
498 610 562 655 illi
589 620 689 656 ante
711 611 820 668 sint,
845 628 924 657 nos
949 622 1086 671 retro,
1118 613 1180 657 illi
1213 614 1420 670 victores,

34 696 113 726 nos
139 681 243 726 victi
270 681 546 742 deputemur.
576 702 596 725 «
620 685 678 728 Et
709 683 786 744 qui
818 699 896 728 nos
924 682 1133 741 oderunt,
1159 683 1425 744 diripiebant

40 768 61 794 »
96 751 206 796 sibi2
225 769 245 793 »
270 751 401 812 quid,
421 752 502 797 nisi
524 755 631 797 nos?

95 823 197 866 XII.
227 841 247 865 «
269 822 433 867 Dedisti
450 839 528 868 nos
548 833 758 884 tanquam
783 839 883 868 oves
905 839 1099 869 escarum
1116 859 1126 879 ,
1152 833 1194 869 et
1216 824 1260 868 in
1283 825 1424 869 natio-

38 911 59 934 »
94 893 223 938 nibus
240 893 474 954 dispersisti
491 896 609 939 nos³.
630 913 650 936 >›
667 898 704 939 Α
721 895 971 940 nationibus
983 895 1233 940 manducati
1256 912 1421 941 sumus.

37 963 94 1007 Hi
115 963 414 1022 significantur
434 965 509 1025 qui
531 965 590 1009 sic
612 966 723 1024 passi
745 975 868 1020 sunt,
904 975 955 1010 ut
980 967 1026 1010 in
1047 982 1205 1026 corpus
1229 968 1424 1025 gentium

34 1041 320 1078 verterentur.
342 1034 515 1094 Plangit
537 1036 653 1079 enim
676 1051 748 1080 eos
771 1035 979 1092 Ecclesia,
997 1046 1207 1098 tanquam
1228 1038 1425 1081 membra

36 1118 113 1147 sua
130 1102 350 1148 devorata.

93 1176 221 1217 XIII.
243 1173 516 1220 «Vendidisti
539 1175 752 1235 populum
770 1184 896 1220 tuum
915 1177 1004 1220 sinc
1021 1177 1178 1236 pretio.
1193 1177 1426 1222 »Vidimus

37 1244 155 1288 enim
172 1260 281 1304 quos
302 1243 481 1301 dedisti,
508 1261 597 1291 non
624 1246 813 1290 vidimus
841 1245 950 1307 quid
971 1248 1187 1307 accepisti.
1212 1268 1231 1290 ‹<
1257 1251 1314 1292 Et
1337 1264 1425 1292 non

39 1333 61 1357 -»
96 1314 180 1360 fuit
209 1315 448 1361 multitudo
480 1317 526 1360 in
548 1317 882 1378 jubilationibus
921 1321 1115 1363 eorum&
1145 1337 1165 1360 »
1202 1319 1426 1380 Numquid

37 1386 153 1429 enim
167 1386 343 1446 quando
364 1387 593 1446 fugiebant
615 1387 847 1433 Christiani
864 1389 1226 1450 persequentibus
1243 1390 1428 1434 inimicis

37 1455 303 1513 idololatris,
333 1458 498 1502 fiebant
532 1459 886 1518 congregationes
926 1469 970 1505 et
993 1460 1274 1521 jubilationes
1308 1463 1429 1505 Deo?

37 1526 264 1588 Numquid
291 1528 638 1573 concinebantur
659 1530 813 1587 hymni
835 1529 890 1574 de
910 1530 1110 1575 Ecclesiis
1131 1532 1234 1587 Dei,
1260 1533 1335 1592 qui
1356 1548 1428 1576 so-

37 1592 130 1641 lent
151 1598 196 1642 in
218 1614 322 1658 paee
349 1599 542 1656 concini,
574 1599 782 1661 dulcique
808 1611 1026 1646 concentu
1047 1602 1329 1647 fraternitatis
1352 1603 1430 1647 Dei

39 1669 217 1713 auribus
245 1671 493 1729 personari?
519 1690 539 1714 «
564 1674 621 1716 Et
642 1687 732 1716 non
764 1671 850 1716 suit
877 1672 1116 1717 multitudo
1136 1673 1183 1716 in
1209 1672 1430 1733 jubilatio-

43 1756 64 1780 »
101 1739 231 1784 nibus
248 1754 416 1784 eorum.
445 1759 465 1781 »

34 1826 35 1829 ¹
97 1812 217 1854 XIV.
243 1828 263 1852 «
288 1810 473 1855 Posuisti
491 1825 568 1855 nos
589 1811 636 1854 in
651 1811 938 1870 opprobrium
954 1811 1104 1857 vicinis
1126 1813 1304 1870 nostris,
1329 1814 1430 1858 sub-

45 1899 66 1923 »
99 1881 396 1926 sarmationem
414 1890 458 1925 et
478 1880 668 1925 derisum
689 1882 755 1926 his
773 1882 848 1942 qui
870 1882 916 1926 in
933 1883 1116 1927 circuitu
1138 1893 1286 1929 nostro
1308 1895 1424 1930 sunt.

45 1968 67 1993 »
102 1951 282 2009 Posuisti
312 1967 390 1996 nos
419 1952 465 1995 in
499 1952 828 1996 similitudinem
861 1953 908 1996 in
939 1953 1230 1998 nationibu55.
1259 1973 1279 1996 »
1315 1955 1431 2009 Quid

44 2030 122 2078 est,
151 2041 172 2064 «
195 2025 248 2066 In
268 2021 629 2067 similitudinem?
652 2040 672 2063 ³>
700 2023 886 2075 Quando
904 2022 1211 2069 maledicentes
1232 2026 1431 2071 homines

44 2091 372 2137 similitudinem
395 2091 501 2136 dant
523 2093 578 2136 de
596 2107 646 2136 eo
668 2108 800 2153 quem
819 2093 1105 2138 detestantur.
1129 2096 1196 2140 Sic
1218 2096 1429 2153 moriaris,

46 2163 106 2208 sic
120 2162 327 2222 puniaris.
349 2165 521 2216 Quanta
542 2172 647 2207 tunc
662 2163 776 2207 dicta
790 2173 894 2208 sunt
914 2163 1043 2209 talia?
1058 2167 1126 2210 Sic
1148 2167 1427 2226 crucifigaris.

36 2232 276 2293 'Hodieque
297 2248 386 2277 non
411 2232 570 2277 desunt
587 2233 732 2277 hostes
754 2234 934 2290 Christi,
958 2234 1022 2279 illi
1045 2236 1125 2294 ipsi
1144 2239 1168 2280 J
1173 2237 1307 2292 udaei,
1333 2253 1433 2282 con·

48 2313 114 2348 tra
135 2319 244 2364 quos
261 2302 437 2364 quando
451 2302 724 2348 defendimus
747 2305 986 2361 Christum,
1010 2305 1166 2351 dicunt·
1184 2308 1310 2352 nobis
1331 2324 1340 2349 t
1365 2309 1433 2354 Sic

48 2373 242 2418 moriaris
257 2373 478 2434 quomodo
490 2372 577 2417 ille.
591 2376 689 2419 Non
703 2373 819 2418 enim
835 2374 953 2419 illam
967 2385 1153 2420 mortem
1166 2377 1429 2432 intulissent,

50 2444 132 2488 nisi
159 2459 210 2489 eo
235 2444 367 2489 modo
400 2444 511 2489 mori
531 2445 810 2489 vehementer
840 2447 1182 2507 exhorruissent,
1218 2458 1293 2493 aut
1325 2449 1434 2510 quid

101 2547 110 2563 ¹
139 2541 238 2573 Exod.
261 2551 335 2582 xlv,
356 2551 394 2573 21
412 2567 420 2583 ,
444 2551 508 2583 27,
531 2547 564 2574 et
580 2553 658 2584 xvli,
681 2554 731 2574 ιι.
751 2559 793 2566 -
814 2549 827 2566 ²
843 2542 922 2575 Psal.
947 2553 1034 2585 xmu,
1057 2555 1106 2578 11.
1129 2561 1171 2568 —-
1187 2542 1301 2579 31bid.
1321 2554 1371 2579 12.
1391 2562 1433 2570 ·-·

55 2595 166 2630 41bid.
189 2598 240 2631 13.
259 2595 427 2631 ——51bid.
455 2598 507 2640 14,
530 2598 582 2630 15.
