<?xml version="1.0" encoding="UTF-8"?>
<!DOCTYPE html PUBLIC "-//W3C//DTD XHTML 1.0 Transitional//EN"
    "http://www.w3.org/TR/xhtml1/DTD/xhtml1-transitional.dtd">
<html xmlns="http://www.w3.org/1999/xhtml" xml:lang="en" lang="en">
 <head>
  <title>
</title>
<meta http-equiv="Content-Type" content="text/html;charset=utf-8" />
  <meta name='ocr-system' content='tesseract 3.04.00' />
  <meta name='ocr-capabilities' content='ocr_page ocr_carea ocr_par ocr_line ocrx_word'/>
</head>
<body>
  <div class='ocr_page' id='page_1' title='image "./operaomniaaccura08auguuoft_0110.png"; bbox 0 0 1841 3223; ppageno 0'>
   <div class='ocr_carea' id='block_1_1' title="bbox 357 217 1776 2604">
    <p class='ocr_par' dir='ltr' id='par_1_1' title="bbox 399 217 1333 251">
     <span class='ocr_line' id='line_1_1' title="bbox 399 217 1333 251; baseline 0 0"><span class='ocrx_word' id='word_1_1' title='bbox 399 217 479 251; x_wconf 80' lang='lat'>100</span> <span class='ocrx_word' id='word_1_2' title='bbox 818 224 850 249; x_wconf 87' lang='lat' dir='ltr'>s.</span> <span class='ocrx_word' id='word_1_3' title='bbox 888 224 1118 250; x_wconf 69' lang='lat' dir='ltr'>Acuusuiss</span> <span class='ocrx_word' id='word_1_4' title='bbox 1153 225 1333 251; x_wconf 72' lang='lat' dir='ltr'>EPlscom</span> 
     </span>
    </p>

    <p class='ocr_par' dir='ltr' id='par_1_2' title="bbox 357 284 1776 2604">
     <span class='ocr_line' id='line_1_2' title="bbox 390 284 1776 348; baseline 0.002 -16"><span class='ocrx_word' id='word_1_5' title='bbox 390 287 596 333; x_wconf 72' lang='lat' dir='ltr'>damnare</span> <span class='ocrx_word' id='word_1_6' title='bbox 613 288 815 347; x_wconf 73' lang='lat' dir='ltr'>potuisti?</span> <span class='ocrx_word' id='word_1_7' title='bbox 836 286 938 346; x_wconf 81' lang='lat' dir='ltr'>quia</span> <span class='ocrx_word' id='word_1_8' title='bbox 965 286 1078 330; x_wconf 87' lang='lat' dir='ltr'>inter</span> <span class='ocrx_word' id='word_1_9' title='bbox 1104 284 1377 332; x_wconf 83' lang='lat' dir='ltr'>damnatores</span> <span class='ocrx_word' id='word_1_10' title='bbox 1407 296 1450 331; x_wconf 90' lang='lat' dir='ltr'>et</span> <span class='ocrx_word' id='word_1_11' title='bbox 1476 288 1565 347; x_wconf 88' lang='lat' dir='ltr'>ipse</span> <span class='ocrx_word' id='word_1_12' title='bbox 1593 289 1776 348; x_wconf 83' lang='lat' dir='ltr'>scriptus</span> 
     </span>
     <span class='ocr_line' id='line_1_3' title="bbox 388 355 1776 413; baseline 0.001 -11"><span class='ocrx_word' id='word_1_13' title='bbox 388 367 473 413; x_wconf 85' lang='lat' dir='ltr'>cst,</span> <span class='ocrx_word' id='word_1_14' title='bbox 499 374 579 402; x_wconf 82' lang='lat' dir='ltr'>nec</span> <span class='ocrx_word' id='word_1_15' title='bbox 616 365 895 402; x_wconf 87' lang='lat' dir='ltr'>servaverunt</span> <span class='ocrx_word' id='word_1_16' title='bbox 921 355 983 400; x_wconf 81' lang='lat' dir='ltr'>illi</span> <span class='ocrx_word' id='word_1_17' title='bbox 1017 356 1165 401; x_wconf 88' lang='lat' dir='ltr'>locum</span> <span class='ocrx_word' id='word_1_18' title='bbox 1193 373 1365 402; x_wconf 87' lang='lat' dir='ltr'>causam</span> <span class='ocrx_word' id='word_1_19' title='bbox 1402 356 1598 402; x_wconf 88' lang='lat' dir='ltr'>dicentis.</span> <span class='ocrx_word' id='word_1_20' title='bbox 1637 358 1776 404; x_wconf 83' lang='lat' dir='ltr'>Aliter</span> 
     </span>
     <span class='ocr_line' id='line_1_4' title="bbox 388 426 1775 474; baseline 0 -1"><span class='ocrx_word' id='word_1_21' title='bbox 388 438 534 474; x_wconf 89' lang='lat' dir='ltr'>autem</span> <span class='ocrx_word' id='word_1_22' title='bbox 565 426 819 472; x_wconf 80' lang='lat' dir='ltr'>Caecilianus</span> <span class='ocrx_word' id='word_1_23' title='bbox 854 445 862 471; x_wconf 92' lang='lat'><strong>:</strong></span> <span class='ocrx_word' id='word_1_24' title='bbox 889 437 1080 472; x_wconf 86' lang='lat' dir='ltr'>servatus</span> <span class='ocrx_word' id='word_1_25' title='bbox 1117 437 1180 472; x_wconf 91' lang='lat' dir='ltr'>est</span> <span class='ocrx_word' id='word_1_26' title='bbox 1206 427 1268 472; x_wconf 87' lang='lat' dir='ltr'>illi</span> <span class='ocrx_word' id='word_1_27' title='bbox 1302 428 1424 473; x_wconf 90' lang='lat' dir='ltr'>locus</span> <span class='ocrx_word' id='word_1_28' title='bbox 1455 429 1641 473; x_wconf 87' lang='lat' dir='ltr'>hominis</span> <span class='ocrx_word' id='word_1_29' title='bbox 1669 445 1775 474; x_wconf 89' lang='lat' dir='ltr'>cau-</span> 
     </span>
     <span class='ocr_line' id='line_1_5' title="bbox 386 497 1775 560; baseline 0 -16"><span class='ocrx_word' id='word_1_30' title='bbox 386 514 477 544; x_wconf 83' lang='lat' dir='ltr'>sam</span> <span class='ocrx_word' id='word_1_31' title='bbox 520 497 728 553; x_wconf 77' lang='lat' dir='ltr'>dicentis,</span> <span class='ocrx_word' id='word_1_32' title='bbox 766 497 878 542; x_wconf 90' lang='lat' dir='ltr'>sicut</span> <span class='ocrx_word' id='word_1_33' title='bbox 911 498 1043 545; x_wconf 86' lang='lat' dir='ltr'>hahet</span> <span class='ocrx_word' id='word_1_34' title='bbox 1077 499 1167 558; x_wconf 87' lang='lat' dir='ltr'>ipsa</span> <span class='ocrx_word' id='word_1_35' title='bbox 1206 499 1446 557; x_wconf 74' lang='lat' dir='ltr'>sententi33</span> <span class='ocrx_word' id='word_1_36' title='bbox 1480 499 1584 560; x_wconf 86' lang='lat' dir='ltr'>quia</span> <span class='ocrx_word' id='word_1_37' title='bbox 1617 515 1697 544; x_wconf 88' lang='lat' dir='ltr'>nee</span> <span class='ocrx_word' id='word_1_38' title='bbox 1729 500 1775 545; x_wconf 89' lang='lat' dir='ltr'>in</span> 
     </span>
     <span class='ocr_line' id='line_1_6' title="bbox 384 568 1772 629; baseline 0.001 -16"><span class='ocrx_word' id='word_1_39' title='bbox 384 568 737 613; x_wconf 77' lang='lat' dir='ltr'>communionem</span> <span class='ocrx_word' id='word_1_40' title='bbox 762 577 959 628; x_wconf 89' lang='lat' dir='ltr'>receptus</span> <span class='ocrx_word' id='word_1_41' title='bbox 981 578 1044 613; x_wconf 89' lang='lat' dir='ltr'>est</span> <span class='ocrx_word' id='word_1_42' title='bbox 1065 569 1144 613; x_wconf 84' lang='lat' dir='ltr'>nisi</span> <span class='ocrx_word' id='word_1_43' title='bbox 1167 578 1391 629; x_wconf 78' lang='lat' dir='ltr'>purgatus.</span> <span class='ocrx_word' id='word_1_44' title='bbox 1426 573 1510 614; x_wconf 87' lang='lat' dir='ltr'>Iste</span> <span class='ocrx_word' id='word_1_45' title='bbox 1533 579 1679 614; x_wconf 84' lang='lat' dir='ltr'>autem</span> <span class='ocrx_word' id='word_1_46' title='bbox 1702 570 1772 616; x_wconf 92' lang='lat' dir='ltr'>in-</span> 
     </span>
     <span class='ocr_line' id='line_1_7' title="bbox 384 637 1773 701; baseline 0 -16"><span class='ocrx_word' id='word_1_47' title='bbox 384 641 558 685; x_wconf 87' lang='lat' dir='ltr'>venitur</span> <span class='ocrx_word' id='word_1_48' title='bbox 579 640 651 684; x_wconf 89' lang='lat' dir='ltr'>hic</span> <span class='ocrx_word' id='word_1_49' title='bbox 674 655 697 683; x_wconf 86' lang='lat' dir='ltr'>a</span> <span class='ocrx_word' id='word_1_50' title='bbox 713 638 935 699; x_wconf 85' lang='lat' dir='ltr'>judicibus</span> <span class='ocrx_word' id='word_1_51' title='bbox 957 640 1187 684; x_wconf 87' lang='lat' dir='ltr'>damnatus</span> <span class='ocrx_word' id='word_1_52' title='bbox 1202 676 1212 695; x_wconf 84' lang='lat'>‚</span> <span class='ocrx_word' id='word_1_53' title='bbox 1231 639 1317 684; x_wconf 85' lang='lat' dir='ltr'>illic</span> <span class='ocrx_word' id='word_1_54' title='bbox 1340 640 1453 684; x_wconf 91' lang='lat' dir='ltr'>inter</span> <span class='ocrx_word' id='word_1_55' title='bbox 1470 637 1638 701; x_wconf 84' lang='lat' dir='ltr'>judices</span> <span class='ocrx_word' id='word_1_56' title='bbox 1655 640 1773 685; x_wconf 84' lang='lat' dir='ltr'>dam-</span> 
     </span>
     <span class='ocr_line' id='line_1_8' title="bbox 382 709 1772 770; baseline 0.001 -15"><span class='ocrx_word' id='word_1_57' title='bbox 382 726 505 755; x_wconf 85' lang='lat' dir='ltr'>nans.</span> <span class='ocrx_word' id='word_1_58' title='bbox 535 709 620 755; x_wconf 89' lang='lat' dir='ltr'>Sed</span> <span class='ocrx_word' id='word_1_59' title='bbox 646 709 776 755; x_wconf 81' lang='lat' dir='ltr'>fuerit</span> <span class='ocrx_word' id='word_1_60' title='bbox 798 710 876 754; x_wconf 89' lang='lat' dir='ltr'>ista</span> <span class='ocrx_word' id='word_1_61' title='bbox 905 710 1086 770; x_wconf 82' lang='lat' dir='ltr'>aequitas</span> <span class='ocrx_word' id='word_1_62' title='bbox 1108 710 1334 769; x_wconf 77' lang='lat' dir='ltr'>Bagaitani</span> <span class='ocrx_word' id='word_1_63' title='bbox 1363 711 1536 755; x_wconf 85' lang='lat' dir='ltr'>concilii</span> <span class='ocrx_word' id='word_1_64' title='bbox 1563 730 1572 755; x_wconf 90' lang='lat'>:</span> <span class='ocrx_word' id='word_1_65' title='bbox 1598 726 1772 770; x_wconf 85' lang='lat' dir='ltr'>prorsus</span> 
     </span>
     <span class='ocr_line' id='line_1_9' title="bbox 383 780 1768 828; baseline -0.001 0"><span class='ocrx_word' id='word_1_66' title='bbox 383 792 525 828; x_wconf 87' lang='lat' dir='ltr'>totum</span> <span class='ocrx_word' id='word_1_67' title='bbox 546 780 840 826; x_wconf 78' lang='lat' dir='ltr'>concedimus.</span> <span class='ocrx_word' id='word_1_68' title='bbox 866 780 980 826; x_wconf 85' lang='lat' dir='ltr'>Male</span> <span class='ocrx_word' id='word_1_69' title='bbox 1002 790 1045 825; x_wconf 86' lang='lat' dir='ltr'>te</span> <span class='ocrx_word' id='word_1_70' title='bbox 1067 780 1389 826; x_wconf 82' lang='lat' dir='ltr'>damnaverunt</span> <span class='ocrx_word' id='word_1_71' title='bbox 1410 782 1768 827; x_wconf 74' lang='lat' dir='ltr'>Maximianistae:</span> 
     </span>
     <span class='ocr_line' id='line_1_10' title="bbox 378 852 1772 912; baseline -0.001 -11"><span class='ocrx_word' id='word_1_72' title='bbox 378 856 492 901; x_wconf 84' lang='lat' dir='ltr'>male</span> <span class='ocrx_word' id='word_1_73' title='bbox 526 853 845 898; x_wconf 86' lang='lat' dir='ltr'>damnaverunt</span> <span class='ocrx_word' id='word_1_74' title='bbox 864 862 907 897; x_wconf 86' lang='lat' dir='ltr'>et</span> <span class='ocrx_word' id='word_1_75' title='bbox 933 852 994 896; x_wconf 88' lang='lat' dir='ltr'>illi</span> <span class='ocrx_word' id='word_1_76' title='bbox 1027 853 1189 912; x_wconf 82' lang='lat' dir='ltr'>priores</span> <span class='ocrx_word' id='word_1_77' title='bbox 1219 855 1350 899; x_wconf 87' lang='lat' dir='ltr'>vestri</span> <span class='ocrx_word' id='word_1_78' title='bbox 1379 852 1676 900; x_wconf 73' lang='lat' dir='ltr'>Caeeilianum.</span> <span class='ocrx_word' id='word_1_79' title='bbox 1706 857 1772 899; x_wconf 84' lang='lat' dir='ltr'>Tu</span> 
     </span>
     <span class='ocr_line' id='line_1_11' title="bbox 379 922 1771 988; baseline -0.001 -17"><span class='ocrx_word' id='word_1_80' title='bbox 379 926 571 988; x_wconf 84' lang='lat' dir='ltr'>purgasti</span> <span class='ocrx_word' id='word_1_81' title='bbox 588 934 629 969; x_wconf 89' lang='lat' dir='ltr'>te</span> <span class='ocrx_word' id='word_1_82' title='bbox 654 923 770 984; x_wconf 88' lang='lat' dir='ltr'>apud</span> <span class='ocrx_word' id='word_1_83' title='bbox 800 923 929 982; x_wconf 80' lang='lat' dir='ltr'>Bagai</span> <span class='ocrx_word' id='word_1_84' title='bbox 961 924 1190 982; x_wconf 82' lang='lat' dir='ltr'>:purgavit</span> <span class='ocrx_word' id='word_1_85' title='bbox 1221 939 1264 968; x_wconf 90' lang='lat' dir='ltr'>se</span> <span class='ocrx_word' id='word_1_86' title='bbox 1293 922 1366 967; x_wconf 85' lang='lat' dir='ltr'>ille</span> <span class='ocrx_word' id='word_1_87' title='bbox 1407 924 1451 967; x_wconf 90' lang='lat' dir='ltr'>in</span> <span class='ocrx_word' id='word_1_88' title='bbox 1483 924 1771 970; x_wconf 83' lang='lat' dir='ltr'>transmarino</span> 
     </span>
     <span class='ocr_line' id='line_1_12' title="bbox 372 993 1765 1058; baseline -0.001 -17"><span class='ocrx_word' id='word_1_89' title='bbox 372 996 552 1058; x_wconf 89' lang='lat' dir='ltr'>judicio.</span> <span class='ocrx_word' id='word_1_90' title='bbox 574 994 802 1040; x_wconf 86' lang='lat' dir='ltr'>Consensit</span> <span class='ocrx_word' id='word_1_91' title='bbox 823 993 926 1038; x_wconf 89' lang='lat' dir='ltr'>huic</span> <span class='ocrx_word' id='word_1_92' title='bbox 942 993 1109 1054; x_wconf 88' lang='lat' dir='ltr'>judicio</span> <span class='ocrx_word' id='word_1_93' title='bbox 1143 994 1371 1038; x_wconf 91' lang='lat' dir='ltr'>universus</span> <span class='ocrx_word' id='word_1_94' title='bbox 1394 994 1510 1039; x_wconf 91' lang='lat' dir='ltr'>orbis</span> <span class='ocrx_word' id='word_1_95' title='bbox 1537 1004 1765 1040; x_wconf 87' lang='lat' dir='ltr'>terrarum.</span> 
     </span>
     <span class='ocr_line' id='line_1_13' title="bbox 377 1063 1764 1125; baseline -0.004 -14"><span class='ocrx_word' id='word_1_96' title='bbox 377 1066 495 1121; x_wconf 87' lang='lat' dir='ltr'>Quid</span> <span class='ocrx_word' id='word_1_97' title='bbox 517 1065 712 1110; x_wconf 88' lang='lat' dir='ltr'>dicturus</span> <span class='ocrx_word' id='word_1_98' title='bbox 735 1066 803 1108; x_wconf 78' lang='lat' dir='ltr'>es?</span> <span class='ocrx_word' id='word_1_99' title='bbox 828 1063 976 1108; x_wconf 87' lang='lat' dir='ltr'>Plures</span> <span class='ocrx_word' id='word_1_100' title='bbox 998 1080 1076 1109; x_wconf 89' lang='lat' dir='ltr'>nos</span> <span class='ocrx_word' id='word_1_101' title='bbox 1094 1079 1243 1108; x_wconf 85' lang='lat' dir='ltr'>sumus</span> <span class='ocrx_word' id='word_1_102' title='bbox 1265 1080 1397 1125; x_wconf 90' lang='lat' dir='ltr'>quam</span> <span class='ocrx_word' id='word_1_103' title='bbox 1419 1064 1764 1109; x_wconf 82' lang='lat' dir='ltr'>Maximianistae.</span> 
     </span>
     <span class='ocr_line' id='line_1_14' title="bbox 378 1134 1768 1196; baseline -0.004 -13"><span class='ocrx_word' id='word_1_104' title='bbox 378 1140 528 1184; x_wconf 87' lang='lat' dir='ltr'>Estote</span> <span class='ocrx_word' id='word_1_105' title='bbox 545 1134 690 1196; x_wconf 87' lang='lat' dir='ltr'>plures</span> <span class='ocrx_word' id='word_1_106' title='bbox 720 1154 729 1179; x_wconf 92' lang='lat'>:</span> <span class='ocrx_word' id='word_1_107' title='bbox 751 1134 806 1178; x_wconf 89' lang='lat' dir='ltr'>de</span> <span class='ocrx_word' id='word_1_108' title='bbox 832 1149 1015 1178; x_wconf 91' lang='lat' dir='ltr'>numero</span> <span class='ocrx_word' id='word_1_109' title='bbox 1043 1150 1146 1194; x_wconf 81' lang='lat' dir='ltr'>ergo</span> <span class='ocrx_word' id='word_1_110' title='bbox 1173 1150 1350 1193; x_wconf 80' lang='lat' dir='ltr'>agamus</span> <span class='ocrx_word' id='word_1_111' title='bbox 1387 1151 1398 1178; x_wconf 91' lang='grc'>.·</span> <span class='ocrx_word' id='word_1_112' title='bbox 1424 1134 1525 1178; x_wconf 85' lang='lat' dir='ltr'>vide</span> <span class='ocrx_word' id='word_1_113' title='bbox 1551 1144 1768 1195; x_wconf 84' lang='lat' dir='ltr'>quantum</span> 
     </span>
     <span class='ocr_line' id='line_1_15' title="bbox 374 1204 1768 1260; baseline -0.003 -6"><span class='ocrx_word' id='word_1_114' title='bbox 374 1208 558 1255; x_wconf 86' lang='lat' dir='ltr'>intersit.</span> <span class='ocrx_word' id='word_1_115' title='bbox 594 1206 833 1251; x_wconf 82' lang='lat' dir='ltr'>Absentem</span> <span class='ocrx_word' id='word_1_116' title='bbox 870 1215 912 1250; x_wconf 87' lang='lat' dir='ltr'>te</span> <span class='ocrx_word' id='word_1_117' title='bbox 934 1204 1254 1250; x_wconf 87' lang='lat' dir='ltr'>damnaverunt</span> <span class='ocrx_word' id='word_1_118' title='bbox 1282 1205 1632 1260; x_wconf 82' lang='lat' dir='ltr'>Maximianistae‚</span> <span class='ocrx_word' id='word_1_119' title='bbox 1664 1221 1768 1250; x_wconf 83' lang='lat' dir='ltr'>cum</span> 
     </span>
     <span class='ocr_line' id='line_1_16' title="bbox 375 1273 1766 1335; baseline -0.004 -11"><span class='ocrx_word' id='word_1_120' title='bbox 375 1280 432 1325; x_wconf 88' lang='lat' dir='ltr'>ad</span> <span class='ocrx_word' id='word_1_121' title='bbox 452 1293 524 1322; x_wconf 90' lang='lat' dir='ltr'>eos</span> <span class='ocrx_word' id='word_1_122' title='bbox 541 1275 657 1321; x_wconf 81' lang='lat' dir='ltr'>exire</span> <span class='ocrx_word' id='word_1_123' title='bbox 679 1275 902 1320; x_wconf 87' lang='lat' dir='ltr'>noluisses.</span> <span class='ocrx_word' id='word_1_124' title='bbox 923 1277 1016 1320; x_wconf 89' lang='lat' dir='ltr'>Hoc</span> <span class='ocrx_word' id='word_1_125' title='bbox 1038 1274 1215 1335; x_wconf 87' lang='lat' dir='ltr'>quidem</span> <span class='ocrx_word' id='word_1_126' title='bbox 1238 1273 1376 1318; x_wconf 86' lang='lat' dir='ltr'>simile</span> <span class='ocrx_word' id='word_1_127' title='bbox 1390 1310 1401 1326; x_wconf 89' lang='lat'>,</span> <span class='ocrx_word' id='word_1_128' title='bbox 1427 1275 1484 1318; x_wconf 87' lang='lat' dir='ltr'>sic</span> <span class='ocrx_word' id='word_1_129' title='bbox 1503 1283 1546 1318; x_wconf 87' lang='lat' dir='ltr'>et</span> <span class='ocrx_word' id='word_1_130' title='bbox 1562 1273 1624 1318; x_wconf 92' lang='lat' dir='ltr'>illi</span> <span class='ocrx_word' id='word_1_131' title='bbox 1642 1274 1766 1319; x_wconf 81' lang='lat' dir='ltr'>dam-</span> 
     </span>
     <span class='ocr_line' id='line_1_17' title="bbox 375 1345 1768 1399; baseline -0.004 -4"><span class='ocrx_word' id='word_1_132' title='bbox 375 1357 589 1396; x_wconf 86' lang='lat' dir='ltr'>naverunt</span> <span class='ocrx_word' id='word_1_133' title='bbox 613 1347 835 1391; x_wconf 76' lang='lat' dir='ltr'>absentem</span> <span class='ocrx_word' id='word_1_134' title='bbox 867 1345 1148 1391; x_wconf 76' lang='lat' dir='ltr'>Caecilianum</span> <span class='ocrx_word' id='word_1_135' title='bbox 1165 1380 1175 1399; x_wconf 78' lang='grc'>,</span> <span class='ocrx_word' id='word_1_136' title='bbox 1217 1360 1316 1389; x_wconf 89' lang='lat' dir='ltr'>cum</span> <span class='ocrx_word' id='word_1_137' title='bbox 1344 1345 1580 1389; x_wconf 83' lang='lat' dir='ltr'>factionem</span> <span class='ocrx_word' id='word_1_138' title='bbox 1615 1361 1768 1390; x_wconf 90' lang='lat' dir='ltr'>eorum</span> 
     </span>
     <span class='ocr_line' id='line_1_18' title="bbox 375 1415 1767 1465; baseline -0.003 -1"><span class='ocrx_word' id='word_1_139' title='bbox 375 1420 607 1465; x_wconf 81' lang='lat' dir='ltr'>devitasset</span> <span class='ocrx_word' id='word_1_140' title='bbox 625 1417 725 1462; x_wconf 89' lang='lat' dir='ltr'>:sed</span> <span class='ocrx_word' id='word_1_141' title='bbox 743 1425 792 1460; x_wconf 90' lang='lat' dir='ltr'>tu</span> <span class='ocrx_word' id='word_1_142' title='bbox 810 1432 956 1460; x_wconf 86' lang='lat' dir='ltr'>rursus</span> <span class='ocrx_word' id='word_1_143' title='bbox 979 1416 1023 1459; x_wconf 90' lang='lat' dir='ltr'>in</span> <span class='ocrx_word' id='word_1_144' title='bbox 1036 1416 1234 1460; x_wconf 79' lang='lat' dir='ltr'>absentes</span> <span class='ocrx_word' id='word_1_145' title='bbox 1256 1415 1351 1460; x_wconf 90' lang='lat' dir='ltr'>illos</span> <span class='ocrx_word' id='word_1_146' title='bbox 1374 1415 1511 1459; x_wconf 81' lang='lat' dir='ltr'>fecisti</span> <span class='ocrx_word' id='word_1_147' title='bbox 1534 1416 1767 1461; x_wconf 83' lang='lat' dir='ltr'>sententias</span> 
     </span>
     <span class='ocr_line' id='line_1_19' title="bbox 372 1485 1769 1546; baseline -0.004 -9"><span class='ocrx_word' id='word_1_148' title='bbox 372 1492 419 1537; x_wconf 90' lang='lat' dir='ltr'>in</span> <span class='ocrx_word' id='word_1_149' title='bbox 442 1488 628 1535; x_wconf 87' lang='lat' dir='ltr'>coneilio</span> <span class='ocrx_word' id='word_1_150' title='bbox 641 1488 876 1546; x_wconf 82' lang='lat' dir='ltr'>Bagaitano</span> <span class='ocrx_word' id='word_1_151' title='bbox 904 1506 912 1531; x_wconf 94' lang='lat'>:</span> <span class='ocrx_word' id='word_1_152' title='bbox 939 1496 982 1530; x_wconf 82' lang='lat' dir='ltr'>at</span> <span class='ocrx_word' id='word_1_153' title='bbox 1003 1502 1106 1530; x_wconf 88' lang='lat' dir='ltr'>vero</span> <span class='ocrx_word' id='word_1_154' title='bbox 1127 1485 1382 1531; x_wconf 75' lang='lat' dir='ltr'>Caecilianus</span> <span class='ocrx_word' id='word_1_155' title='bbox 1402 1502 1591 1546; x_wconf 81' lang='lat' dir='ltr'>praesens</span> <span class='ocrx_word' id='word_1_156' title='bbox 1617 1487 1769 1532; x_wconf 85' lang='lat' dir='ltr'>adver·</span> 
     </span>
     <span class='ocr_line' id='line_1_20' title="bbox 372 1556 1764 1620; baseline -0.004 -13"><span class='ocrx_word' id='word_1_157' title='bbox 372 1562 484 1607; x_wconf 86' lang='lat' dir='ltr'>sario</span> <span class='ocrx_word' id='word_1_158' title='bbox 508 1568 720 1620; x_wconf 79' lang='lat' dir='ltr'>praesente</span> <span class='ocrx_word' id='word_1_159' title='bbox 741 1566 950 1616; x_wconf 84' lang='lat' dir='ltr'>purgatus</span> <span class='ocrx_word' id='word_1_160' title='bbox 972 1566 1049 1600; x_wconf 80' lang='lat' dir='ltr'>est.</span> <span class='ocrx_word' id='word_1_161' title='bbox 1075 1557 1242 1602; x_wconf 87' lang='lat' dir='ltr'>Deinde</span> <span class='ocrx_word' id='word_1_162' title='bbox 1265 1557 1346 1600; x_wconf 83' lang='lat' dir='ltr'>alia</span> <span class='ocrx_word' id='word_1_163' title='bbox 1375 1573 1530 1616; x_wconf 86' lang='lat' dir='ltr'>magna</span> <span class='ocrx_word' id='word_1_164' title='bbox 1554 1556 1764 1602; x_wconf 83' lang='lat' dir='ltr'>differen-</span> 
     </span>
     <span class='ocr_line' id='line_1_21' title="bbox 372 1626 1764 1691; baseline -0.003 -14"><span class='ocrx_word' id='word_1_165' title='bbox 372 1633 432 1677; x_wconf 84' lang='lat' dir='ltr'>tia</span> <span class='ocrx_word' id='word_1_166' title='bbox 467 1651 476 1676; x_wconf 77' lang='lat'>2</span> <span class='ocrx_word' id='word_1_167' title='bbox 502 1630 669 1691; x_wconf 87' lang='lat' dir='ltr'>judices</span> <span class='ocrx_word' id='word_1_168' title='bbox 701 1626 910 1672; x_wconf 84' lang='lat' dir='ltr'>Numidas</span> <span class='ocrx_word' id='word_1_169' title='bbox 945 1626 1064 1686; x_wconf 83' lang='lat' dir='ltr'>apud</span> <span class='ocrx_word' id='word_1_170' title='bbox 1106 1642 1216 1686; x_wconf 87' lang='lat' dir='ltr'>quos</span> <span class='ocrx_word' id='word_1_171' title='bbox 1248 1637 1290 1671; x_wconf 91' lang='lat' dir='ltr'>te</span> <span class='ocrx_word' id='word_1_172' title='bbox 1322 1643 1549 1686; x_wconf 80' lang='lat' dir='ltr'>purgares,</span> <span class='ocrx_word' id='word_1_173' title='bbox 1588 1637 1636 1672; x_wconf 90' lang='lat' dir='ltr'>tu</span> <span class='ocrx_word' id='word_1_174' title='bbox 1673 1628 1764 1687; x_wconf 87' lang='lat' dir='ltr'>ipse</span> 
     </span>
     <span class='ocr_line' id='line_1_22' title="bbox 371 1696 1761 1757; baseline -0.003 -10"><span class='ocrx_word' id='word_1_175' title='bbox 371 1702 519 1757; x_wconf 80' lang='lat' dir='ltr'>adisti,</span> <span class='ocrx_word' id='word_1_176' title='bbox 544 1710 594 1744; x_wconf 88' lang='lat' dir='ltr'>tu</span> <span class='ocrx_word' id='word_1_177' title='bbox 608 1698 867 1744; x_wconf 86' lang='lat' dir='ltr'>constituisti</span> <span class='ocrx_word' id='word_1_178' title='bbox 883 1733 893 1752; x_wconf 81' lang='lat'>‚</span> <span class='ocrx_word' id='word_1_179' title='bbox 919 1696 1247 1742; x_wconf 74' lang='lat' dir='ltr'>Maximianistae</span> <span class='ocrx_word' id='word_1_180' title='bbox 1278 1696 1375 1741; x_wconf 89' lang='lat' dir='ltr'>illos</span> <span class='ocrx_word' id='word_1_181' title='bbox 1393 1713 1484 1742; x_wconf 91' lang='lat' dir='ltr'>non</span> <span class='ocrx_word' id='word_1_182' title='bbox 1507 1699 1725 1757; x_wconf 87' lang='lat' dir='ltr'>petierunt</span> <span class='ocrx_word' id='word_1_183' title='bbox 1751 1719 1761 1744; x_wconf 78' lang='lat'>2</span> 
     </span>
     <span class='ocr_line' id='line_1_23' title="bbox 371 1768 1763 1833; baseline -0.003 -15"><span class='ocrx_word' id='word_1_184' title='bbox 371 1772 490 1833; x_wconf 88' lang='lat' dir='ltr'>apud</span> <span class='ocrx_word' id='word_1_185' title='bbox 513 1786 585 1816; x_wconf 90' lang='lat' dir='ltr'>eos</span> <span class='ocrx_word' id='word_1_186' title='bbox 604 1779 750 1814; x_wconf 87' lang='lat' dir='ltr'>autem</span> <span class='ocrx_word' id='word_1_187' title='bbox 773 1785 796 1813; x_wconf 87' lang='lat' dir='ltr'>a</span> <span class='ocrx_word' id='word_1_188' title='bbox 815 1768 1048 1813; x_wconf 83' lang='lat' dir='ltr'>Caeciliano</span> <span class='ocrx_word' id='word_1_189' title='bbox 1063 1771 1257 1812; x_wconf 87' lang='lat' dir='ltr'>Donatus</span> <span class='ocrx_word' id='word_1_190' title='bbox 1279 1769 1418 1813; x_wconf 81' lang='lat' dir='ltr'>victus</span> <span class='ocrx_word' id='word_1_191' title='bbox 1432 1778 1516 1824; x_wconf 85' lang='lat' dir='ltr'>est,</span> <span class='ocrx_word' id='word_1_192' title='bbox 1533 1784 1642 1829; x_wconf 85' lang='lat' dir='ltr'>quos</span> <span class='ocrx_word' id='word_1_193' title='bbox 1665 1785 1763 1829; x_wconf 88' lang='lat' dir='ltr'>pars</span> 
     </span>
     <span class='ocr_line' id='line_1_24' title="bbox 370 1838 1762 1902; baseline -0.004 -13"><span class='ocrx_word' id='word_1_194' title='bbox 370 1843 527 1890; x_wconf 85' lang='lat' dir='ltr'>Donati</span> <span class='ocrx_word' id='word_1_195' title='bbox 542 1841 709 1902; x_wconf 87' lang='lat' dir='ltr'>judices</span> <span class='ocrx_word' id='word_1_196' title='bbox 732 1838 1042 1900; x_wconf 85' lang='lat' dir='ltr'>postulaverat.</span> <span class='ocrx_word' id='word_1_197' title='bbox 1064 1839 1349 1898; x_wconf 86' lang='lat' dir='ltr'>Respondent</span> <span class='ocrx_word' id='word_1_198' title='bbox 1371 1839 1452 1883; x_wconf 90' lang='lat' dir='ltr'>tibi</span> <span class='ocrx_word' id='word_1_199' title='bbox 1474 1839 1606 1885; x_wconf 91' lang='lat' dir='ltr'>modo</span> <span class='ocrx_word' id='word_1_200' title='bbox 1628 1841 1762 1895; x_wconf 52' lang='lat' dir='ltr'>Magia</span> 
     </span>
     <span class='ocr_line' id='line_1_25' title="bbox 369 1908 1761 1971; baseline -0.001 -13"><span class='ocrx_word' id='word_1_201' title='bbox 369 1913 603 1967; x_wconf 85' lang='lat' dir='ltr'>mianistae,</span> <span class='ocrx_word' id='word_1_202' title='bbox 629 1919 672 1954; x_wconf 87' lang='lat' dir='ltr'>et</span> <span class='ocrx_word' id='word_1_203' title='bbox 696 1911 796 1971; x_wconf 85' lang='lat' dir='ltr'>jure</span> <span class='ocrx_word' id='word_1_204' title='bbox 823 1908 1001 1953; x_wconf 88' lang='lat' dir='ltr'>dicunt:</span> <span class='ocrx_word' id='word_1_205' title='bbox 1038 1911 1123 1954; x_wconf 91' lang='lat' dir='ltr'>Nos</span> <span class='ocrx_word' id='word_1_206' title='bbox 1156 1909 1296 1968; x_wconf 84' lang='lat' dir='ltr'>primo</span> <span class='ocrx_word' id='word_1_207' title='bbox 1325 1910 1523 1954; x_wconf 90' lang='lat' dir='ltr'>venimus</span> <span class='ocrx_word' id='word_1_208' title='bbox 1548 1910 1604 1954; x_wconf 89' lang='lat' dir='ltr'>ad</span> <span class='ocrx_word' id='word_1_209' title='bbox 1633 1920 1675 1954; x_wconf 89' lang='lat' dir='ltr'>te</span> <span class='ocrx_word' id='word_1_210' title='bbox 1706 1911 1761 1956; x_wconf 87' lang='lat' dir='ltr'>de</span> 
     </span>
     <span class='ocr_line' id='line_1_26' title="bbox 369 1978 1761 2046; baseline -0.001 -18"><span class='ocrx_word' id='word_1_211' title='bbox 369 1982 593 2046; x_wconf 87' lang='lat' dir='ltr'>provincia</span> <span class='ocrx_word' id='word_1_212' title='bbox 617 1991 712 2035; x_wconf 74' lang='lat' dir='ltr'>tua,</span> <span class='ocrx_word' id='word_1_213' title='bbox 747 1980 802 2024; x_wconf 86' lang='lat' dir='ltr'>de</span> <span class='ocrx_word' id='word_1_214' title='bbox 831 1979 1007 2023; x_wconf 82' lang='lat' dir='ltr'>dioecesi</span> <span class='ocrx_word' id='word_1_215' title='bbox 1030 1978 1086 2023; x_wconf 86' lang='lat' dir='ltr'>ad</span> <span class='ocrx_word' id='word_1_216' title='bbox 1118 1988 1160 2023; x_wconf 89' lang='lat' dir='ltr'>tc</span> <span class='ocrx_word' id='word_1_217' title='bbox 1193 1980 1437 2038; x_wconf 87' lang='lat' dir='ltr'>pertinente</span> <span class='ocrx_word' id='word_1_218' title='bbox 1470 1981 1686 2040; x_wconf 80' lang='lat' dir='ltr'>cpiscopi3</span> <span class='ocrx_word' id='word_1_219' title='bbox 1717 1991 1761 2027; x_wconf 83' lang='lat' dir='ltr'>et</span> 
     </span>
     <span class='ocr_line' id='line_1_27' title="bbox 366 2050 1759 2109; baseline -0.002 -10"><span class='ocrx_word' id='word_1_220' title='bbox 366 2053 586 2100; x_wconf 84' lang='lat' dir='ltr'>voluimus</span> <span class='ocrx_word' id='word_1_221' title='bbox 607 2050 757 2095; x_wconf 91' lang='lat' dir='ltr'>audire</span> <span class='ocrx_word' id='word_1_222' title='bbox 781 2065 953 2094; x_wconf 88' lang='lat' dir='ltr'>causam</span> <span class='ocrx_word' id='word_1_223' title='bbox 977 2059 1097 2093; x_wconf 85' lang='lat' dir='ltr'>tuam</span> <span class='ocrx_word' id='word_1_224' title='bbox 1124 2050 1445 2109; x_wconf 85' lang='lat' dir='ltr'>:contempsisti</span> <span class='ocrx_word' id='word_1_225' title='bbox 1465 2066 1566 2106; x_wconf 74' lang='lat' dir='ltr'>nos,</span> <span class='ocrx_word' id='word_1_226' title='bbox 1592 2067 1681 2095; x_wconf 91' lang='lat' dir='ltr'>non</span> <span class='ocrx_word' id='word_1_227' title='bbox 1703 2051 1759 2096; x_wconf 82' lang='lat' dir='ltr'>ad</span> 
     </span>
     <span class='ocr_line' id='line_1_28' title="bbox 366 2120 1756 2182; baseline -0.003 -11"><span class='ocrx_word' id='word_1_228' title='bbox 366 2141 446 2171; x_wconf 91' lang='grc'>1105</span> <span class='ocrx_word' id='word_1_229' title='bbox 469 2123 604 2168; x_wconf 78' lang='lat' dir='ltr'>existi.</span> <span class='ocrx_word' id='word_1_230' title='bbox 625 2122 668 2166; x_wconf 90' lang='lat' dir='ltr'>Si</span> <span class='ocrx_word' id='word_1_231' title='bbox 684 2121 862 2165; x_wconf 85' lang='lat' dir='ltr'>timuisti</span> <span class='ocrx_word' id='word_1_232' title='bbox 885 2129 1082 2164; x_wconf 89' lang='lat' dir='ltr'>nostrum</span> <span class='ocrx_word' id='word_1_233' title='bbox 1091 2120 1330 2180; x_wconf 80' lang='lat' dir='ltr'>judicium,</span> <span class='ocrx_word' id='word_1_234' title='bbox 1356 2120 1425 2165; x_wconf 86' lang='lat' dir='ltr'>vel</span> <span class='ocrx_word' id='word_1_235' title='bbox 1441 2120 1571 2165; x_wconf 89' lang='lat' dir='ltr'>simul</span> <span class='ocrx_word' id='word_1_236' title='bbox 1586 2122 1756 2182; x_wconf 86' lang='lat' dir='ltr'>judices</span> 
     </span>
     <span class='ocr_line' id='line_1_29' title="bbox 363 2190 1752 2254; baseline 0.001 -18"><span class='ocrx_word' id='word_1_237' title='bbox 363 2197 620 2254; x_wconf 79' lang='lat' dir='ltr'>eligeremus</span> <span class='ocrx_word' id='word_1_238' title='bbox 638 2228 648 2248; x_wconf 81' lang='grc'>,</span> <span class='ocrx_word' id='word_1_239' title='bbox 669 2207 760 2236; x_wconf 92' lang='grc'>11011</span> <span class='ocrx_word' id='word_1_240' title='bbox 779 2192 860 2235; x_wconf 90' lang='lat' dir='ltr'>ircs</span> <span class='ocrx_word' id='word_1_241' title='bbox 883 2190 937 2234; x_wconf 88' lang='lat' dir='ltr'>ad</span> <span class='ocrx_word' id='word_1_242' title='bbox 954 2206 1064 2251; x_wconf 77' lang='lat' dir='ltr'>quos</span> <span class='ocrx_word' id='word_1_243' title='bbox 1085 2200 1134 2234; x_wconf 90' lang='lat' dir='ltr'>tu</span> <span class='ocrx_word' id='word_1_244' title='bbox 1147 2190 1293 2234; x_wconf 84' lang='lat' dir='ltr'>velles.</span> <span class='ocrx_word' id='word_1_245' title='bbox 1313 2193 1536 2244; x_wconf 84' lang='lat' dir='ltr'>Quantum</span> <span class='ocrx_word' id='word_1_246' title='bbox 1561 2192 1752 2249; x_wconf 88' lang='lat' dir='ltr'>intersit,</span> 
     </span>
     <span class='ocr_line' id='line_1_30' title="bbox 359 2260 1751 2322; baseline -0.003 -10"><span class='ocrx_word' id='word_1_247' title='bbox 359 2267 521 2314; x_wconf 87' lang='lat' dir='ltr'>videte.</span> <span class='ocrx_word' id='word_1_248' title='bbox 550 2267 673 2308; x_wconf 90' lang='lat' dir='ltr'>Tunc</span> <span class='ocrx_word' id='word_1_249' title='bbox 697 2272 841 2307; x_wconf 82' lang='lat' dir='ltr'>autem</span> <span class='ocrx_word' id='word_1_250' title='bbox 865 2262 945 2321; x_wconf 87' lang='lat' dir='ltr'>ipsi</span> <span class='ocrx_word' id='word_1_251' title='bbox 969 2260 1202 2305; x_wconf 81' lang='lat' dir='ltr'>Donatistae</span> <span class='ocrx_word' id='word_1_252' title='bbox 1223 2260 1376 2304; x_wconf 89' lang='lat' dir='ltr'>litteris</span> <span class='ocrx_word' id='word_1_253' title='bbox 1398 2261 1484 2305; x_wconf 88' lang='lat' dir='ltr'>suis</span> <span class='ocrx_word' id='word_1_254' title='bbox 1508 2264 1751 2322; x_wconf 82' lang='lat' dir='ltr'>Imperato-</span> 
     </span>
     <span class='ocr_line' id='line_1_31' title="bbox 361 2331 1750 2396; baseline -0.002 -14"><span class='ocrx_word' id='word_1_255' title='bbox 361 2353 452 2382; x_wconf 88' lang='lat' dir='ltr'>rem</span> <span class='ocrx_word' id='word_1_256' title='bbox 486 2335 728 2396; x_wconf 84' lang='lat' dir='ltr'>peticrunt‚</span> <span class='ocrx_word' id='word_1_257' title='bbox 767 2342 817 2376; x_wconf 94' lang='lat' dir='ltr'>ut</span> <span class='ocrx_word' id='word_1_258' title='bbox 851 2331 1102 2376; x_wconf 85' lang='lat' dir='ltr'>decerneret</span> <span class='ocrx_word' id='word_1_259' title='bbox 1127 2331 1299 2392; x_wconf 83' lang='lat' dir='ltr'>judices</span> <span class='ocrx_word' id='word_1_260' title='bbox 1338 2351 1347 2376; x_wconf 77' lang='lat'>2</span> <span class='ocrx_word' id='word_1_261' title='bbox 1389 2332 1750 2391; x_wconf 84' lang='lat' dir='ltr'>improbaverunt</span> 
     </span>
     <span class='ocr_line' id='line_1_32' title="bbox 360 2403 1742 2466; baseline -0.003 -13"><span class='ocrx_word' id='word_1_262' title='bbox 360 2424 432 2453; x_wconf 91' lang='lat' dir='ltr'>eos</span> <span class='ocrx_word' id='word_1_263' title='bbox 466 2406 583 2466; x_wconf 89' lang='lat' dir='ltr'>apud</span> <span class='ocrx_word' id='word_1_264' title='bbox 605 2419 713 2465; x_wconf 86' lang='lat' dir='ltr'>quos</span> <span class='ocrx_word' id='word_1_265' title='bbox 735 2403 838 2448; x_wconf 89' lang='lat' dir='ltr'>victi</span> <span class='ocrx_word' id='word_1_266' title='bbox 865 2412 992 2458; x_wconf 75' lang='lat' dir='ltr'>sunt,</span> <span class='ocrx_word' id='word_1_267' title='bbox 1019 2418 1142 2463; x_wconf 87' lang='lat' dir='ltr'>quos,</span> <span class='ocrx_word' id='word_1_268' title='bbox 1181 2411 1415 2462; x_wconf 83' lang='lat' dir='ltr'>antequam</span> <span class='ocrx_word' id='word_1_269' title='bbox 1450 2403 1742 2461; x_wconf 77' lang='lat' dir='ltr'>vincerentur,</span> 
     </span>
     <span class='ocr_line' id='line_1_33' title="bbox 357 2471 1750 2540; baseline -0.003 -17"><span class='ocrx_word' id='word_1_270' title='bbox 357 2477 690 2540; x_wconf 79' lang='lat' dir='ltr'>postulaverunt</span> <span class='ocrx_word' id='word_1_271' title='bbox 717 2494 726 2518; x_wconf 90' lang='lat'><strong>:</strong></span> <span class='ocrx_word' id='word_1_272' title='bbox 753 2474 843 2518; x_wconf 88' lang='lat' dir='ltr'>dati</span> <span class='ocrx_word' id='word_1_273' title='bbox 873 2483 974 2517; x_wconf 88' lang='lat' dir='ltr'>sunt</span> <span class='ocrx_word' id='word_1_274' title='bbox 1002 2472 1073 2516; x_wconf 88' lang='lat' dir='ltr'>alii</span> <span class='ocrx_word' id='word_1_275' title='bbox 1106 2471 1160 2516; x_wconf 86' lang='lat' dir='ltr'>ad</span> <span class='ocrx_word' id='word_1_276' title='bbox 1191 2488 1340 2516; x_wconf 89' lang='lat' dir='ltr'>corum</span> <span class='ocrx_word' id='word_1_277' title='bbox 1371 2473 1557 2531; x_wconf 69' lang='lat' dir='ltr'>petitum</span> <span class='ocrx_word' id='word_1_278' title='bbox 1576 2509 1587 2530; x_wconf 83' lang='lat'>‚</span> <span class='ocrx_word' id='word_1_279' title='bbox 1624 2484 1667 2518; x_wconf 88' lang='lat' dir='ltr'>et</span> <span class='ocrx_word' id='word_1_280' title='bbox 1687 2475 1750 2520; x_wconf 86' lang='lat' dir='ltr'>ibi</span> 
     </span>
     <span class='ocr_line' id='line_1_34' title="bbox 359 2541 1748 2604; baseline -0.003 -10"><span class='ocrx_word' id='word_1_281' title='bbox 359 2548 463 2594; x_wconf 87' lang='lat' dir='ltr'>victi</span> <span class='ocrx_word' id='word_1_282' title='bbox 491 2555 592 2592; x_wconf 89' lang='lat' dir='ltr'>sunt</span> <span class='ocrx_word' id='word_1_283' title='bbox 627 2565 634 2589; x_wconf 90' lang='lat'><strong>:</strong></span> <span class='ocrx_word' id='word_1_284' title='bbox 671 2544 1000 2604; x_wconf 74' lang='lat' dir='ltr'>appellaverunt</span> <span class='ocrx_word' id='word_1_285' title='bbox 1031 2541 1084 2587; x_wconf 81' lang='lat' dir='ltr'>ad</span> <span class='ocrx_word' id='word_1_286' title='bbox 1120 2546 1451 2602; x_wconf 82' lang='lat' dir='ltr'>Imperatorem,</span> <span class='ocrx_word' id='word_1_287' title='bbox 1478 2553 1521 2588; x_wconf 88' lang='lat' dir='ltr'>ct</span> <span class='ocrx_word' id='word_1_288' title='bbox 1555 2544 1614 2588; x_wconf 81' lang='lat' dir='ltr'>ibi</span> <span class='ocrx_word' id='word_1_289' title='bbox 1646 2545 1748 2590; x_wconf 60' lang='lat' dir='ltr'>victi</span> 
     </span>
    </p>
   </div>
  </div>
 </body>
</html>
