1841 3223
369 219 453 259 166
791 229 827 256 s.
862 225 1092 254 Aucus-nm
1124 226 1305 254 Emscom

364 310 477 357 pene
499 302 684 338 mortem
703 291 880 337 videant
905 308 913 337 ι
940 299 1112 336 transeo
1131 292 1225 337 haec
1248 291 1407 336 onmia.
1430 295 1609 338 Prorsus
1626 291 1751 337 colli-

366 367 429 427 gis
444 364 567 410 nullo
582 362 922 418 contradicente,
938 378 1078 407 servas
1091 361 1213 408 nullo
1223 362 1446 407 auferente
1468 381 1477 408 :
1502 372 1655 408 excute
1675 379 1751 408 cor

365 447 515 490 tuum,
537 451 585 479 ac
602 434 881 494 prudentiam
904 443 1067 478 tantam
1085 450 1171 494 qua
1193 449 1261 478 me
1277 433 1468 489 derides,
1488 450 1573 494 qua
1590 449 1660 478 me
1682 434 1750 478 in-

360 507 589 567 sipientem
618 514 744 565 putas
765 505 859 549 haec
880 503 1158 565 loquentem,
1188 513 1232 548 et
1251 504 1321 548 dic
1344 504 1449 548 mihi
1481 524 1489 548 :
1517 504 1748 549 Thesauri*

360 592 429 622 zas
449 611 461 631 ,
487 575 557 620 cui
583 575 863 635 congregabis
886 577 964 619 ea?
992 574 1129 619 Video
1150 573 1258 634 quid
1284 573 1390 618 velis
1417 573 1585 630 dicere,
1626 576 1748 635 quasi

360 647 481 709 quod
503 647 566 692 vis
594 645 736 691 dicere
752 682 763 702 ‚
789 647 891 691 huic
913 662 1002 691 non
1030 646 1267 691 occurrerit
1292 664 1301 689 ε
1326 644 1523 690 dicturus
1544 661 1604 701 es,
1630 645 1748 691 Filiis

360 720 466 764 meis
494 733 631 763 servo.
666 720 770 762 Haec
802 727 866 762 est
892 733 975 762 vox
991 717 1160 776 pietatis
1178 751 1189 771 ,
1215 716 1434 761 excusatio
1464 716 1704 776 iniquitatis
1734 736 1744 762 ε

362 789 481 835 Filiis
513 790 642 845 meis,
676 789 839 849 inquis,
864 803 1002 833 servo.
1029 788 1173 832 Etiam
1194 802 1334 832 servas
1351 786 1449 832 filiis
1470 788 1569 832 tuis.
1592 791 1747 833 Ita-ne

358 861 443 906 hoc
461 876 551 905 non
568 869 748 905 noverat
770 859 980 904 Idithun?
996 861 1185 904 Noverat
1200 874 1249 902 ca
1264 857 1392 918 plane
1403 893 1414 914 ,
1438 861 1514 903 sed
1534 859 1579 903 in
1595 858 1748 904 diebus

357 932 576 977 veteribus
608 930 919 991 computabat,
940 940 982 975 et
1001 929 1099 977 ideo
1120 930 1429 977 contemnebat
1445 951 1456 990 3
1475 931 1576 992 quia
1597 930 1651 975 ad
1667 947 1749 976 no-

355 1019 431 1048 vos
459 1002 551 1047 dies
570 1001 817 1046 festinabat.

414 1076 517 1120 XII.
553 1076 662 1119 Nam
684 1088 784 1117 ecce
807 1072 992 1118 discutio
1017 1081 1059 1117 te
1077 1088 1176 1117 cum
1198 1072 1295 1117 filiis
1319 1072 1403 1117 tuis
1429 1092 1438 1119 :
1464 1088 1606 1118 servas
1628 1082 1749 1118 tran-

355 1145 514 1190 siturus
536 1145 794 1199 transituris,
820 1144 1011 1189 imovero
1034 1144 1244 1189 transiens
1267 1145 1608 1190 transeuntibus.
1638 1147 1748 1190 Nam

353 1216 639 1260 transiturum
659 1225 701 1261 te
715 1217 774 1260 sic
791 1215 899 1270 dixi,
920 1215 1042 1277 quasi
1064 1230 1182 1259 nune
1204 1231 1393 1260 maneas.
1419 1219 1567 1275 Ipsum
1584 1215 1715 1261 hodie
1734 1235 1744 1261 :

355 1304 408 1334 ex
441 1304 530 1348 quo
556 1287 679 1348 loqui
714 1287 929 1348 coepimus
953 1303 1091 1348 usque
1109 1287 1164 1331 ad
1186 1288 1269 1332 hoc
1292 1296 1566 1332 momentum
1581 1322 1592 1343 ,
1618 1288 1747 1332 sentis

355 1359 458 1420 quia
480 1359 716 1402 senuimus.
740 1361 892 1419 Neque
914 1359 1027 1403 enim
1049 1359 1188 1403 cernis
1210 1367 1253 1402 et
1274 1358 1541 1403 incrementa
1568 1358 1748 1419 capillo-

358 1446 456 1475 rum
478 1440 683 1488 tuorum3
714 1439 756 1474 ct
784 1446 903 1475 nunc
932 1446 1031 1475 cum
1062 1440 1146 1475 stas
1163 1466 1173 1486 ,
1199 1446 1299 1475 cum
1320 1430 1391 1474 hic
1413 1446 1483 1486 es,
1525 1446 1626 1475 cum
1659 1431 1747 1490 agis

357 1501 494 1558 aliud,
515 1517 615 1546 eum
632 1501 838 1562 loqueris,
860 1502 904 1546 in
924 1511 966 1546 te
984 1510 1185 1547 crescunt
1202 1501 1346 1561 capilli
1359 1502 1423 1545 tui
1441 1521 1448 1546 :
1467 1517 1609 1562 neque
1631 1503 1746 1546 enim

355 1582 535 1633 repente
563 1582 795 1619 creverunt
817 1609 828 1629 ,
860 1582 909 1618 ut
942 1582 1160 1618 tonsorem
1190 1588 1418 1633 quaereres.
1455 1574 1610 1631 Agitur
1644 1588 1747 1632 ergo

356 1653 461 1688 aetas
484 1643 754 1687 transvolans
777 1652 821 1687 et
845 1643 890 1687 in
918 1643 1265 1702 intelligentibus
1285 1653 1329 1688 et
1349 1659 1439 1687 non
1461 1643 1747 1688 sentientibus

354 1723 398 1758 et
419 1713 464 1757 in
486 1713 606 1758 aliud
627 1712 740 1757 male
758 1715 994 1773 occupatis.
1019 1714 1188 1758 Transis
1204 1723 1274 1768 tu,
1292 1723 1336 1758 et
1346 1729 1485 1758 servas
1508 1715 1748 1759 transeunti

354 1783 445 1829 filio
478 1793 571 1829 tuo.
608 1784 754 1829 Primo
786 1784 870 1828 hoe
892 1799 915 1826 a
938 1792 981 1827 te
1002 1799 1152 1844 quaero
1177 1803 1185 1829 :
1215 1784 1304 1828 Scis
1326 1800 1426 1829 eum
1449 1801 1746 1845 possessurum

353 1855 422 1899 eui
453 1856 620 1898 servas?
654 1863 729 1897 aut
760 1853 793 1897 si
823 1852 1021 1898 nondum
1055 1863 1181 1897 natus
1211 1863 1300 1909 est,
1336 1855 1414 1899 scis
1450 1855 1747 1901 nasciturum?

355 1928 505 1971 Servas
529 1925 648 1980 filiis,
676 1926 889 1969 incertum
914 1934 978 1970 est
1000 1941 1053 1968 an
1073 1923 1254 1980 futuris,
1276 1941 1331 1969 an
1348 1927 1602 1985 possessuris
1629 1947 1638 1974 ;
1664 1943 1744 1972 nec

352 1998 525 2057 reponis
545 1998 798 2041 thesaurum
820 1997 896 2040 ubi
928 1997 1204 2057 reponendus
1227 2006 1305 2041 est.
1332 2000 1430 2043 Non
1461 1999 1577 2043 enim
1600 2000 1746 2044 Domi-

353 2085 436 2114 nus
468 2078 568 2113 tuus
598 2084 721 2112 servo
759 2084 836 2112 suo
869 2067 954 2113 tale
986 2067 1213 2112 consilium
1246 2068 1395 2124 daret,
1435 2079 1484 2114 ut
1520 2070 1741 2130 peculium

351 2156 481 2185 suum
502 2138 718 2199 perderet.
746 2139 992 2184 Peculiosus
1020 2155 1166 2184 servus
1189 2156 1232 2184 cs
1259 2140 1485 2201 cujusdam
1508 2142 1652 2201 magni
1667 2157 1744 2202 pa-

351 2210 626 2256 trisfamilias.
645 2209 774 2263 Quod
788 2226 903 2254 amas
917 2219 959 2254 et
975 2211 1094 2270 quod
1108 2211 1162 2254 ha
1170 2211 1240 2254 bes
1254 2211 1344 2271 ipse
1358 2210 1580 2267 tibideclit,
1598 2221 1641 2258 et
1653 2229 1742 2257 non

349 2281 445 2326 vult
468 2290 518 2325 ut
543 2280 698 2340 perdas
718 2279 838 2341 quod
857 2280 935 2324 tibi
954 2279 1091 2334 dedit,
1109 2281 1184 2341 qui
1207 2290 1250 2325 et
1268 2297 1311 2325 se
1333 2282 1475 2341 ipsum
1493 2282 1573 2326 tibi
1598 2283 1737 2328 dabit.

353 2351 439 2396 Sed
482 2366 561 2395 nec
600 2351 684 2395 hoc
709 2386 720 2406 ,
761 2351 941 2411 inquam
964 2385 975 2405 ,
1020 2351 1141 2411 quod
1182 2351 1262 2395 tibi
1296 2352 1350 2396 ad
1381 2361 1552 2412 tempus
1591 2353 1737 2408 dedit,

350 2421 446 2466 vult
482 2430 533 2466 ut
567 2421 736 2481 perdas.
780 2421 971 2466 Multum
1007 2431 1070 2466 est
1088 2457 1098 2478 ,
1143 2423 1374 2478 exuberat,
1410 2424 1740 2483 supergreditur

348 2507 459 2538 vires
485 2493 746 2538 necessitatis
771 2502 878 2548 tuae,
898 2493 988 2553 jam
1016 2502 1132 2537 certe
1160 2494 1429 2552 superfluum
1465 2494 1730 2554 deputatur:

346 2577 428 2608 nec
455 2563 538 2608 hoc
560 2562 661 2608 volo
684 2573 734 2608 ut
755 2563 925 2623 perdas,
952 2565 1010 2609 ait
1030 2564 1241 2610 Dominus
1262 2574 1376 2610 tuus.
1400 2565 1579 2626 thuid
1596 2565 1735 2611 facio?
