1841 3223
241 247 481 276 ENARRATIO
512 250 528 275 1
560 249 605 276 IN
638 246 840 276 PsALMUM
872 250 1032 286 XLvm,
1067 249 1192 275 SERM.
1228 251 1258 276 1.
1373 239 1452 278 371

77 313 278 371 AEnigma
307 323 371 358 est
392 313 574 358 obscura
602 312 808 372 parabola
842 329 941 372 quae
973 313 1151 357 difficile
1183 313 1459 372 intelligitur,

78 383 361 436 Quantumvis
389 381 555 426 excolat
577 383 708 426 homo
729 398 804 426 cor
834 397 961 427 suum
982 418 992 437 ,
1018 392 1060 427 ct
1082 382 1138 427 ad
1166 383 1371 429 interiora
1389 385 1461 429 in-

77 450 313 511 telligenda
330 450 515 510 refugiat
530 486 540 506 ,
566 452 762 511 quandiu
784 467 862 510 per
890 452 1299 512 corruptibilitatem
1321 454 1461 498 carnis

76 522 206 582 hujus
226 521 440 577 videmus,
458 537 510 566 ex
531 531 652 581 parte
673 521 885 573 videmus.
901 526 1131 582 Assumpta
1153 533 1299 568 autem
1322 525 1463 570 incor-

77 593 308 652 ruptione,
343 592 388 636 in
413 592 725 636 resurrectione
752 602 1049 648 mortuorum,
1081 609 1182 638 cum
1214 595 1462 654 apparuerit

77 662 215 710 Filius
235 663 420 717 hominis
436 661 708 722 judicaturus
726 662 846 708 vivos
869 672 912 707 et
935 673 1144 719 mortuos,
1165 673 1271 709 tunc
1289 665 1460 710 videbi-

78 741 150 777 tur
172 732 305 780 Filius
321 732 523 787 hominis,
548 733 625 793 qui
647 733 789 793 primo
806 733 1026 794 judicatus
1042 743 1121 790 est,
1137 734 1355 795 judicans,
1376 735 1464 780 dis-

78 818 258 855 cernens
279 803 415 848 malos
437 820 461 847 a
482 803 609 848 bonis
626 839 637 859 ,
662 819 828 863 ponens
848 803 983 849 malos
1006 819 1029 848 a
1047 805 1248 861 sinistris,
1279 806 1417 850 bonos
1439 821 1464 850 a

78 873 252 923 dextris.
273 873 499 918 Videbunt
515 873 640 918 illum
662 883 706 918 et
721 874 825 918 boni
852 883 895 918 et
915 874 1042 930 mali,
1073 875 1149 919 sed
1170 875 1291 920 malis
1313 875 1430 920 dicet
1449 895 1459 922 :

80 962 104 986 «
127 946 192 988 Ite
211 944 257 989 in
275 944 420 1003 ignem
442 953 655 988 aeternum
675 964 685 989 -:
709 962 729 985 »
752 945 877 989 bonis
891 954 1035 989 autem
1059 945 1175 990 dicet
1197 965 1205 990 ε
1232 965 1252 988 «
1278 946 1433 991 Venite
1448 981 1459 1002 ‚

79 1032 102 1059 »
137 1013 355 1065 benedicti
376 1014 512 1059 Patris
535 1015 641 1068 mei,
672 1015 880 1074 percipite
903 1030 1102 1074 regnum.
1128 1016 1329 1060 Abibunt
1358 1015 1464 1061 mali

81 1101 102 1126 »
137 1085 183 1131 in
219 1084 534 1134 ambustionem
558 1094 766 1129 aeternam
782 1120 793 1139 ,
812 1085 916 1144 justi
939 1095 1084 1129 autem
1114 1086 1160 1129 in
1180 1087 1313 1130 vitam
1337 1096 1466 1131 aeter-

81 1173 102 1199 »
137 1158 299 1215 nam13
326 1174 346 1198 »
367 1166 411 1200 et
427 1156 489 1201 ibi
520 1157 602 1200 erit
632 1156 706 1201 illa
728 1157 835 1201 visio
865 1157 976 1201 facie
998 1157 1053 1201 ad
1085 1156 1239 1201 facicm
1256 1193 1266 1212 ,
1293 1175 1378 1219 qua
1400 1159 1465 1203 illi

79 1241 170 1271 non
197 1235 300 1270 sunt
325 1226 460 1284 digni.
487 1225 710 1271 Attendite
730 1226 839 1286 quid
870 1227 1027 1271 dicam.
1053 1227 1215 1272 Filium
1242 1230 1359 1272 enim
1381 1230 1464 1273 ho-

79 1296 207 1341 minis
227 1296 338 1341 sicut
358 1297 449 1352 hic,
472 1312 573 1341 cum
591 1306 700 1341 esset
721 1297 864 1341 adhuc
878 1297 1142 1357 judicandus
1162 1334 1172 1353 ,
1208 1308 1252 1343 et
1273 1299 1374 1343 mali
1396 1300 1465 1344 vi-

79 1367 268 1422 derunt,
299 1376 344 1411 et
378 1367 483 1412 boni
508 1387 517 1412 ε
550 1367 794 1426 (viderunt
829 1368 946 1411 enim
968 1368 1187 1427 Apostoli,
1217 1370 1293 1429 qui
1330 1370 1466 1414 secuu'

79 1445 203 1492 sunt,
227 1437 432 1482 viderunt
452 1437 595 1482 Judaei
611 1473 621 1493 ,
648 1438 724 1498 qui
741 1438 1052 1482 crucifixerunt
1067 1458 1075 1483 2
1093 1441 1110 1497 )
1132 1440 1189 1483 sic
1211 1455 1312 1484 cum
1333 1456 1467 1485 vene-

80 1506 136 1551 rit
152 1506 427 1567 judicaturus
442 1541 454 1563 ,
478 1516 522 1551 et
540 1508 646 1552 boni
667 1507 794 1552 illum
814 1509 1029 1552 videbunt
1059 1519 1102 1553 et
1123 1509 1226 1553 mali
1252 1529 1260 1554 :
1287 1510 1393 1554 boni
1418 1520 1467 1555 ut

79 1577 319 1637 percipiant
337 1577 597 1633 mercedem,
614 1579 715 1638 quia
732 1579 868 1623 secuti
885 1589 986 1624 sunt
1003 1600 1014 1635 ς
1030 1579 1131 1623 mali
1153 1589 1203 1624 ut
1224 1581 1468 1640 percipiant

79 1663 284 1707 poenam,
309 1649 411 1708 quia
432 1649 754 1693 crucifixerunt.
785 1647 872 1694 Soli
899 1664 1001 1707 ergo
1025 1648 1086 1692 illi
1112 1648 1462 1707 damnabuntur,

79 1718 156 1778 qui
182 1719 514 1764 crucifixerunt?
528 1719 682 1764 Audeo
702 1718 858 1774 dicere,
885 1718 977 1763 soli.
1005 1722 1121 1778 Ergo
1143 1735 1237 1775 nos,
1259 1721 1466 1781 inquiunt

79 1798 326 1848 peccatores
342 1789 473 1849 hujus
494 1790 721 1848 temporis,
740 1790 879 1833 securi
900 1805 1063 1833 sumus.
1090 1790 1133 1834 Si
1155 1806 1243 1835 non
1267 1792 1463 1836 animum

77 1859 317 1917 interrogat
334 1861 448 1903 Deus
462 1893 473 1913 ,
498 1859 638 1903 securi
659 1859 772 1903 estis.
792 1858 905 1912 Quid
926 1868 990 1903 est
1012 1860 1133 1920 quod
1154 1859 1269 1906 dixi?
1293 1862 1465 1906 Intelli-

79 1939 152 1988 gat
180 1929 376 1975 Charitas
397 1932 573 1985 Vestra,
597 1946 653 1975 ne
680 1920 764 1974 hoc
786 1931 935 1974 dicant
962 1931 1008 1974 in
1027 1930 1194 1991 judicio
1231 1933 1329 1988 Dei,
1363 1934 1465 1993 quia

79 2015 171 2046 non
188 2000 509 2044 intellexerunt.
535 1999 679 2044 Judaei
700 2000 801 2060 quia
822 2000 1027 2044 viderunt
1049 2001 1272 2046 Christum
1288 2037 1299 2058 ,
1325 2005 1466 2048 cruci-

80 2071 298 2127 fixerunt,
319 2070 489 2129 tu'quia
506 2085 597 2114 non
616 2069 736 2114 vides
753 2070 973 2116 Christum
986 2106 997 2126 ,
1027 2072 1163 2116 verbo
1183 2072 1316 2132 ipsius
1339 2074 1466 2119 resis-

80 2139 150 2187 ¹tis.
176 2139 259 2193 Qui
275 2139 410 2184 verbo
426 2139 583 2184 resistis
594 2174 605 2194 ,
627 2155 801 2184 carnem
824 2156 914 2184 non
930 2141 1201 2200 crucifigeres
1218 2143 1253 2187 si
1273 2142 1467 2188 videres?

78 2210 354 2269 ,Contempsit
374 2208 554 2255 Judaeus
575 2210 622 2253 in
641 2209 761 2269 ligno
782 2211 1064 2270 pendentem,
1084 2213 1325 2257 contemnis
1347 2222 1398 2257 tu
1420 2214 1466 2258 in

77 2280 196 2326 coelo
225 2280 462 2325 sedentem.
497 2283 612 2338 Ergo
631 2279 838 2324 viderunt
865 2296 965 2325 eum
994 2281 1123 2335 ambo
1151 2297 1334 2341 genera,
1360 2283 1467 2328 dum

80 2351 154 2396 hic
172 2359 283 2396 esset
303 2369 312 2395 :
336 2350 467 2394 ambo
484 2365 642 2409 genera
661 2350 876 2395 videbunt
892 2385 903 2406 ,
935 2359 979 2394 et
1000 2367 1102 2395 cum
1124 2353 1307 2396 venerit.
1329 2352 1466 2400 Filius

74 2420 200 2470 enim
220 2419 408 2465 hominis
429 2419 587 2474 veniet,
611 2428 662 2464 ut
675 2418 871 2479 judicet,
896 2420 999 2479 quia
1021 2414 1156 2465 Filius
1176 2421 1365 2466 hominis
1387 2438 1464 2467 ve-

83 2491 150 2536 nit
165 2526 177 2547 ,
200 2499 252 2534 ut
265 2489 550 2551 judicaretur.
573 2489 678 2536 Ideo
704 2491 808 2551 quia
840 2493 968 2535 Pater
988 2506 1078 2536 non
1099 2501 1163 2537 est
1188 2493 1460 2549 incarnatUS‚

133 2581 142 2598 ¹
162 2573 274 2608 Matth.
298 2585 377 2616 xxv,
399 2570 512 2615 3346.

1190 2630 1255 2670 24.
