1841 3223
355 253 410 292 44
806 264 837 290 s.
876 262 960 288 Ave
968 262 1108 289 tis-nm
1143 261 1322 288 Emseom

353 329 466 373 coelo
490 337 574 382 est,
592 337 634 371 ct
657 342 743 371 non
767 326 811 368 in
835 335 961 369 terra.
991 328 1047 369 Et
1070 340 1214 370 revera
1232 361 1242 378 ‚
1277 324 1451 380 fratres,
1478 325 1616 368 nubes
1641 330 1742 367 sunt

352 399 654 458 praedicatorcs
682 396 804 440 verbi
834 396 1035 439 veritatis.
1069 395 1255 449 Quando
1274 397 1464 440 minatur
1485 411 1561 455 per
1582 394 1741 454 praedi-

351 480 513 514 catores
536 473 670 521 Deus,
695 476 816 511 tonat
839 483 915 526 per
937 468 1089 511 nubes.
1116 467 1301 520 Quando
1315 466 1523 512 miracula
1541 466 1644 510 facit
1665 480 1742 525 per

351 541 652 600 praedicatores
670 542 782 582 Deus
797 574 807 592 ‚
834 549 1031 583 coruscat
1049 555 1124 597 pter
1141 539 1306 593 nubes,
1329 548 1461 583 terret
1484 554 1560 598 per
1583 538 1737 592 nubes⁷

351 622 392 655 et
415 612 563 669 irrigat
592 626 668 670 per
704 610 912 670 pluviam.
944 610 1251 654 Praedicatorcs
1279 626 1382 669 ergo
1404 611 1494 665 isti,
1521 624 1598 669 per
1632 624 1742 669 quos

350 683 612 742 prmdicatur
644 682 929 741 Evangelium
943 683 1019 725 Dei
1039 718 1048 735 ,
1083 683 1223 725 nubes
1248 683 1324 725 Dei
1355 691 1471 726 sunt.
1512 684 1742 741 Speremus

350 770 452 813 crgo
469 753 803 798 misericordiam
821 788 831 807 ‚
858 753 932 796 secl
952 752 1068 796 illam
1088 769 1186 812 quae
1204 753 1248 795 in
1271 752 1384 796 coelo
1409 761 1487 796 est.

412 826 488 867 lx.
520 844 540 866 «
576 824 749 867 Justitia
773 832 845 866 tua
868 823 972 866 sicul
1004 832 1172 866 montes
1197 823 1272 866 Dei
1300 843 1308 866 :
1334 822 1496 879 Judicia
1527 831 1602 865 tua
1624 822 1738 866 sicut

352 913 372 935 »
397 895 577 951 abyssus
600 894 778 938 multa1.
801 913 820 934 n
851 894 935 946 Qui
967 902 1069 936 sunt
1090 902 1258 937 montes
1278 893 1387 937 Dei?
1405 893 1490 946 Qui
1513 893 1617 936 dicti
1640 901 1742 936 sunt

350 965 489 1009 nubes
510 1001 520 1018 ‚
555 966 633 1024 ipsi
669 974 771 1008 sunt
803 973 845 1007 et
866 973 1034 1008 montes
1068 964 1146 1007 Dei
1173 984 1181 1008 :
1218 967 1366 1022 magni
1403 963 1737 1024 praedicatore-s,

350 1045 517 1079 montes
552 1036 642 1079 Dei.
670 1038 726 1079 Et
757 1033 980 1095 quomodo
1014 1033 1190 1095 quando
1221 1035 1357 1078 oritur
1389 1034 1467 1089 sol,
1502 1034 1621 1094 prius
1643 1033 1741 1078 luce

348 1115 517 1150 montes
544 1106 699 1161 vestit,
726 1115 768 1149 et
794 1104 895 1149 inde
917 1105 993 1148 lux
1029 1105 1084 1149 ad
1114 1105 1359 1149 humillima
1391 1115 1606 1149 ‘terrarum
1643 1104 1742 1149 des-

349 1176 495 1221 cendit
516 1193 524 1219 z
551 1178 610 1221 sic
632 1177 810 1237 quando
829 1178 948 1221 venit
969 1177 1179 1221 Dominus
1208 1187 1354 1221 noster
1375 1179 1500 1221 ,Iesus
1519 1177 1738 1232 Christus,

348 1248 466 1307 prius
500 1247 682 1292 radiavit
718 1248 763 1291 in
798 1247 1073 1292 altitudinem
1107 1246 1431 1307 Apostolorum,
1463 1247 1582 1306 prius
1618 1246 1743 1292 illus-

348 1321 477 1363 travit
501 1329 668 1364 montes
682 1355 693 1375 ‚
720 1328 762 1363 et
780 1320 838 1364 sic
854 1319 1078 1363 descendit
1101 1318 1176 1362 lux
1197 1320 1289 1378 ejus
1317 1318 1373 1363 ad
1396 1318 1639 1363 convallem
1657 1328 1744 1363 ter-

349 1405 509 1434 rarum.
538 1393 594 1434 Et
614 1390 713 1435 ideo
750 1390 942 1451 quodam
974 1389 1072 1434 loco
1097 1390 1201 1434 dicit
1228 1390 1274 1433 in
1298 1389 1470 1434 Psalmo
1500 1410 1508 1434 ;
1538 1409 1558 1431 «
1585 1390 1743 1435 Levavi

351 1478 371 1501 n
392 1460 541 1505 oculos
556 1476 673 1504 meos
695 1461 742 1504 in
764 1469 932 1505 montes
948 1496 959 1515 ,
984 1459 1103 1504 unde
1131 1461 1278 1504 veniet
1309 1459 1518 1504 auxilium
1541 1461 1647 1504 mihi
1662 1464 1694 1504 2.
1718 1479 1739 1502 »

351 1531 435 1576 Sed
459 1531 548 1575 noli
570 1541 725 1590 putare
745 1566 754 1585 ‚
776 1532 875 1591 quia
904 1531 983 1590 ipsi
1006 1540 1176 1575 montes
1205 1532 1285 1575 tibi
1314 1531 1486 1576 dabunt
1513 1531 1738 1576 auxilium.

348 1602 579 1661 Accipiunt
596 1603 713 1646 enim
736 1602 855 1663 quod
870 1602 997 1657 dent,
1014 1601 1168 1646 nonde
1185 1619 1262 1646 suo
1286 1602 1407 1647 dant.
1435 1606 1492 1647 Et
1510 1604 1545 1647 si
1569 1619 1743 1647 reman-

348 1673 447 1715 seris
465 1673 510 1715 in
528 1673 765 1727 montibus,
792 1689 881 1717 non
903 1673 984 1716 erit
1006 1673 1128 1716 firma
1152 1688 1247 1732 spes
1274 1683 1350 1717 tua
1377 1693 1385 1718 :
1412 1674 1488 1718 sed
1509 1674 1556 1717 in
1575 1673 1651 1718 illo
1666 1675 1743 1733 qui

347 1741 567 1786 illuminat
588 1752 757 1786 montes
780 1758 874 1802 spes
897 1752 971 1786 tua
995 1752 1038 1786 et
1070 1744 1353 1802 praesumptio
1383 1753 1456 1788 tua
1481 1743 1611 1787 debet
1632 1759 1738 1788 esse.

348 1812 570 1857 Auxilium
592 1823 738 1857 autem
760 1814 905 1857 veniet
922 1814 999 1858 tibi
1022 1812 1076 1857 dc
1100 1814 1346 1869 montibus,
1376 1816 1478 1874 quia
1508 1815 1741 1874 Scripturae

347 1900 424 1943 per
438 1894 606 1929 montes
621 1885 698 1928 tibi
715 1884 966 1928 ministratoe
988 1895 1114 1939 sunt,
1139 1901 1216 1944 per
1238 1901 1419 1944 magnos
1436 1885 1742 1945 praedicatores

347 1955 536 1999 veritatis
560 1974 568 1999 ;
602 1955 677 1999 sed
710 1955 797 1998 noli
823 1956 868 1998 in
890 1954 972 1999 illis
1006 1956 1138 2014 figere
1167 1972 1285 2015 spem
1314 1966 1450 2000 tuam.
1482 1957 1597 2001 Audi
1632 1955 1742 2017 quid

349 2025 464 2069 dicat
477 2035 796 2086 consequenter
814 2046 822 2070 :
847 2046 865 2067 «
882 2027 1041 2070 Levavi
1055 2026 1204 2071 oculos
1222 2043 1340 2071 meos
1357 2028 1403 2070 in
1419 2037 1605 2082 montes⁷
1622 2027 1741 2071 unde

352 2115 371 2137 »
394 2097 539 2140 veniet
559 2096 767 2140 auxilium
789 2097 911 2141 mihi.
941 2115 960 2138 n
982 2098 1098 2150 Quid
1113 2100 1428 2156 ergo?Montes
1451 2099 1529 2142 tibi
1548 2098 1655 2143 <lant
1668 2114 1741 2142 au-

348 2167 496 2210 xilium
510 2169 528 2210 P
541 2170 637 2211 Non
658 2187 665 2211 z
683 2166 784 2211 audi
799 2168 1023 2227 sequentia
1040 2187 1047 2211 :
1065 2167 1317 2211 «Auxilium
1339 2184 1483 2212 meum
1497 2184 1519 2212 a
1533 2169 1737 2224 Domino,

352 2257 370 2277 n
394 2238 469 2298 qui
487 2238 590 2282 fecit
608 2237 770 2282 coelum
791 2247 832 2282 ct
857 2248 1013 2281 terram
1038 2239 1069 2281 3.
1099 2256 1118 2278 »
1145 2241 1206 2281 De
1234 2239 1456 2283 montibus
1478 2239 1598 2283 venit
1620 2239 1742 2283 auxi-

347 2305 479 2361 lium,
501 2307 574 2351 sed
593 2323 681 2352 non
703 2323 727 2351 a
744 2308 981 2352 montibus.
1002 2310 1058 2352 Et
1072 2324 1095 2351 a
1113 2324 1200 2368 quo
1211 2311 1229 2351 ’ἰ
1250 2328 1269 2350 «
1290 2312 1327 2352 A
1341 2309 1526 2353 Domino
1544 2309 1619 2370 qui
1640 2308 1740 2353 fecit

352 2395 372 2418 »
394 2377 557 2421 coelum
576 2388 618 2422 et
642 2388 814 2422 terram.
845 2396 864 2418 »
891 2381 1028 2422 Erant
1048 2388 1217 2423 montes
1243 2379 1341 2434 alii,
1367 2395 1444 2439 per
1466 2396 1576 2440 quos
1599 2396 1738 2424 unus-

349 2449 533 2508 quisque
551 2464 651 2492 cum
673 2450 852 2493 duceret
870 2449 1015 2493 navim
1033 2484 1043 2504 ‚
1069 2449 1347 2508 naufragium
1377 2449 1551 2507 faceret.
1580 2453 1738 2494 Emer-

349 2529 499 2564 serunt
520 2520 634 2564 enim
656 2521 871 2580 principes
896 2521 1109 2565 haeresum
1127 2556 1137 2576 ‚
1165 2531 1208 2566 ct
1235 2532 1404 2567 montes
1437 2531 1575 2567 crant.
1610 2523 1738 2566 Arius

397 2614 405 2630 ι
429 2607 505 2638 psal.
535 2618 631 2648 xxxv,
652 2618 683 2649 7.
704 2625 746 2630 —
765 2608 842 2639 ²1d.
863 2619 938 2649 cxx,
962 2620 988 2640 1.
1010 2625 1051 2630 —
1069 2606 1081 2630 3
1101 2607 1181 2640 Ibid.
1202 2618 1231 2640 ν..
