1841 3223
368 218 422 254 50
798 225 831 252 s.
869 224 892 251 Α
902 226 1078 252 ceus'rffl
1087 228 1099 251 ι
1134 226 1314 252 Erlscori

423 293 548 335 XIII.
582 293 688 335 Nam
722 299 765 333 et
795 288 983 348 populus
1011 289 1084 334 ille
1118 300 1287 335 terrena
1314 289 1431 333 bona
1461 287 1743 345 desideravit,

362 370 406 405 et
434 377 612 419 regnum
631 359 890 415 Jerusalem,
914 361 1226 421 subjectionem
1246 360 1520 404 inimicorum
1544 375 1743 416 suorum,

361 431 672 475 abundantiam
704 429 928 474 fructuum
947 466 957 486 ,
989 430 1171 475 salutem
1204 431 1448 491 propriam,
1485 429 1667 473 salutem
1695 430 1748 473 fi-

358 500 515 545 liorum
538 516 732 544 suorum.
762 500 878 544 Talia
905 501 1231 556 desiderabant,
1260 510 1304 545 et
1325 500 1426 544 talia
1451 499 1743 559 accipiebant,

355 571 437 614 sul)
461 574 572 628 Lege
595 569 967 615 custodiebantur.
998 571 1307 615 Desiderabant
1325 587 1347 614 a
1369 574 1460 614 Deo
1480 570 1618 622 bona,
1645 585 1746 629 quae

356 641 433 685 dat
454 642 740 701 etjumentis,
765 642 867 702 quia
891 641 1089 685 nondum
1112 642 1165 684 ad
1185 641 1280 685 illos
1303 649 1481 684 venerat
1505 639 1638 683 Filius
1662 640 1746 683 ho-

353 711 505 767 minis,
542 722 589 756 ut
627 721 767 756 essent
805 711 881 755 filii
914 713 1143 755 hominum
1171 732 1178 756 ;
1218 723 1364 756 tamen
1397 712 1487 770 jam
1521 710 1745 754 habebant

352 782 494 826 nubes
529 783 837 827 annuntiantes
870 782 1029 826 Filium
1063 783 1267 826 hominis.
1300 775 1616 825 Venerunt'ad
1648 779 1744 825 illos

352 853 582 911 Prophetae
600 888 610 907 ,
637 853 1007 896 annuntiaverunt
1029 853 1250 896 Christum
1281 872 1290 895 ;
1326 861 1369 895 ct
1397 859 1519 894 erant
1549 851 1610 894 ibi
1645 849 1745 910 qui-

350 921 451 966 dam
485 923 561 982 qui
595 922 921 980 intelligebant,
958 932 1001 966 et
1035 937 1156 981 spem
1194 921 1387 966 futuram
1424 921 1667 976 habebant,
1695 930 1745 965 ut

351 993 598 1052 acciperent
616 993 974 1047 misericordiam,
998 1009 1098 1052 quae
1119 993 1165 1036 in
1186 993 1300 1036 coelo
1323 1001 1400 1036 est.
1422 994 1559 1035 Erant
1582 991 1643 1034 ibi
1665 991 1743 1051 qui

349 1063 522 1107 nonnisi
544 1062 730 1108 carnalia
752 1063 1047 1107 desiderarent
1068 1073 1111 1107 et
1142 1074 1353 1107 terrenam
1383 1078 1431 1106 ac
1456 1061 1742 1120 temporalem

349 1132 616 1178 felicitatem.
644 1135 749 1194 Ipsis
779 1134 1042 1179 labebantur
1071 1134 1201 1194 pedes
1224 1133 1279 1178 ad
1308 1132 1505 1177 facienda
1538 1131 1607 1176 vel
1634 1132 1742 1177 ado-

346 1205 482 1248 randa
504 1204 635 1249 idola.
662 1204 848 1258 Quando
871 1205 987 1248 enim
1001 1205 1098 1249 illos
1117 1205 1404 1259 admonebat,
1431 1213 1473 1247 et
1495 1202 1743 1263 flagellabat

346 1274 393 1318 in
408 1275 470 1319 bis
497 1276 714 1331 omnibus,
736 1276 894 1335 quibus
913 1275 1261 1331 delectabantur,
1278 1285 1321 1319 et
1338 1274 1562 1318 auferebat
1579 1289 1650 1328 ea,
1670 1289 1742 1333 pa-

346 1346 571 1389 tiebantur
594 1345 769 1400 famem,
796 1345 926 1401 bella,
952 1346 1216 1405 pestilentias
1233 1382 1243 1401 ,
1269 1347 1445 1390 morbos
1464 1381 1474 1401 ,
1500 1354 1542 1389 et
1564 1360 1742 1389 conver-

345 1417 553 1460 tebantur
573 1417 627 1460 ad
643 1415 774 1460 idola.
803 1415 919 1460 Talia
937 1417 1051 1460 bona
1068 1433 1167 1477 quae
1188 1432 1268 1476 pro
1291 1432 1451 1475 magno
1469 1433 1493 1460 a
1516 1419 1608 1460 Deo
1631 1415 1742 1458 desi-

347 1485 497 1530 derare
520 1487 767 1541 debebant,
795 1487 849 1530 ab
873 1486 999 1530 idolis
1023 1486 1330 1530 desiderabant
1345 1522 1355 1540 ,
1383 1496 1427 1530 et
1459 1485 1741 1530 dimittebant

346 1559 500 1601 Deum.
537 1556 835 1602 Attendebant
868 1558 982 1601 enim
1020 1558 1112 1617 ipsa
1144 1558 1280 1612 bona,
1315 1573 1415 1617 quae
1454 1556 1735 1617 quaerebant,

345 1626 570 1671 abundare
585 1628 725 1686 impiis
739 1636 782 1670 et
796 1626 1034 1682 sceleratis,
1055 1637 1097 1671 et
1114 1628 1331 1687 putabant
1352 1644 1396 1671 se
1418 1627 1577 1671 frustra
1600 1630 1740 1671 Deum

343 1697 509 1752 colere,
545 1699 646 1758 quia
675 1713 764 1741 non
797 1697 931 1741 dabat
961 1698 1206 1742 mercedem
1234 1709 1467 1742 terrenam.
1500 1699 1538 1742 Ο
1573 1698 1734 1741 homo!

342 1768 561 1827 operarius
579 1784 622 1811 es
642 1769 713 1812 Dei
727 1788 737 1825 3
753 1777 902 1827 postea
924 1777 988 1812 est
1012 1777 1181 1827 tempus
1198 1768 1444 1812 mercedem
1469 1767 1708 1827 accipiendi
1725 1786 1735 1812 2

341 1839 449 1899 quid
466 1841 556 1900 jam
574 1840 740 1897 flagitas
762 1839 1005 1882 mercedem
1026 1849 1260 1899 antequam
1280 1839 1495 1898 opereris?
1511 1839 1553 1883 Si
1570 1839 1738 1882 venerit

341 1913 562 1970 operarius
592 1910 647 1954 ad
681 1909 862 1954 domum
898 1919 1046 1964 tuam,
1082 1909 1301 1970 numquid
1334 1909 1458 1953 dabis
1488 1908 1734 1953 mercedem

341 1992 457 2036 ante,
473 1983 555 2025 nisi
571 1981 799 2042 perfecerit
821 1997 949 2041 opera
964 1998 1039 2025 sua
1053 1983 1070 2025 P
1083 1984 1190 2026 Nam
1206 1996 1456 2041 perversum
1474 1995 1575 2024 eum
1594 1980 1736 2024 existi-

341 2053 480 2098 mabis
494 2089 505 2109 ,
526 2054 560 2097 si
583 2053 738 2097 dixerit
756 2072 764 2097 ε
789 2053 909 2096 Prius
931 2052 1136 2111 accipiam
1154 2051 1416 2104 mercedem,
1438 2061 1481 2095 et
1508 2060 1612 2095 tunc
1634 2065 1736 2110 ope-

339 2125 483 2168 rabor.
511 2125 725 2168 Irasceris.
752 2126 896 2176 Quare
919 2131 1064 2167 autem
1087 2123 1304 2167 irasceris?
1334 2122 1444 2176 Quia
1465 2138 1553 2166 non
1578 2122 1735 2166 habuit

338 2195 472 2238 fidem
485 2194 651 2238 homini
669 2192 883 2237 mendaci.
905 2192 1137 2246 Quomodo
1158 2196 1268 2237 Deus
1286 2208 1376 2236 non
1393 2194 1618 2248 irascetur,
1629 2207 1733 2236 cum

338 2273 387 2309 tu
408 2265 538 2309 fidem
561 2280 651 2309 non
666 2265 826 2308 habeas
847 2263 927 2323 ipsi
948 2263 1146 2307 veritati?
1163 2262 1292 2316 Quod
1308 2262 1387 2306 tibi
1409 2263 1630 2322 promisit,
1653 2261 1731 2306 da-

337 2344 474 2380 turus·
491 2345 582 2380 est:
612 2350 700 2379 non
732 2333 869 2388 fallit,
896 2333 998 2393 quia
1025 2333 1182 2377 veritas
1214 2342 1278 2376 est
1299 2333 1375 2393 qui
1401 2333 1610 2392 promisit.
1643 2331 1730 2377 Sed

336 2407 462 2452 times
490 2422 545 2450 ne
580 2406 689 2450 sorte
717 2421 807 2449 non
838 2404 999 2448 habeat
1028 2402 1147 2464 quod
1183 2403 1288 2448 det?
1323 2403 1610 2463 Omnipotens
1645 2412 1723 2447 est.

335 2478 436 2526 Noli
457 2478 631 2531 timere,
656 2492 710 2520 ne
738 2491 827 2520 non
850 2476 905 2520 sit
936 2475 1012 2536 qui
1036 2474 1138 2532 det,
1163 2474 1416 2519 immortalis
1439 2483 1516 2518 est.
1543 2477 1642 2519 Non
1663 2474 1724 2518 ti-

335 2564 453 2596 meas
468 2583 480 2606 ,
507 2563 564 2594 ne
584 2546 842 2593 succedatur
862 2546 932 2605 ci3
955 2553 1191 2606 perpetuus
1218 2554 1282 2591 est
1304 2561 1313 2588 :
1338 2560 1514 2592 securus
1543 2553 1651 2593 esto.
1679 2545 1722 2591 Si
