1841 3223
413 238 654 268 ENARRATIO
686 241 732 268 ΙΝ
763 237 967 268 PsALMUM
998 240 1134 267 van.
1372 229 1452 268 351

75 319 165 349 non
184 304 319 364 nigrae
340 305 477 349 nubes
493 340 504 360 ,
529 321 619 349 non
641 304 910 363 caliginosae,
936 319 1025 349 non
1045 313 1182 359 tetrae,
1207 303 1282 348 sed
1303 304 1467 358 coloris*

74 375 208 420 aurei.
234 374 360 421 Unde
382 375 464 419 nisi
488 376 621 433 gratia
643 375 917 420 illuminante
934 390 1011 435 per
1040 375 1291 420 Christum?
1308 378 1423 421 Ecce
1443 410 1456 432 ‚

77 464 97 488 «
132 449 285 491 Latera
305 445 533 505 Aquilonis
552 480 563 500 ,
587 446 737 490 civitas
760 447 870 504 regis
892 446 1053 504 magni.
1072 464 1091 487 »
1112 449 1265 490 Latera
1287 447 1456 508 utique,

71 515 174 575 quia
204 515 467 559 inhaeserant
496 514 690 560 diabolo.
717 515 996 575 Quicumque
1031 515 1145 559 enim
1170 514 1297 560 alicui
1318 518 1461 562 cohae-

70 594 188 640 rent,
214 583 349 629 latera
369 585 501 644 ipsius
522 584 745 629 dicuntur.
767 587 877 630 Nam
896 594 939 629 et
960 584 1015 630 de
1030 584 1249 645 aliquibus
1268 587 1460 631 homini-

70 655 153 700 bus
174 654 361 699 solemus
381 655 441 699 ita
461 651 583 716 loqui
609 675 618 700 ι
643 658 787 700 Bonus
814 655 947 700 homo
971 664 1062 710 est,
1085 655 1162 700 sed
1190 655 1302 700 mala
1323 656 1460 703 latera

68 725 204 770 habet
223 744 233 769 ε
253 723 300 770 id
321 733 405 780 est,
425 726 515 785 ipse
532 725 712 786 quidem
735 725 952 785 probitate
972 734 1163 785 praestat,
1186 725 1263 771 sed
1280 726 1460 785 maligni

69 805 172 840 sunt
191 796 267 856 qui
287 795 326 839 ei
349 796 573 857 conjuncti
594 805 711 840 sunt.
734 799 888 841 Latera
903 811 1005 855 ergo
1023 796 1251 857 Aquilonis
1274 797 1350 857 qui
1371 796 1460 842 dia-

69 865 174 911 bolo
196 865 474 910 cohaerebant
495 885 504 911 z
528 866 648 911 unde
668 866 786 911 venit
807 875 850 911 et
872 867 950 911 iste
971 865 1086 911 filius
1102 902 1113 922 ,
1139 866 1194 911 de
1214 883 1303 928 quo
1325 867 1458 912 modo

69 934 380 991 audiebamus,
405 936 507 996 quia
531 945 730 981 mortuus
753 945 874 991 erat,
900 945 944 981 et
969 937 1146 995 revixit,
1172 937 1358 997 perierat
1373 972 1384 993 ,
1418 946 1462 982 et

69 1007 272 1051 inventus
303 1009 410 1051 est2.
444 1007 766 1052 Proficiscendo
800 1007 916 1051 enim
944 1008 991 1051 in
1030 1008 1253 1067 regionem
1285 1008 1460 1068 longin-

71 1093 229 1138 quam,
254 1077 384 1122 etiam
406 1077 461 1122 ad
485 1077 749 1138 Aquilonem
773 1087 1028 1137 pervenerat
1043 1114 1054 1133 ,
1075 1088 1118 1123 et
1141 1079 1230 1134 ibi,
1255 1080 1366 1124 sicut
1388 1095 1459 1123 au-

71 1147 213 1201 distis,
237 1148 314 1191 uni
335 1163 386 1191 ex
404 1147 672 1208 principibus
688 1147 872 1206 regionis
891 1147 1006 1192 illius
1022 1147 1285 1193 adhaeserat:
1298 1152 1458 1193 Factus

71 1226 136 1262 est
155 1233 258 1276 ergo
277 1217 390 1262 latus
411 1217 663 1278 Aquilonis,
688 1218 954 1262 adhaerendo
975 1219 1160 1279 principi
1176 1219 1292 1264 illius
1315 1220 1458 1279 regio-

71 1289 158 1332 nis:
175 1288 251 1333 sed
265 1288 367 1349 quia
389 1288 536 1333 civitas
555 1289 664 1347 regis
682 1289 827 1347 magni
845 1298 888 1333 et
904 1305 955 1332 ex
976 1289 1110 1334 latere
1126 1289 1353 1350 Aquilonis
1367 1289 1458 1335 col-

70 1357 234 1417 ligitur,
259 1374 452 1403 reversus
475 1357 529 1403 ad
551 1374 611 1412 se,
639 1358 748 1403 dixit
767 1378 775 1403 ε
797 1378 816 1401 «
837 1361 1034 1418 Surgam,
1058 1368 1100 1403 et
1121 1360 1193 1404 ibo
1215 1360 1270 1405 ad
1290 1370 1458 1420 patrem

73 1445 94 1472 »
130 1443 276 1473 meum
288 1432 321 1473 ².
345 1447 366 1471 »
391 1431 448 1473 Et
465 1429 651 1473 occurrit
666 1428 706 1472 ei
723 1437 859 1488 pater,
883 1430 957 1489 qui
975 1430 1080 1474 dicit
1096 1429 1150 1473 de
1167 1429 1269 1474 illo:
1299 1449 1318 1472 «
1339 1433 1458 1475 Μον-

73 1517 94 1541 n
131 1508 230 1544 tuus
246 1508 359 1554 erat,
380 1508 423 1543 et
444 1499 595 1544 revixit
611 1521 622 1558 3
636 1500 835 1559 perierat,
857 1509 899 1544 et
920 1501 1123 1545 inventus
1145 1510 1223 1545 est.
1244 1519 1264 1543 »
1282 1501 1456 1545 Vitulus

69 1567 143 1614 ille
174 1569 422 1629 saginatus,
451 1569 558 1630 lapis
592 1569 811 1629 angularis
849 1570 979 1615 fuit3.
1016 1571 1213 1631 Denique
1243 1580 1287 1615 et
1321 1573 1458 1631 major

70 1637 186 1684 filius
222 1639 297 1700 qui
330 1638 498 1698 epulari
529 1639 735 1694 nolebat,
761 1640 1010 1684 exhortatus
1043 1656 1067 1684 a
1093 1650 1216 1700 patre
1242 1641 1458 1700 ingressus

70 1718 158 1754 est:
178 1719 221 1754 et
241 1709 331 1754 duo
346 1711 437 1769 jam
457 1709 657 1768 parietes,
678 1719 886 1769 tanquam
904 1710 965 1754 illi
988 1711 1076 1755 duo
1098 1710 1175 1754 filii
1193 1711 1249 1756 ad
1268 1712 1454 1756 vitulum

69 1779 369 1839 pervenientes
387 1814 398 1834 ,
422 1779 640 1824 civitatem
663 1779 773 1838 regis
795 1779 942 1839 magni
964 1779 1178 1825 fecerunt.

130 1851 207 1894 IV.
240 1851 455 1910 Sequatur
481 1864 584 1908 ergo
618 1849 698 1893 iste
729 1848 947 1905 Psalmus,
978 1859 1021 1895 et
1048 1849 1165 1895 dicat
1190 1870 1199 1896 z
1228 1870 1248 1894 «
1275 1854 1389 1896 Deus
1410 1851 1457 1896 in

73 1937 93 1965 »
128 1919 332 1966 domibus
353 1921 444 1980 ejus
467 1921 796 1980 cognoscetur-4.
817 1940 837 1963 »
864 1923 961 1965 Jam
985 1921 1030 1965 in
1052 1920 1256 1967 domibus
1279 1932 1457 1983 propter

70 2000 261 2047 montes,
285 2000 463 2051 propter
483 1990 592 2036 duos
606 1991 803 2051 parietes,
821 2001 998 2052 propter
1020 1991 1129 2037 duos
1152 1992 1277 2038 filios.
1303 1998 1455 2039 «Deus

74 2079 95 2105 »
128 2060 175 2106 in
195 2060 397 2106 domibus
424 2062 515 2122 ejus
537 2070 837 2120 cognoscetur.
862 2080 883 2104 »
918 2061 1001 2107 Sed
1026 2063 1207 2121 gratiam
1230 2079 1457 2108 commen-

72 2131 168 2187 dat,
193 2130 291 2176 ideo
311 2130 480 2176 addidit
498 2151 507 2176 :
537 2133 686 2176 «Cum
703 2132 906 2192 suscipiet
923 2148 1034 2177 eam.
1055 2136 1203 2179 »Nam
1220 2135 1327 2194 quid
1349 2144 1461 2179 esset

72 2201 165 2262 ipsa
181 2202 329 2247 civitas
342 2237 353 2258 ,
378 2202 459 2246 nisi
479 2202 553 2247 ille
574 2204 829 2263 suscepisset
850 2207 977 2249 eam?
998 2207 1152 2251 Nonne
1169 2206 1313 2251 statim
1330 2207 1458 2252 cade-

73 2280 160 2327 ret,
185 2272 266 2317 nisi
284 2272 369 2317 tale
390 2272 727 2319 fundamentum
749 2274 955 2320 haberet?
974 2275 1330 2321 Fundamentum
1345 2278 1461 2322 enim

75 2342 195 2388 aliud
223 2359 352 2389 nemo
379 2353 524 2404 potest
543 2361 728 2405 ponere,
753 2355 910 2406 praeter
944 2346 991 2390 id
1013 2347 1134 2408 quod
1155 2348 1345 2407 positum
1368 2358 1432 2393 est
1446 2384 1458 2405 ,

73 2413 197 2474 quod
229 2423 294 2459 est
321 2415 518 2461 Christus
550 2417 715 2460 Jesus5.
748 2419 930 2462 «Nemo
961 2432 1063 2476 ergo
1094 2417 1150 2462 de
1180 2418 1266 2463 suis
1300 2419 1464 2464 meritis

124 2518 134 2536 ¹
162 2514 243 2545 Luc.
266 2523 333 2555 xv,
348 2512 401 2546 32.
423 2530 464 2536 —-
481 2519 494 2536 ²
516 2512 599 2547 Ibid.
623 2516 676 2547 18.
697 2531 739 2538 —
756 2511 770 2537 ³
789 2514 905 2557 Ephes.
931 2525 969 2557 11,
988 2523 1042 2549 20.
1059 2533 1101 2539 -
1121 2514 1136 2546 4
1154 2515 1233 2550 Psal.
1254 2528 1349 2560 nvn,
1369 2516 1402 2560 4.
1423 2533 1465 2541 —-

77 2567 92 2592 5
115 2580 127 2601 1
156 2570 228 2602 Cor.
246 2580 295 2611 ιιι,
316 2580 365 2601 ιι.
