1841 3223
456 228 696 256 ENAnnAno
729 230 773 256 m
806 228 1007 257 PSALMUM
1040 230 1078 256 1..
1396 216 1479 257 437

97 399 449 417 MNQWUMMAAEMWWQ
454 400 732 416 m‹m=mwv§
738 400 1158 418 Wssvmmmmwm
1164 401 1475 418 mmmmm

600 531 982 581 ENARRATIO

553 682 612 720 IN
656 681 956 721 PSALMUM
998 683 1042 722 L.

328 835 477 880 Sermo
510 835 564 879 ad
598 833 810 895 populum
846 835 1237 895 carthaginensem.

150 983 185 1025 I.
219 983 542 1027 MULTirumms
563 982 692 1042 liujus
711 984 740 1036 ¹,
766 997 846 1026 nec
870 980 1113 1041 frequentia
1136 980 1379 1026 fraudanda
1395 992 1475 1039 cst,

91 1066 171 1095 nec
187 1051 412 1096 infirmitas
431 1052 666 1097 oneranda.
696 1052 922 1097 Silentium
938 1051 1123 1112 petimus
1141 1062 1182 1096 et
1200 1052 1408 1112 quietem,
1429 1062 1480 1098 ut

89 1137 172 1166 vox
193 1130 337 1166 nostra
359 1130 458 1182 post
478 1123 731 1167 hesternum
755 1122 947 1167 laborem
966 1123 1099 1181 possit
1121 1121 1352 1183 aliquantis
1374 1124 1480 1167 viri-

89 1191 172 1235 bus
193 1191 445 1251 perdurare.
475 1191 754 1239 Credendum
778 1202 842 1237 est
872 1192 1136 1237 Charitatcm
1166 1195 1363 1237 Vestram
1389 1209 1481 1237 non

90 1263 147 1307 ob
169 1262 288 1322 aliud
310 1263 522 1308 hodierno
546 1264 613 1307 die
643 1264 856 1323 copiosius
875 1264 1125 1309 convenisse
1141 1299 1152 1320 ⁷
1178 1264 1259 1307 nisi
1283 1273 1331 1309 ut
1351 1264 1479 1310 oretis

89 1348 168 1392 pro
198 1333 256 1376 eis
276 1349 385 1393 quos
416 1333 614 1378 absentes
635 1333 738 1378 facit
770 1333 935 1377 alienus
958 1343 1000 1379 et
1023 1349 1247 1394 perversus
1276 1333 1474 1380 affectus.

88 1406 240 1463 Neque
258 1404 373 1447 enim
394 1403 616 1464 loquimur
632 1404 687 1448 de
712 1405 916 1463 Paganis,
944 1419 1087 1464 neque
1111 1403 1164 1448 de
1187 1407 1211 1448 J
1218 1405 1348 1449 udaeis
1365 1441 1375 1460 ‚
1402 1405 1478 1451 sed

89 1473 143 1519 de
159 1473 412 1519 Christianis
431 1494 440 1520 :
461 1490 603 1535 neque
625 1475 679 1520 de
700 1476 766 1521 his
783 1475 926 1520 adhuc
942 1475 1292 1530 Catechumenis,
1321 1474 1396 1519 sed
1423 1475 1478 1521 de

89 1543 236 1589 multis
259 1544 388 1589 etiam
407 1544 648 1605 baptizatis,
670 1561 693 1589 a
709 1559 896 1605 quorum
914 1544 1087 1589 lavacro
1106 1544 1215 1590 nihil
1230 1544 1415 1600 distatis,
1437 1555 1481 1592 et

89 1629 241 1658 eorum
263 1623 409 1658 tamen
438 1614 557 1659 cordi
594 1614 820 1660 dissimiles
856 1615 969 1660 estIS.
996 1618 1137 1669 Quam
1170 1616 1332 1661 multos
1363 1616 1481 1660 enim

82 1684 221 1729 -hodie
243 1684 396 1735 fratres
418 1695 586 1730 nostros
609 1686 847 1745 cogitamus
868 1695 911 1730 et
932 1685 1176 1745 plangimus
1200 1687 1260 1729 ire
1290 1687 1334 1732 in
1355 1686 1480 1730 vani-

90 1764 198 1800 tates
220 1764 263 1800 et
285 1755 468 1800 insanias
496 1755 725 1800 mendaces
738 1759 770 1810 2,
797 1754 1017 1814 negligere
1046 1771 1135 1815 quo
1172 1756 1311 1800 vocati
1348 1756 1476 1801 sunt!

91 1825 173 1879 Qui
202 1825 236 1869 si
269 1824 381 1870 forte
416 1825 461 1869 in
491 1826 583 1885 ipso
614 1826 726 1870 circo
748 1825 891 1885 aliqua
931 1841 981 1868 ex
1010 1841 1136 1870 causa
1170 1835 1452 1886 expavescant
1468 1847 1484 1882 ‚·

92 1896 301 1941 continuo
337 1911 381 1940 se
409 1896 606 1954 signant,
647 1905 689 1939 et
726 1905 841 1940 stant
871 1895 958 1940 illic
989 1906 1211 1956 portantes
1231 1897 1276 1940 in
1306 1897 1478 1954 fronte,

92 1966 211 2011 unde
234 1966 542 2021 abscederent,
576 1967 609 2011 si
626 1967 709 2010 hoc
730 1967 774 2009 in
792 1964 922 2010 corde
937 1976 1175 2026 portarent.
1204 1967 1483 2028 Deprecanda

93 2047 156 2081 est
177 2036 470 2081 misericordia
492 2038 599 2092 Dei,
635 2046 686 2080 ut
719 2037 853 2081 donet
875 2036 1145 2082 intellectum
1176 2037 1228 2082 ad
1263 2039 1342 2082 ista
1365 2038 1485 2083 dam-

94 2107 254 2164 nanda,
273 2117 316 2152 et
333 2107 538 2152 affectum
551 2106 605 2152 ad
620 2106 841 2166 fugienda,
865 2117 907 2151 et
919 2109 1255 2153 misericordiam
1273 2109 1326 2153 ad
1340 2110 1484 2168 ignos-

93 2178 246 2224 cenda.
273 2180 530 2240 Opportune
549 2194 651 2238 ergo
673 2178 728 2223 de
749 2177 1006 2238 poenitentia
1031 2177 1225 2223 Psalmus
1240 2179 1369 2224 hodie
1386 2196 1483 2223 can-

92 2259 208 2294 tatus
232 2259 310 2296 est.
342 2253 597 2309 Loquamur
621 2259 664 2296 et
692 2265 793 2294 eum
815 2249 1066 2294 absentibus
1094 2269 1102 2295 :
1129 2250 1209 2295 erit
1231 2249 1286 2296 ad
1307 2266 1378 2295 eos
1399 2266 1483 2296 vox

93 2329 239 2365 nostra
260 2321 466 2364 memoria
483 2329 640 2365 vestra.
664 2323 727 2366 Ne
746 2320 912 2365 saucios
931 2328 974 2364 et
990 2319 1218 2377 languidos
1237 2320 1479 2380 negligatis,

93 2390 169 2435 sed
190 2399 241 2434 ut
261 2388 427 2434 facilius
449 2391 628 2446 sanetis,
661 2390 752 2435 sani
773 2405 1028 2450 permanere
1057 2390 1240 2435 debetis.
1271 2391 1483 2450 Corrigite

93 2459 338 2519 arguendo,
378 2459 660 2505 consolamini
689 2459 981 2520 alloquendo,
1016 2461 1267 2520 exemplum
1291 2462 1483 2521 praebete

144 2573 152 2587 ¹
175 2566 252 2597 Vide
268 2569 304 2598 D.
325 2566 448 2598 Guillon
462 2592 470 2609 ‚
485 2571 565 2600 tom.
581 2578 647 2608 xxi,
663 2577 734 2608 pag.
752 2563 908 2606 §oo-514.
931 2582 972 2588 —-
993 2572 1005 2588 ²
1024 2566 1103 2597 reat.
1125 2577 1233 2609 xxxix,
1257 2567 1286 2598 5.
