1841 3223
372 188 452 227 158
809 195 842 224 s.
879 195 1108 224 Aucusnm
1142 197 1325 224 EPISCOPI

365 266 548 309 sionem.
574 265 670 309 Non
694 261 939 306 relabamur
961 261 1078 306 unde
1094 254 1191 323 jani
1212 261 1544 318 transilivimus,
1570 277 1650 307 nec
1683 277 1755 308 re-

367 352 617 381 maneamus
667 336 712 378 in
760 333 843 378 illis
882 334 927 378 in
974 351 1072 395 quae
1105 335 1196 395 jam
1233 334 1447 379 venimus.
1488 336 1724 380 Curramus
1741 370 1752 390 ,

366 406 644 452 intendamus
662 440 673 459 ,
698 405 744 448 111
765 405 832 449 via
854 421 1001 450 sumus
1025 425 1034 450 ;
1060 421 1140 450 nee
1158 415 1244 449 tam
1259 405 1312 450 sis
1325 421 1501 450 securus
1517 406 1638 450 exeis
1657 421 1756 466 quae

367 476 570 530 transisti,
594 491 726 536 quam
744 473 952 520 sollicitus
976 491 1054 535 pro
1081 476 1140 520 eis
1164 475 1220 520 ad
1241 492 1341 536 quae
1370 475 1568 520 nondum
1600 491 1755 535 perve-

365 548 480 593 nisti.
512 566 532 588 «
560 549 668 601 Quae
691 556 830 602 retro,
851 547 1019 607 inquit,
1046 546 1208 592 oblitus
1244 546 1288 589 in
1321 562 1369 590 ea
1391 563 1490 607 quac
1523 555 1622 591 ante
1655 556 1757 592 sunt

367 636 388 661 »
415 627 613 663 extentus
633 653 644 674 ,
670 617 911 662 seeundum
927 618 1216 662 intentionem
1238 632 1395 676 sequor
1408 617 1463 661 ad
1476 617 1665 676 palmam
1688 633 1758 663 su-

369 710 388 733 »
413 705 560 750 pernae
583 689 821 734 vocationis
846 689 923 734 Dei
946 689 991 732 in
1015 689 1190 734 Christo
1212 690 1331 732 Jesu..
1359 707 1379 729 »
1407 692 1502 748 Ipse
1545 698 1608 733 est
1641 689 1757 745 enim

364 762 631 806 finisUnum
647 771 808 816 autem,
833 761 918 804 1100
940 769 1002 804 est
1019 758 1130 804 illud
1144 774 1300 814 unum,
1317 778 1337 801 «
1356 759 1554 815 Domine,
1577 758 1757 804 ostende

368 851 390 875 >›
417 833 542 878 nobis
566 836 736 877 Patrem
753 868 764 888 ,
790 841 834 876 et
855 831 1014 876 suflicit
1032 830 1158 875 nobis
1173 833 1204 874 ¹.
1232 850 1251 873 »
1278 833 1423 876 Unum
1454 840 1621 886 autem,
1657 847 1757 892 quae

366 915 411 951 et
431 921 519 950 una
547 904 767 950 dieiturin
780 904 864 948 alio
887 903 1059 948 Psalmo
1076 939 1086 959 ,
1125 923 1145 945 α
1184 906 1324 948 Unam
1350 903 1456 963 petii
1489 921 1512 948 a
1544 903 1753 959 Domino,

370 997 390 1020 »
416 977 530 1021 hanc
552 976 783 1036 requiram.
807 977 915 1028 Quae
933 984 1047 1018 retro
1069 974 1232 1020 oblitus
1250 1010 1260 1030 ,
1287 974 1332 1018 in
1350 990 1397 1018 ea
1412 991 1511 1034 quae
1529 984 1628 1019 ante
1655 983 1757 1019 sunt

369 1066 389 1090 »
416 1056 630 1092 extentus.
669 1049 809 1092 Unam
843 1046 947 1106 petii
981 1063 1004 1090 a
1043 1047 1254 1101 Domino,
1290 1046 1404 1091 hane
1437 1047 1682 1106 requiram,
1707 1055 1758 1091 ut

368 1138 388 1161 >›
414 1118 656 1163 inhabitem
669 1118 714 1162 in
737 1117 867 1163 domo
883 1117 1055 1162 Domini
1073 1133 1150 1177 per
1163 1133 1313 1162 omnes
1340 1116 1433 1161 dies
1450 1118 1550 1162 vitae
1583 1133 1705 1161 mcae.
1731 1136 1751 1160 11

366 1193 549 1250 Propter
570 1188 677 1250 quid
698 1190 716 1232 P
749 1208 768 1230 «
793 1190 850 1233 Ut
864 1188 1134 1248 contempler
1156 1188 1490 1233 delectationem
1511 1188 1752 1233 Domini2.»

366 1261 436 1306 Ibi
469 1261 584 1305 enim
623 1259 824 1319 gaudebo
851 1257 906 1303 de
934 1260 1071 1314 socio,
1097 1275 1187 1304 non
1219 1259 1383 1304 timebo
1406 1258 1460 1304 dc
1478 1259 1722 1304 adversario
1744 1278 1753 1304 :

367 1331 427 1376 ibi
451 1331 566 1375 enim
588 1330 905 1391 contemplator
921 1345 1093 1375 meeum
1124 1331 1204 1374 erit
1232 1331 1421 1386 amicus,
1461 1345 1551 1375 non
1587 1329 1757 1375 calum-

366 1403 508 1447 niator
529 1390 744 1447 inimicus.
763 1404 856 1447 Hoc
879 1400 1137 1445 desideravit
1152 1401 1232 1445 iste
1255 1400 1459 1456 idithun,
1485 1411 1639 1446 notum
1665 1401 1758 1446 fieri

367 1473 450 1517 sibi
472 1489 572 1518 eum
593 1473 666 1518 hic
689 1482 819 1528 esset,
840 1481 890 1516 ut
910 1472 1039 1517 sciret
1060 1471 1169 1532 quid
1190 1472 1271 1516 sibi
1293 1471 1481 1530 deesset,
1502 1481 1545 1517 et
1557 1488 1647 1517 non
1669 1481 1758 1517 tam

368 1543 580 1604 gauderet
599 1544 654 1589 de
677 1544 744 1588 his
757 1543 811 1588 ad
835 1560 933 1604 quae
952 1552 1228 1603 pervenerat,
1254 1559 1384 1603 quam
1417 1543 1680 1588 desideraret
1709 1559 1759 1588 ea

367 1616 423 1661 ad
443 1633 542 1677 quae
564 1615 765 1661 nondum
780 1625 1060 1676 pervenerat,
1085 1625 1128 1660 et
1149 1615 1410 1676 quibusdam
1415 1616 1503 1676 jam
1517 1615 1753 1671 transilitis,

367 1704 458 1733 non
477 1697 720 1732 remaneret
737 1688 783 1731 in
803 1687 871 1731 via
890 1723 900 1742 ,
927 1686 1004 1731 sed
1025 1686 1238 1732 desiderio
1255 1687 1532 1747 rapereturin
1545 1703 1756 1747 superna3

366 1776 597 1821 usquequo
619 1759 693 1803 ille
714 1759 790 1820 qui
813 1758 1017 1819 quaedam
1040 1758 1321 1813 transilierat,
1348 1759 1492 1802 omnia
1505 1758 1753 1814 transiliret,

368 1841 412 1876 ct
429 1831 482 1875 ab
494 1830 749 1876 irroratione
766 1829 956 1890 quadam
977 1838 1200 1887 guttarum
1218 1829 1538 1874 dominicarum
1550 1830 1605 1874 de
1619 1830 1756 1890 Serip-

365 1912 566 1946 >turarum
587 1902 707 1945 nube
728 1900 997 1945 venientium
1011 1935 1021 1954 ,
1042 1900 1333 1943 veniretsieut
1345 1915 1496 1944 cervus
1512 1900 1566 1944 ad
1588 1900 1756 1945 fontem

367 1972 468 2016 vitae
492 1974 524 2027 3,
549 1972 650 2015 etin
671 1970 747 2015 illo
763 1970 928 2014 lumine
950 1969 1118 2013 videret
1130 1969 1281 2013 lumen
1296 1971 1329 2025 ⁴,
1353 1980 1397 2014 et
1415 1970 1756 2015 absconderetur

367 2042 415 2086 in
432 2042 559 2087 vultu
581 2042 657 2086 Dei
689 2058 714 2085 a
746 2040 1080 2086 conturbatione
1112 2040 1343 2084 hominum
1363 2044 1377 2068 ⁵
1410 2061 1419 2086 :
1452 2042 1529 2085 ubi
1563 2040 1750 2098 diceret,

367 2115 485 2158 Bene
507 2122 592 2168 est,
618 2113 732 2156 ultra
755 2111 863 2155 nihil
885 2111 1000 2166 volo,
1027 2126 1176 2154 01111103
1197 2112 1268 2155 1110
1291 2128 1405 2167 amo,
1440 2112 1661 2156 neminem
1683 2113 1755 2157 hic

366 2184 514 2230 timeo.
537 2187 707 2229 Bonum
731 2183 1016 2238 desiderium,
1041 2192 1239 2227 sanctum
1256 2182 1532 2228 desiderium.
1559 2184 1644 2237 Qui
1665 2185 1755 2244 jam

365 2256 450 2302 1100
473 2255 642 2301 habetis
658 2291 669 2312 ,
694 2253 965 2314 congaudete
987 2253 1140 2311 nobis,
1161 2263 1205 2298 et
1227 2264 1345 2299 orate
1364 2264 1415 2299 ut
1431 2263 1754 2315 perseveranter
1773 2259 1776 2263 ’

366 2327 622 2382 habeamus,
647 2342 702 2370 ne
725 2326 839 2371 inter
850 2323 1050 2370 scandala
1070 2324 1336 2369 deficiamus.
1361 2329 1469 2371 Nam
1499 2335 1542 2370 et
1569 2341 1647 2370 1103
1673 2341 1753 2386 pro

368 2398 491 2442 vobis
512 2399 597 2443 hoc
611 2397 727 2442 idem
746 2412 959 2455 rogamus.
975 2399 1073 2441 Non
1094 2395 1210 2439 enim
1233 2412 1311 2441 nos
1333 2395 1451 2454 digni
1471 2396 1548 2457 qui
1567 2413 1645 2457 pro
1671 2412 1752 2442 vo-

413 2500 423 2517 ¹
441 2496 520 2527 Joan
551 2504 617 2535 xiv,
634 2506 668 2536 9.
689 2510 731 2517 —
750 2500 763 2517 2
784 2493 865 2526 Psal.
880 2504 966 2535 xxvi,
985 2491 1017 2534 4
1044 2508 1085 2515 -
1110 2490 1123 2515 3
1142 2492 1188 2525 Id.
1217 2503 1278 2534 xm,
1296 2503 1327 2525 2.
1352 2509 1395 2516 -
1412 2491 1426 2522 4
1445 2493 1492 2525 id.
1517 2504 1613 2535 xxxv,
1639 2505 1687 2526 ιο.
1709 2510 1751 2517 -·

365 2548 381 2574 5
395 2550 441 2583 Id.
466 2560 543 2592 xxx,
558 2557 612 2582 21.
