1841 3223
193 233 433 262 ENARRATIO
465 236 480 261 1
513 235 559 262 IN
590 234 793 261 PSALMUM
826 233 985 270 xxxvi,
1020 231 1146 260 sEizM.
1183 236 1213 259 1.
1331 224 1380 261 61

5 296 219 341 ventilari.
244 301 354 344 Nam
375 299 409 342 si
431 301 571 352 Deus,
607 297 775 357 inquis,
806 313 872 341 res
899 297 1110 341 humanas
1132 297 1382 357 respiceret,

5 365 178 411 floreret
188 366 303 411 illius
315 367 535 427 iniquitas,
550 375 593 410 et
608 381 703 409 mea
721 367 967 411 innocentia
979 366 1221 411 laboraret?
1236 368 1388 411 Omnis

4 437 182 480 morbus
205 437 336 481 animi
357 437 491 481 habet
510 437 556 480 in
580 436 811 495 Scripturis
833 436 1200 481 medicamentum
1223 453 1350 482 suum
1375 458 1384 483 ε

4 506 82 565 qui
99 521 202 564 ergo
223 506 283 551 sic
304 515 486 565 aegrotat
503 541 515 561 ,
540 515 591 550 ut
610 506 689 550 ista
706 505 823 549 dicat
842 506 887 549 in
909 507 1039 551 corde
1056 524 1156 563 suo,
1176 508 1296 552 bibat
1314 524 1389 568 po-

4 576 168 620 tionem
189 576 350 621 Psalmi
365 578 511 637 hujus.
538 576 656 630 Quid
677 579 769 620 est?
798 580 963 621 Iterum
983 578 1261 637 inspiciamus
1282 578 1389 638 quid

5 645 211 691 dicebas?
240 645 354 700 Quid
390 646 588 691 dicebam
606 682 617 702 ,
650 647 818 707 inquis,
860 647 942 691 nisi
973 647 1092 708 quod
1113 647 1259 693 vides?
1285 649 1390 694 Mali

4 717 178 771 florent,
199 717 305 761 boni
325 717 549 762 laborant:
569 717 792 778 quomodo
809 718 890 762 ista
909 717 1029 762 videt
1051 721 1188 763 Deus?
1209 721 1386 778 Accipe,

5 788 108 833 bibe
133 807 142 832 :
168 788 259 847 ipse
285 788 365 832 tibi
391 790 530 844 hanc,
556 788 611 833 de
632 805 722 849 quo
741 789 819 833 ista
842 805 1107 844 murmuras,
1134 790 1391 848 temperavit

4 858 228 919 potionem
254 873 264 899 τ
290 867 543 902 tantumne
577 874 746 903 recuses
780 858 1113 903 saluberrimum
1149 859 1357 919 poculum
1377 881 1387 915 3

5 928 286 977 accommoda
298 945 375 988 per
388 945 538 974 aurem
558 946 603 974 os
618 929 775 985 cordis,
798 939 841 974 et
854 931 955 974 bibe
969 929 1088 991 quod
1103 929 1243 974 audis:
1262 929 1390 975 «Noli

6 1019 27 1042 »
62 999 258 1061 aemulari
291 1000 338 1043 in
365 1000 726 1058 malignantibus,
764 1017 907 1060 neque
940 1000 1154 1045 aemuleris
1183 1001 1390 1045 facientes

6 1088 27 1112 »
62 1070 353 1129 iniquitatem.
376 1071 592 1123 Quoniam
616 1079 825 1131 tanquam
852 1071 1024 1115 foenum
1052 1072 1138 1115 cito
1170 1081 1387 1126 arescent,

5 1158 28 1182 »
62 1148 105 1184 et
127 1139 239 1184 sicut
267 1139 384 1184 olera
406 1141 518 1199 prati
550 1140 637 1185 cito
666 1140 867 1185 cadent1.
897 1160 916 1182 »
943 1142 1072 1195 Quod
1100 1142 1179 1185 tibi
1207 1141 1391 1200 longum

2 1209 176 1256 videtur
197 1230 206 1255 :
226 1211 313 1255 cito
341 1220 403 1255 est
424 1214 514 1256 Deo
534 1231 543 1256 2
563 1211 779 1272 subjunge
804 1220 847 1255 te
874 1215 986 1266 Deo,
1012 1221 1055 1256 et
1077 1212 1158 1256 tibi
1180 1212 1266 1256 cito
1290 1213 1385 1256 erit.

4 1280 133 1334 Quod
150 1281 229 1336 ait,
259 1299 279 1323 «
299 1284 511 1336 Foenum,
533 1300 552 1323 »
578 1282 662 1326 hoc
684 1281 965 1340 intelligimus
981 1317 992 1333 ,
1023 1301 1042 1324 «
1068 1272 1195 1326 Olera
1215 1282 1341 1341 prati.
1366 1301 1386 1323 »

4 1349 116 1395 Vilia
138 1350 339 1411 quaedam
362 1360 487 1407 sunt,
512 1360 556 1395 et
575 1352 848 1411 superficiem
875 1361 997 1396 terrae
1018 1352 1206 1396 tenentia
1225 1387 1235 1407 ,
1257 1352 1390 1396 altam

3 1420 193 1465 radicem
214 1436 304 1465 uon
326 1421 504 1465 habent.
528 1420 715 1465 Proinde
738 1437 815 1481 per
834 1423 1035 1479 hyemem
1053 1422 1196 1466 virent
1216 1438 1224 1462 ε
1248 1432 1291 1466 at
1313 1422 1390 1465 ubi

3 1489 68 1535 sol
87 1490 244 1535 aestatis
265 1489 501 1535 fervescere
522 1491 723 1550 coeperit,
753 1501 961 1536 arescent.
998 1491 1132 1536 Modo
1154 1507 1256 1550 ergo
1281 1501 1391 1535 tem-

3 1576 86 1621 pus
106 1569 171 1604 est
190 1560 358 1618 hyemis
375 1595 386 1615 ,
412 1560 548 1619 gloria
578 1570 654 1604 tua
675 1560 873 1605 nondum
896 1570 1075 1620 apparet
1100 1580 1109 1606 2
1135 1561 1211 1605 sed
1243 1561 1277 1605 si
1306 1561 1392 1606 alta

4 1631 127 1676 radix
148 1640 212 1676 est
233 1631 452 1675 charitatis
469 1641 573 1686 tuae,
594 1633 704 1676 sicut
719 1631 958 1676 multarum
972 1633 1175 1676 arborum
1197 1648 1272 1691 per
1289 1633 1392 1690 hye-

3 1716 136 1755 mem,
153 1701 307 1745 transit
322 1700 472 1759 frigus,
490 1702 635 1745 veniet
655 1710 793 1756 aestas,
820 1701 863 1745 id
886 1711 964 1754 est,
979 1702 1134 1760 judicii
1152 1701 1241 1745 dies
1259 1718 1267 1742 :
1286 1712 1392 1746 tunc

4 1780 168 1817 arescet
178 1771 294 1815 viror
304 1770 430 1825 foeni,
447 1780 552 1815 tunc
569 1771 796 1830 apparebit
812 1771 1017 1815 arborum
1034 1771 1180 1828 gloria.
1198 1772 1392 1816 «Mortui

7 1860 29 1883 »
63 1840 181 1885 enim
203 1840 366 1896 estis²‚»
388 1841 448 1884 ait
468 1840 727 1900 Apostolus:
747 1841 970 1901 quomodo
991 1840 1198 1885 videntur
1217 1842 1391 1886 arbores

5 1926 80 1969 per
96 1911 315 1968 hyemem,
332 1910 454 1970 quasi
472 1910 620 1965 aridae,
636 1910 760 1970 quasi
772 1920 971 1954 mortuae.
987 1914 1101 1968 Ergo
1115 1927 1213 1970 quae
1230 1927 1340 1971 spes,
1357 1912 1392 1955 si

4 1980 167 2025 mortui
184 1982 357 2025 sumus?
376 1983 498 2024 Intus
515 1989 578 2024 est
590 1980 713 2024 radix
733 2000 741 2024 :
761 1981 837 2025 ubi
854 1980 975 2025 radix
992 1992 1152 2036 nostra,
1169 1981 1230 2025 ibi
1245 1991 1288 2025 et
1304 1981 1392 2025 vita

5 2060 179 2109 nostra3
201 2051 263 2094 ibi
284 2051 401 2094 enim
427 2051 611 2095 charitas
633 2060 795 2095 nostra.
827 2070 846 2092 «
862 2054 919 2095 Et
935 2053 1021 2096 vita
1044 2061 1184 2095 vestra
1200 2087 1210 2106 ,
1231 2052 1388 2112 inquit,

9 2140 29 2164 »
63 2120 316 2165 abscondita
333 2129 397 2164 est
410 2136 512 2165 cum
528 2121 702 2166 Christo
721 2121 767 2165 in
784 2124 888 2165 Deo.
910 2140 928 2162 »
947 2122 1134 2175 Quando
1152 2124 1304 2166 arescit
1316 2122 1392 2182 qui

6 2192 66 2238 sic
81 2191 213 2236 habet
226 2190 632 2244 radicemPQuando
645 2200 789 2235 autem
804 2192 884 2235 erit
894 2207 968 2235 ver
981 2201 1176 2236 nostrum
1186 2194 1204 2235 P
1215 2192 1392 2252 quando

7 2270 130 2305 aestas
146 2262 318 2304 nostra?
340 2260 517 2320 quando
541 2275 618 2304 nos
636 2261 927 2305 circumvestit
950 2261 1134 2320 dignitas
1162 2260 1388 2316 soliorum,

8 2340 52 2375 et
75 2330 250 2374 ubertas
274 2329 501 2374 fructuum
521 2328 790 2389 locupletat?
820 2331 997 2390 quando
1030 2332 1113 2375 hoc
1141 2332 1252 2375 erit?
1279 2331 1393 2375 Audi

8 2399 129 2462 quod
155 2399 364 2460 sequitur.
395 2417 415 2441 (ς
439 2401 551 2444 Cum
576 2399 771 2444 Christus
798 2401 1072 2460 apparuerit,
1106 2401 1194 2445 vita
1222 2410 1388 2456 vestra,

11 2489 32 2513 ι)
68 2478 173 2514 tunc
188 2478 231 2513 et
245 2485 321 2514 vos
343 2485 443 2514 cum
459 2469 552 2529 ipso
574 2469 835 2529 apparebitis
853 2471 896 2513 in
916 2470 1093 2529 gloria3.
1112 2490 1130 2512 >›
1151 2471 1267 2524 Quid
1289 2487 1391 2531 crgo

57 2553 164 2586 ¹Peal.
185 2565 289 2596 xxxxi,
314 2566 341 2595 ι,
368 2562 399 2586 2.
420 2570 461 2578 -—
482 2561 493 2577 ²
519 2554 639 2586 Coloss.
665 2565 714 2595 ιιι,
735 2553 764 2585 3.
791 2571 831 2575 ——
850 2552 862 2575 3
882 2554 962 2586 ibid.
981 2555 1012 2597 4.
