1841 3223
389 225 631 254 ENARRATlo
663 227 708 253 m·
741 225 944 255 PsALMuM
976 227 1101 254 xxxv.
1388 216 1441 256 45

58 304 182 334 mons
204 299 321 345 erat,
342 293 536 335 Donatus
557 282 680 335 mons
709 301 823 343 crat,
858 292 1145 336 Maximianus
1167 291 1298 337 modo
1320 293 1444 353 quasi

57 375 183 405 mons
204 359 343 405 factus
366 369 430 405 est
451 363 527 418 (1).
552 359 684 405 Multi
707 361 753 404 in
770 362 872 406 istos
890 372 1059 407 montes
1081 362 1353 407 attendentes
1369 398 1379 418 ‚
1401 372 1445 406 et

57 439 216 475 terram
233 430 526 475 desiderantes
541 465 552 486 ,
577 446 679 475 cum
697 429 751 474 dc
770 432 976 476 fluctibus
994 433 1150 478 volunt
1168 432 1364 488 liberari,
1390 431 1456 482 ad.

58 517 155 546 saxa
178 500 391 561 compulsi
425 510 548 557 sunt,
585 511 630 545 et
650 499 927 559 naufragium
949 503 993 546 in
1028 512 1141 548 terra
1167 503 1382 548 fecerunt.
1407 506 1446 548 Α

57 570 218 616 talibus
233 570 456 616 montibus
471 587 561 616 non
577 571 868 616 seducebatur
885 572 957 616 ille
969 573 1045 633 qui
1061 574 1119 617 ait
1138 593 1175 619 2«
1196 578 1247 619 In
1259 574 1446 619 Domino

60 660 81 683 »
107 641 307 698 confido,
340 641 563 702 quomodo
594 642 735 686 dicitis
767 643 921 686 animae
939 659 1073 688 meae:
1101 646 1375 704 Transmigra
1400 645 1447 688 in

61 731 81 754 »
102 721 271 757 montes
294 712 405 757 sicut
425 727 570 771 passer
586 714 599 738 1
614 714 632 756 Ρ
650 731 669 754 »
692 712 803 758 Nolo
825 714 990 773 sitspes
1013 729 1107 758 mea
1126 714 1171 757 in
1193 715 1318 769 Ario,
1343 714 1446 759 nolo

56 783 104 827 in
124 786 309 828 Donato.
342 802 362 825 «
388 782 613 827 Auxilium
633 798 781 828 meum
803 799 827 827 a
856 784 1041 828 Domino
1065 784 1141 845 qui
1160 783 1264 829 fecit
1282 784 1444 829 coelum

59 874 80 898 »
106 865 150 900 et
183 865 357 900 terram.
382 875 402 897 >¹
434 856 595 900 Discite
625 865 840 916 quantum
866 857 1135 916 praesumatis
1169 855 1223 901 de
1260 860 1375 912 Deo,
1404 866 1447 901 et

56 936 272 988 quantum
296 926 494 971 tribuatis
507 927 760 971 hominibus
793 947 801 972 :
827 927 952 988 quia,
983 946 1002 969 «
1018 926 1278 972 Maledictus
1306 927 1446 971 omnis

58 1015 80 1039 »
106 997 182 1057 qui
200 1012 320 1057 spem
337 1012 459 1041 suam
476 996 601 1056 ponit
622 997 667 1040 in
680 997 856 1041 homine
870 1001 902 1041 2.
924 1016 943 1038 »
970 996 1283 1042 Modestissime
1305 1007 1349 1041 et
1369 998 1446 1041 hu-

57 1067 217 1111 militer
238 1077 410 1112 sanctus
445 1067 665 1127 apostolus
696 1068 856 1111 Paulus
884 1067 1026 1112 zelans
1053 1084 1152 1112 vere
1182 1067 1443 1124 Ecclesiam,

56 1136 133 1182 sed
149 1153 306 1198 sponso
327 1173 338 1193 ,
363 1153 453 1182 non
482 1138 563 1182 sibi
581 1173 591 1193 ,
623 1147 666 1182 et
687 1138 867 1182 horrens
894 1138 990 1183 illos
1019 1138 1194 1199 quando
1212 1137 1449 1184 voluerunt

57 1209 222 1254 dicere:
245 1212 375 1268 «Ego
403 1225 498 1253 sum
518 1208 663 1264 Pauli,
692 1224 772 1268 ego
787 1208 945 1268 Apollo
960 1210 998 1266 ³3
1020 1228 1040 1250 »
1061 1225 1183 1253 suam
1218 1225 1446 1269 personam

56 1281 202 1342 potius
223 1280 466 1340 assumpsit,
484 1296 615 1340 quam
637 1279 821 1324 calcaret
840 1289 883 1324 et
899 1289 1214 1335 contemneret,
1239 1280 1445 1325 utChris-

56 1361 153 1397 tum
196 1350 454 1409 glorificaret
495 1369 504 1395 :
550 1369 570 1392 α
594 1350 831 1410 {Numquid
869 1351 1027 1395 Paulus
1067 1367 1146 1410 pro
1189 1351 1312 1395 vobis
1344 1367 1446 1395 cru-

59 1440 81 1464 »
116 1423 266 1466 eifixus
297 1431 385 1477 est,
420 1430 494 1465 aut
537 1421 583 1465 in
612 1422 789 1465 nomine
818 1422 940 1465 Pauli
980 1422 1185 1481 baptizati
1219 1422 1317 1466 estis
1346 1423 1388 1463 4?
1424 1440 1443 1463 »

57 1493 247 1554 Repellit
267 1510 290 1537 a
309 1509 370 1549 se,
393 1493 468 1538 sed
481 1503 532 1538 ut
544 1494 687 1537 mittat
699 1493 754 1537 ad
766 1494 1003 1538 Christum.
1022 1497 1119 1539 Non
1141 1494 1236 1538 vult
1255 1511 1277 1538 a
1293 1510 1448 1554 sponsa

57 1564 192 1608 amari
208 1579 286 1623 pro
318 1579 474 1623 sponso
501 1579 582 1607 nec
606 1564 792 1607 amicum
815 1564 974 1623 sponsi.
996 1564 1136 1608 Amici
1163 1564 1278 1608 enim
1301 1564 1447 1624 sponsi

56 1633 269 1695 Apostoli.
289 1635 402 1678 Huic
425 1650 582 1694 sponso
613 1643 656 1678 et
684 1633 756 1678 ille
780 1634 954 1678 humilis
977 1637 1165 1679 Joannes
1181 1670 1192 1689 ,
1219 1635 1294 1695 qui
1315 1645 1446 1694 puta-

57 1705 188 1750 batur
209 1705 407 1750 Christus
426 1740 449 1760 „
463 1705 645 1748 zelabat.
669 1704 793 1749 Unde
816 1705 875 1749 ait
890 1741 900 1760 ,
931 1724 950 1746 «
974 1708 1071 1750 Non
1088 1721 1184 1749 sum
1207 1721 1287 1764 ego
1304 1707 1448 1751 Chris-

59 1795 80 1818 »
103 1785 174 1820 tus
188 1811 199 1831 ,
215 1774 291 1820 sed
307 1775 384 1835 qui
404 1784 502 1835 post
519 1790 588 1818 me
605 1776 745 1830 venit,
767 1777 905 1835 major
926 1791 995 1819 me
1013 1784 1092 1830 est,
1113 1777 1236 1836 cujus
1250 1791 1338 1819 non
1350 1792 1447 1820 sum

59 1865 80 1888 »
106 1845 264 1905 dignus
275 1846 501 1903 corrigiam
519 1844 801 1889 calceamenti
817 1845 982 1889 solvere
997 1848 1030 1888 ⁵.
1050 1864 1070 1886 »
1092 1848 1204 1889 Vere
1225 1847 1327 1906 quia
1350 1855 1447 1890 tan-

56 1926 152 1962 tum
185 1932 229 1960 se
265 1915 525 1971 humilians,
562 1915 751 1960 ostendit
782 1931 826 1959 se
861 1932 950 1960 non
987 1931 1076 1960 esse
1113 1932 1319 1975 sponsum
1335 1952 1345 1972 ,
1371 1916 1447 1960 sed

57 1988 245 2031 amicum
265 1986 428 2046 sponsi,
447 1985 600 2031 etideo
618 1986 678 2030 ait
695 2006 703 2030 :
732 2005 752 2027 (ι
770 1986 854 2040 Qui
872 1986 1006 2030 habet
1022 2002 1246 2046 sponsam,
1266 2002 1447 2046 sponsus

57 2067 122 2102 est
143 2076 152 2102 ε
178 2057 340 2101 amicus
366 2065 511 2101 autem
538 2057 707 2116 sponsi,
733 2056 810 2116 qui
831 2066 916 2101 stat
938 2066 981 2101 et
1002 2057 1124 2101 audit
1147 2073 1263 2113 eum,
1288 2056 1446 2116 gaudio

60 2146 81 2169 »
107 2126 268 2186 gaudet
293 2136 474 2187 propter
505 2142 657 2171 vocem
689 2127 870 2186 sponsiss.
897 2130 995 2170 »Et
1033 2127 1067 2170 si
1100 2127 1261 2171 amicus
1302 2128 1447 2186 sponsi

57 2214 182 2243 mons
204 2207 269 2242 est
283 2233 295 2253 ,
321 2213 412 2242 non
433 2206 580 2241 tamen
596 2212 619 2240 a
640 2212 684 2240 se
701 2197 834 2241 habet
853 2196 994 2241 lucem
1019 2212 1144 2241 mons
1171 2218 1179 2241 :
1206 2197 1282 2241 sed
1304 2197 1441 2252 audit,

58 2278 102 2313 et
124 2268 282 2327 gaudio
300 2267 462 2327 gaudet
481 2277 659 2327 propter
675 2270 832 2312 'vocem
857 2268 1020 2327 sponsi.
1042 2288 1062 2310 «
1087 2271 1189 2322 Nos,
1216 2268 1373 2327 inquit,
1391 2268 1445 2312 de

20 2373 22 2376 ,
60 2338 372 2399 »plenitudine
407 2339 499 2399 ejus
521 2338 764 2398 accepimus
779 2340 809 2381 ⁷.
851 2356 871 2379 »
901 2341 963 2382 De
995 2339 1120 2398 cujus
1142 2337 1445 2396 plenitudine?

63 2429 84 2451 «
109 2409 231 2453 Illius
262 2409 339 2470 qui
367 2417 458 2452 erat
489 2408 639 2452 lumen
666 2424 840 2464 verum,
879 2407 997 2468 quod
1023 2407 1241 2452 illuminat
1268 2423 1443 2452 omnem

107 2513 115 2528 ¹
138 2506 217 2538 Psal.
240 2517 272 2546 x,
291 2515 323 2538 2.
344 2523 385 2528 -—
402 2512 414 2528 2
432 2508 552 2538 Jerem.
574 2517 652 2546 xvii,
675 2505 705 2538 5.
730 2523 770 2528 -——
790 2504 803 2527 3
823 2517 834 2536 1
857 2508 926 2537 Cor.
950 2516 995 2545 111,
1019 2504 1051 2546 4.
1073 2522 1113 2527 —
1131 2503 1246 2537 41bid.
1269 2522 1309 2527 ——
1325 2504 1440 2538 5Joan.

58 2575 80 2602 1,
99 2572 155 2604 ¹20,
171 2566 203 2594 et
221 2564 318 2593 Marc.
338 2572 361 2602 1,
378 2574 409 2604 7.
430 2578 472 2584 -
486 2560 501 2583 6
523 2564 610 2593 Joan.
633 2573 679 2603 ιιι,
697 2573 749 2603 29.
769 2579 808 2584 —-
830 2569 842 2593 7
862 2562 942 2593 ibid.
970 2561 1018 2592 16.
