1841 3223
425 245 664 274 numinum
698 249 741 274 m
775 249 976 276 PsALMmr
1011 253 1100 277 Lm.
1360 242 1438 281 499

59 305 137 349 tati
157 308 318 350 Vestrae
350 327 358 352 ;
388 327 407 350 (ι
441 309 609 353 Divitiae
632 311 662 354 si
689 312 891 368 affluant,
929 330 982 357 nc
1010 316 1235 374 apponatis
1267 320 1385 361 cor1.
1415 336 1448 360 »-

57 376 299 416 Abundcnt
329 377 429 417 licet
447 413 457 427 ‚
493 389 536 422 et
564 392 771 434 sequatur
793 392 834 426 tc
859 386 1150 444 prosperitatis
1182 387 1327 431 saectuli
1345 424 1355 443 .
1391 397 1441 433 tu

58 441 165 485 mari
186 442 276 486 noli
291 443 487 497 credere,
506 459 584 488 nec
604 445 776 488 ridenti.
803 453 971 489 Diviiioe
987 455 1017 492 ei
1035 456 1232 512 affluant,
1253 458 1287 501 Si
1305 458 1440 502 abun.

58 510 186 566 dent,
211 511 326 556 calca
343 528 434 568 eas,
461 523 504 557 ct
526 513 787 573 suspendere
804 530 856 557 cx
876 519 965 559 Deo
988 525 1079 560 tuo.
1101 519 1213 560 Cum
1235 528 1350 560 enim
1371 544 1441 573 aas

58 581 206 625 subter
227 591 269 625 te
293 582 508 639 habueris,
529 593 572 627 et
589 600 640 626 ex
657 582 731 628 illo
751 584 1023 643 pependeris,
1039 602 1140 629 cum
1159 584 1321 630 fuerint
1344 587 1446 631 sub-

61 659 208 695 tractae
229 666 318 695 non
336 652 477 697 cades.
503 656 567 698 Ne
585 652 696 698 forte
713 669 789 713 per
808 653 967 698 malam
984 656 1294 714 cogitationem
1316 657 1446 701 mini-

59 736 217 781 meque
237 722 513 766 christianam
537 723 612 767 ssat
634 724 678 767 in
702 733 744 768 te
766 723 887 784 quod
907 724 1066 769 dicitur
1088 726 1133 768 in
1157 725 1239 770 alio
1257 726 1442 783 Psalmo,

59 802 398 837 commemorato
422 794 528 837 flore
552 794 829 854 Ziphaeorum
846 795 1054 840 istorum:
1080 796 1262 852 «Nimis,
1282 796 1443 857 inquit,

62 880 84 904 »
117 862 352 922 profundae
370 862 496 909 factae
518 874 617 908 sunt
647 865 929 923 cogitationes
952 875 1054 910 tuae.
1083 884 1104 907 >›
1125 866 1230 911 Dico
1253 866 1412 912 dicitur
1433 887 1443 913 ι

63 951 84 975 «
117 933 252 978 Nimis
273 933 506 993 profundae
523 934 649 979 factae
664 944 766 980 sunt
783 936 1063 995 cogitationes
1078 946 1186 981 tuae:
1204 937 1268 981 vir
1284 938 1447 997 impru-

62 1022 82 1044 η
118 1003 224 1048 dens
236 1020 325 1049 non
337 1015 583 1064 cognoscet,
600 1015 643 1050 et
659 1005 816 1051 stultus
834 1023 922 1051 non
938 1007 1152 1066 intelliget
1168 1008 1275 1052 haec.
1293 1027 1312 1050 υ
1329 1009 1447 1062 Quid

58 1089 150 1119 non
170 1074 570 1134 intelliget?«Cum
593 1078 840 1121 exorientur
859 1087 1103 1137 peccatores
1126 1078 1238 1122 sicut
1254 1078 1443 1135 foenum,

61 1163 82 1187 »
117 1153 160 1189 et
174 1147 472 1205 prospexerint
486 1162 635 1191 omnes
652 1147 728 1208 qui
748 1144 985 1207 operan’tur
999 1149 1290 1209 iniquitatem,
1308 1160 1358 1194 ut
1376 1151 1446 1194 in-

62 1233 83 1256 »
119 1224 286 1260 tereant
301 1216 347 1260 in
369 1217 577 1261 saeculum
601 1219 794 1262 saeculi2.
815 1237 835 1260 »
863 1218 1100 1263 Delectavit
1117 1235 1188 1264 eos
1212 1221 1289 1264 flos
1307 1221 1447 1265 malo-

58 1301 156 1330 rum
182 1305 192 1331 ι
218 1286 421 1331 dixerunt
450 1287 568 1347 apud
589 1304 662 1332 se:
693 1291 805 1333 Ecce
836 1288 937 1332 mali
960 1290 1142 1345 florent,
1175 1300 1283 1349 puto
1310 1292 1447 1336 malos

58 1366 174 1401 amat
194 1360 336 1402 Deus:
358 1367 401 1402 et
426 1357 628 1403 delectati
652 1358 880 1419 temporali
901 1360 1008 1404 ssore
1035 1361 1312 1421 iniquorum,
1338 1378 1448 1407 con-

58 1428 168 1472 versi
189 1437 292 1472 sunt
313 1427 368 1473 ad
394 1428 691 1489 iniquitatem,
721 1439 771 1474 ut
792 1430 1033 1474 interirent.
1069 1434 1166 1475 Non
1193 1432 1248 1475 ad
1277 1441 1448 1492 tempus

57 1497 170 1543 sicut
190 1497 254 1542 illi
273 1499 446 1553 florent,
461 1499 537 1544 sed
553 1500 599 1543 in
615 1499 823 1544 saeculum
838 1500 999 1544 saeculi.
1028 1501 1153 1545 Unde
1175 1503 1283 1546 hoc?
1299 1522 1318 1545 «
1335 1504 1448 1557 Quia

61 1587 82 1610 »
115 1570 182 1614 vir
202 1569 457 1629 imprudens
477 1586 567 1614 non
597 1579 850 1629 cognoscet,
877 1579 919 1614 et
941 1569 1098 1614 stultus
1125 1587 1215 1616 non
1232 1573 1447 1633 intelliget

61 1656 82 1680 »
116 1639 235 1694 haec,
259 1658 279 1681 »
304 1656 393 1685 non
415 1640 580 1684 intrans
604 1641 649 1683 in
671 1641 964 1684 sanctuarium
986 1642 1084 1696 Dei,
1105 1651 1155 1686 ut
1172 1643 1388 1703 intelligat
1401 1645 1444 1690 in

58 1710 304 1755 novissima.
337 1713 394 1755 Et
415 1711 518 1771 quia
541 1710 728 1755 difficilis
753 1720 817 1755 est
846 1710 1171 1771 aliquantulum
1199 1713 1446 1759 intellectus

57 1781 152 1836 hic,
176 1781 279 1826 inde
301 1782 436 1841 coepit
464 1781 658 1826 Psalmus
684 1782 763 1826 iste
781 1817 792 1837 ,
818 1792 868 1826 ut
888 1783 1026 1828 David
1054 1783 1208 1828 lateret
1239 1785 1352 1830 inter
1374 1786 1446 1830 Zi-¹

57 1852 232 1911 phaeos‚
265 1867 347 1896 nec
376 1850 665 1896 delectaretur
690 1852 797 1896 ssore
833 1853 1133 1913 Ziphaeorum3
1168 1855 1245 1900 sed
1272 1856 1446 1914 eli-geret

57 1922 204 1981 potius
234 1922 347 1966 inter
375 1921 471 1966 illos
506 1921 825 1978 humilitatem,
857 1932 907 1966 ut
943 1923 1124 1968 haberet
1153 1924 1271 1984 apud
1309 1929 1447 1971 Deum

59 1992 357 2037 absconditam
379 1991 633 2036 claritatem.
665 1992 778 2045 Quid
802 2008 903 2051 ergo
925 1993 964 2037 ei
983 1994 1190 2039 tribuitur
1217 1996 1262 2039 in
1283 1997 1367 2041 hoc
1390 1997 1449 2041 ti-

62 2062 184 2108 tulo?
204 2082 224 2106 «
248 2067 299 2108 In
318 2064 466 2118 finem,
486 2063 533 2106 in
551 2063 752 2120 hymnis:
774 2081 794 2104 n
821 2064 904 2108 hoc
926 2073 1004 2119 est,
1026 2064 1072 2108 in
1092 2065 1311 2111 laudibus.
1333 2069 1448 2121 Qui-

58 2133 142 2178 bus
162 2132 393 2178 laudibus?
418 2152 439 2175 «
465 2133 673 2178 Dominus
696 2132 843 2189 dedit,
869 2135 1080 2180 Dominus
1103 2137 1311 2195 abstulit,
1336 2139 1448 2183 sicut

63 2220 84 2245 »
118 2203 303 2248 Domino
327 2202 510 2263 placuit,
535 2202 596 2246 ita
616 2201 781 2247 factum
804 2213 891 2248 est:
917 2205 970 2248 sit
986 2220 1147 2249 nomen
1170 2207 1343 2252 Domini
1366 2208 1447 2252 be·-

63 2292 85 2315 »
119 2273 388 2318 nedictumss.
423 2292 442 2315 »
475 2273 607 2327 Quasi
640 2275 799 2318 aruisse
834 2274 1090 2331 videbatur,
1130 2277 1298 2336 perdita
1326 2279 1448 2324 omni

59 2345 326 2390 substantia?
344 2344 483 2389 Absit.
507 2343 628 2389 Folia
650 2344 923 2400 ceciderant,
944 2345 1064 2389 radix
1086 2346 1274 2392 vivebat.
1297 2352 1412 2407 Ergo
1431 2385 1443 2406 ,

64 2433 85 2457 «
119 2418 171 2460 In
192 2416 347 2471 finem,
371 2415 418 2459 in
438 2415 627 2472 hymnis.
653 2433 672 2456 »
701 2414 847 2468 Quid?
867 2434 887 2457 (ι
912 2415 1163 2461 Intellectus
1185 2417 1268 2478 ipsi
1290 2420 1442 2464 David.

63 2504 83 2528 n
120 2485 397 2542 Intellectus,
425 2495 618 2531 »contra
645 2485 786 2530 illud:
817 2505 837 2528 «
864 2486 938 2530 Vir
957 2487 1210 2547 imprudens
1231 2505 1323 2535 non
1343 2506 1446 2550 cog-

110 2577 117 2593 ¹
140 2570 220 2603 Psal.
237 2582 300 2614 m,
323 2583 374 2604 11.
396 2588 437 2594 —-
457 2577 470 2594 ²
484 2571 532 2603 Id.
548 2582 612 2611 xci,
626 2570 698 2603 6-8.
715 2588 756 2594 —
778 2568 791 2594 3
807 2570 881 2603 Job.
899 2581 923 2613 1,
947 2579 1001 2604 21.

1194 2627 1261 2668 32.
