1841 3223
384 159 466 195 190
804 163 838 191 S.
875 163 1105 192 AUGUSTINI
1139 166 1321 192 :emscom

381 243 464 286 tur,
483 230 558 275 sed
578 229 845 275 attendendo
869 228 1162 289 praecedentes
1185 246 1246 286 se,
1266 239 1511 291 sequuntur
1530 231 1707 290 quidem
1724 240 1768 275 et

377 303 620 356 imitantur,
643 299 719 344 sed
740 300 842 359 quia
864 300 1058 358 cogitant
1080 316 1103 343 a
1125 316 1214 360 quo
1237 301 1482 360 acceperint
1502 299 1565 344 illi
1588 310 1638 345 ut
1659 316 1769 361 prae-

379 373 537 418 cedant
551 407 561 427 ,
583 382 626 416 et
649 372 694 415 in
714 386 815 414 eum
837 380 1025 431 sperant.
1050 372 1254 425 Quamvis
1273 387 1376 431 ergo
1399 371 1501 416 istos
1524 372 1765 427 imitentur,

379 458 498 503 spem
516 458 637 487 suam
664 452 809 486 tamen
831 442 874 485 in
893 441 968 486 illo
988 451 1172 501 ponunt,
1192 458 1215 486 a
1237 458 1326 502 quo
1349 451 1391 486 et
1414 443 1483 486 isti
1505 451 1771 502 acceperunt

379 513 497 558 unde
523 512 625 557 tales
647 523 763 557 sunt.
788 532 808 555 «
834 512 1060 557 Videbunt
1073 514 1176 573 justi
1193 548 1203 568 ,
1225 521 1268 556 et
1290 513 1509 557 timebunt
1526 548 1536 568 ,
1559 522 1601 557 et
1623 528 1771 573 spera-

383 603 403 626 »
439 584 553 628 bunt
576 584 621 627 in
644 584 906 628 Dominum:
931 602 950 624 »
977 582 1349 644 quemadmodum
1379 584 1424 626 in
1456 583 1538 628 alio
1572 583 1769 629 Psalmo:

385 674 406 698 «
441 655 596 700 Levavi
625 653 774 699 oeulos
796 670 913 698 meos
936 655 982 698 in
1000 656 1210 709 montes1,
1240 673 1258 695 »
1282 653 1564 712 intelligimus
1583 663 1769 714 montes,

382 725 519 770 claros
541 741 738 786 quosque
749 735 793 769 et
810 741 989 784 magnos
1004 724 1210 769 Ecclesiae
1227 724 1438 784 spiritales
1451 727 1578 781 viros,
1595 740 1776 784 magnos

383 796 616 851 soliditate,
633 812 721 841 non
737 806 919 840 tumore.
939 799 1019 839 Per
1034 795 1147 854 ipsos
1159 795 1284 839 nobis
1300 795 1519 856 Scriptura
1532 796 1673 840 omnis
1687 796 1777 840 dis-

384 877 561 928 pensata
584 877 676 925 est,
703 867 934 926 Prophetae
957 875 1081 920 sunt,
1115 865 1405 924 Evangelistae
1427 875 1550 921 sunt,
1576 865 1776 911 doctores

385 940 490 985 boni
512 948 613 983 sunt
630 958 637 982 :
663 958 683 980 «
703 937 813 982 lllue
828 937 966 982 levavi
984 936 1133 982 oeulos
1153 952 1272 981 meos
1290 937 1335 980 in
1355 946 1540 993 montes,
1562 936 1680 982 unde
1699 953 1777 983 ve-

388 1028 409 1051 »
446 1009 537 1053 niet
555 1007 765 1053 auxilium
783 1008 904 1051 milii.
921 1026 941 1050 >›
959 1010 1015 1051 Et
1029 1023 1083 1051 ne
1097 1008 1340 1051 humanum
1354 1017 1529 1067 putares
1547 1007 1775 1063 auxilium,
1840 1063 1841 1067 Ἰ

386 1080 600 1141 sequitur,
621 1088 664 1124 et
686 1079 792 1124 dicit
815 1099 823 1124 :
853 1098 872 1121 «
890 1078 1112 1123 Auxilium
1133 1094 1281 1123 meum
1299 1095 1323 1123 a
1345 1080 1553 1135 Domino,
1578 1079 1655 1139 qui
1677 1078 1780 1123 feeit
1840 1086 1841 1089 ’

392 1170 413 1194 »
449 1151 614 1196 coelum
632 1160 675 1195 et
695 1152 895 1195 terram2.
924 1150 1150 1195 Videbunt
1160 1151 1283 1210 justi,
1309 1159 1352 1195 et
1369 1151 1603 1207 timebunt,
1624 1160 1667 1196 et
1689 1165 1782 1210 spe-

393 1241 414 1264 »
450 1222 613 1266 rabunt
634 1222 679 1266 in
698 1222 981 1266 Dominum.»

450 1296 550 1338 vn.
578 1294 655 1337 'Eia
673 1293 750 1353 qui
772 1292 928 1338 volunt
949 1308 1119 1352 sperare
1136 1293 1182 1337 in,
1204 1293 1458 1348 Dominum,
1479 1293 1555 1353 qui
1575 1292 1727 1337 vident
1740 1301 1785 1337 et

395 1365 576 1422 timent,
610 1365 789 1408 timeant
810 1363 1034 1408 ambulare
1055 1365 1144 1409 vias
1166 1362 1299 1407 malas
1321 1399 1331 1419 ,
1355 1364 1444 1408 vias
1466 1363 1575 1408 latas
1591 1399 1602 1419 ,
1624 1363 1786 1422 eligant

392 1436 505 1480 viam
524 1444 748 1493 angustam
762 1470 772 1490 ,
795 1434 871 1478 ubi
883 1436 972 1494 jam
991 1450 1120 1494 supra
1139 1443 1307 1494 petram
1326 1433 1617 1494 quorumdam
1633 1433 1787 1478 directi

394 1515 497 1551 sunt
519 1522 686 1565 gressus
708 1522 716 1547 ε
744 1505 852 1565 quid
874 1504 1015 1549 faeere
1032 1504 1244 1557 debeant,
1270 1503 1451 1548 audiant
1471 1503 1619 1549 modo.
1651 1507 1788 1549 «Bea-

398 1596 418 1620 >›
454 1587 523 1621 tus
544 1577 612 1622 vir
631 1578 754 1637 eujus
777 1586 841 1620 est
869 1591 1029 1621 nomen
1053 1576 1226 1620 Domini
1247 1591 1342 1636 spes
1364 1577 1455 1636 ejus
1470 1611 1481 1631 ,
1513 1585 1556 1620 et
1584 1591 1675 1620 non
1697 1591 1788 1619 res-

398 1666 419 1687 »
453 1649 574 1704 pexit
596 1648 643 1691 in
677 1648 887 1692 vanitates
915 1656 959 1690 et
986 1647 1172 1691 insanias
1202 1645 1478 1690 mendaees3.
1506 1664 1526 1688 »
1553 1649 1666 1691 Eece
1701 1662 1790 1706 qua

394 1716 572 1760 volebas
596 1715 679 1769 ire,
707 1731 806 1758 ecee
830 1718 955 1757 turba
987 1719 1067 1761 viae
1093 1716 1194 1762 latae
1215 1737 1224 1762 :
1256 1733 1346 1761 non
1374 1716 1534 1762 frustra
1554 1718 1644 1777 ipsa
1669 1715 1792 1761 duci-t

396 1787 450 1832 ad
474 1786 860 1846 amphitheatrum,
883 1800 973 1828 non
994 1782 1152 1828 frustra
1167 1784 1258 1844 ipsa
1275 1783 1399 1829 ducit
1420 1787 1475 1829 ad
1493 1797 1692 1830 mortem.
1711 1788 1792 1831 Via

396 1857 482 1902 lata
504 1855 725 1901 mortifera
745 1865 808 1900 est
829 1874 838 1900 2
862 1853 1048 1899 latitudo
1070 1856 1160 1914 ejus
1182 1854 1371 1900 delectat
1391 1857 1448 1899 ad
1469 1865 1641 1916 tempus
1657 1891 1668 1912 ,
1693 1856 1793 1900 finis
1836 1860 1838 1863 ’

399 1930 490 1989 ejus
514 1937 722 1987 angustus
739 1927 785 1970 in
803 1935 1031 1970 aeternum.
1055 1924 1140 1971 Sed
1157 1925 1299 1970 turbae
1313 1935 1529 1987 strepunt,
1550 1928 1692 1972 turbae
1706 1927 1793 1972 fes-

398 1999 541 2044 tinant
557 2034 568 2054 ,
594 1999 735 2042 turbae
755 1996 1054 2052 collaetantur,
1079 1996 1222 2041 turbae
1244 2007 1528 2042 concurrunt.
1560 1998 1658 2044 Noli
1689 1998 1792 2042 imi-

398 2070 501 2125 tari,
528 2068 618 2113 noli
636 2069 793 2125 averti,
816 2068 1028 2113 vanitates
1052 2077 1177 2124 sunt,
1194 2077 1236 2113 et
1258 2069 1435 2114 insaniae
1457 2069 1702 2114 mendaces
1731 2069 1795 2114 Sit

399 2141 612 2186 Dominus
634 2143 748 2184 Deus
769 2148 867 2183 tuus
890 2153 985 2198 spes
1008 2147 1080 2182 tua
1099 2157 1107 2182 :
1129 2154 1219 2183 non
1241 2138 1360 2183 aliud
1377 2138 1545 2200 aliquid
1562 2156 1586 2184 a
1607 2139 1794 2184 Domino

400 2214 492 2256 Deo
514 2219 592 2255 tuo
615 2225 773 2270 speres,
803 2208 879 2254 sed
899 2209 989 2268 ipse
1012 2209 1220 2253 Dominus
1243 2218 1344 2254 tuus
1366 2210 1419 2254 sit
1435 2225 1530 2269 spes
1547 2219 1637 2254 tua.
1662 2212 1796 2254 Nam-

400 2297 488 2342 que
505 2279 635 2325 multi
648 2279 702 2324 de
717 2284 806 2325 Deo
828 2288 1003 2340 sperant
1024 2279 1271 2338 pecuniam,
1293 2280 1420 2324 multi
1438 2279 1492 2324 de
1510 2283 1598 2324 Deo
1620 2289 1796 2339 sperant

400 2353 589 2397 honores
612 2351 798 2396 caducos
822 2361 866 2395 et
885 2351 1099 2411 perituros
1113 2385 1123 2405 ,
1150 2350 1269 2394 aliud
1287 2350 1517 2411 quodlibet
1534 2367 1558 2395 a
1574 2353 1665 2395 Deo
1683 2365 1796 2410 prae-

403 2432 469 2467 ter
492 2423 634 2482 ipsum
658 2426 796 2467 Deum
814 2421 914 2469 :sed
934 2431 983 2466 tu
998 2422 1140 2481 ipsum
1157 2424 1292 2466 Deum
1314 2432 1439 2466 tuum
1460 2432 1559 2481 pete
1577 2423 1794 2467 :imovero

451 2515 460 2531 ¹
482 2508 559 2540 Psal.
578 2519 650 2550 cxx,
673 2519 702 2550 1,
722 2517 753 2539 2.
771 2525 813 2530 —-
832 2507 941 2539 21bid.
964 2516 995 2539 2.
1021 2523 1059 2529 -·
1080 2504 1092 2529 3
1113 2507 1158 2539 ld.
1177 2517 1286 2547 xxxix,
1306 2506 1337 2538 5.
