1841 3223
413 225 495 264 106
837 235 869 260 s.
906 231 1135 260 Aucusrnu
1168 233 1348 260 nrrscorr

410 305 517 348 Nam
536 309 578 344 et
598 301 642 344 in
662 300 802 358 eapite
825 313 903 342 suo
932 299 1073 357 justus
1092 298 1170 342 iste
1205 307 1421 353 tentatus,
1445 298 1529 342 hoc
1550 299 1787 357 respondit.

409 371 597 426 Quando
633 370 749 413 enim
781 369 862 427 ipsi
894 369 1079 413 Domino
1106 370 1311 413 esurienti
1342 379 1387 413 et
1422 367 1582 413 famem
1611 370 1793 429 patienti

408 441 608 487 diabolus
631 440 713 484 ait:
740 458 760 481 «
787 440 863 483 Dic
878 439 1096 499 lapidibus
1119 442 1208 485 istis
1224 450 1274 485 ut
1296 456 1427 500 panes
1448 441 1554 484 fiant
1574 475 1585 494 ‚
1612 455 1793 498 respon-

412 531 432 555 »
454 512 518 556 dit
542 530 551 556 :
576 513 673 555 Non
699 510 744 553 in
766 509 858 555 solo
880 526 992 570 pane
1013 512 1120 556 vivit
1146 512 1305 566 homo,
1332 512 1408 555 sed
1435 512 1480 555 in
1510 512 1627 555 omni
1659 511 1796 556 verbo

411 601 433 625 a>
460 582 535 627 Dei
552 584 580 625 ¹.
595 600 615 623 »
629 581 810 635 Deinde,
833 580 986 626 fratres
1004 584 1106 638 mei,
1127 582 1354 636 attendite,
1373 581 1551 642 qnando
1565 597 1655 626 non
1667 582 1798 626 faciat

402 656 545 715 justus
572 652 843 697 voluntatem
867 654 958 697 Dei.
981 656 1159 712 Semper
1180 654 1293 696 enim
1328 653 1459 707 facit,
1484 661 1528 696 et
1553 652 1797 698 secundum

408 724 680 770 voluntatem
707 725 798 783 ejus
834 722 955 767 vivit.
982 723 1192 768 Voluntas
1225 722 1302 766 Dei
1336 723 1391 766 de
1423 723 1553 767 corde
1584 724 1676 783 ejus
1707 738 1798 768 non

408 795 608 841 recedit:
634 795 736 855 quia
773 794 1113 853 voluntasngei,
1151 795 1244 854 ipsa
1279 803 1343 838 est
1374 793 1444 838 lex
1476 795 1566 838 Dei.
1603 797 1661 838 Et
1688 793 1798 855 quid

408 867 577 912 dictum
600 875 663 910 est
684 865 740 910 de
770 865 875 909 tali?
899 884 920 908 «
953 867 1010 909 Et
1036 866 1082 908 in
1109 864 1205 924 lege
1230 865 1323 924 ejus
1347 863 1630 909 meditabitur
1655 864 1726 909 die
1748 880 1797 910 ac

411 956 432 980 »
459 939 626 982 nocte2.
650 954 670 977 »
691 939 853 980 Panem
874 936 1002 979 istum
1023 934 1260 979 manducas
1277 951 1366 980 una
1386 936 1514 991 hora,
1535 945 1579 980 et
1591 935 1795 994 dimittis3

406 1024 566 1070 panem
585 1007 711 1051 illum
732 1007 871 1062 verbi,
891 1006 963 1051 die
976 1023 1024 1052 ac
1039 1016 1184 1051 nocte.
1207 1007 1394 1061 Quando
1417 1007 1534 1051 enim
1555 1007 1703 1063 audis,
1722 1016 1799 1052 aut

408 1079 587 1141 quando
602 1078 708 1137 legis
725 1113 737 1133 ‚
763 1076 1022 1134 manducas3
1046 1076 1223 1138 quando
1244 1077 1347 1123 inde
1368 1078 1530 1136 cogitas
1545 1113 1556 1132 ‚
1582 1078 1795 1133 ruminas,

408 1161 458 1196 ut
479 1152 533 1195 sis
554 1149 712 1195 animal
732 1149 947 1193 mundum
962 1185 972 1205 ‚
992 1165 1082 1194 non
1098 1149 1377 1193 immundum
1395 1142 1563 1203 ³.Qu'od
1584 1149 1798 1208 significat

407 1222 536 1266 etiam
555 1222 771 1281 Sapientia
783 1236 860 1280 per
870 1220 1146 1265 Salomonem
1159 1220 1306 1265 dicens
1323 1239 1362 1264 t«
1376 1221 1619 1265 Thesaurus
1632 1219 1798 1264 deside-

405 1311 425 1334 »
447 1291 590 1336 rabilis
614 1291 844 1351 requiescit
862 1291 908 1334 in
922 1306 996 1335 ore
1015 1291 1216 1350 sapientis
1229 1310 1239 1347 ς
1253 1291 1320 1334 v'ir
1336 1299 1483 1334 autem
1496 1290 1654 1334 stultus
1668 1289 1798 1349 glutit

407 1362 570 1406 »illum
585 1363 616 1406 4.
645 1379 664 1403 η
687 1362 772 1415 Qui
793 1361 909 1404 euim
926 1360 1082 1420 glutit,
1101 1370 1153 1404 ut
1175 1375 1264 1404 non
1285 1361 1331 1403 in
1353 1359 1429 1405 illo
1452 1369 1658 1420 appareat
1677 1359 1799 1420 quod

405 1435 597 1489 voravit,
618 1432 780 1478 oblitus
794 1443 858 1477 est
878 1434 998 1493 quod
1021 1431 1200 1476 audivit.
1224 1431 1309 1485 Qui.
1332 1442 1478 1476 autem
1498 1447 1587 1477 non
1609 1441 1672 1476 est
1690 1431 1800 1476 obli-

406 1514 492 1560 tus,
513 1506 693 1563 cogitat,
719 1513 762 1547 et
783 1502 1018 1562 cogitando
1033 1502 1239 1557 ruminat,
1263 1502 1524 1547 ruminando
1537 1501 1797 1547 delectatur.

413 1577 535 1621 Unde
556 1576 742 1620 dicitur:
768 1593 788 1616 «
812 1574 1028 1633 Cogitatio
1059 1582 1206 1618 sancta
1235 1573 1424 1628 servabit
1454 1575 1542 1617 tef’.
1569 1590 1590 1613 n
1616 1576 1673 1617 Et
1700 1587 1801 1618 ecce

407 1649 442 1693 si
461 1657 603 1692 servat
619 1656 661 1691 te
697 1645 742 1690 in
769 1645 1060 1690 ruminatione
1092 1644 1215 1704 panis
1236 1645 1366 1705 hujus
1386 1654 1536 1689 sancta
1566 1644 1797 1704 cogitatio,

412 1738 433 1761 ι(
463 1721 700 1779 Nunquam
729 1716 873 1762 vidisti
905 1718 1074 1778 justum
1108 1714 1390 1771 derelictum,
1417 1730 1498 1760 nec
1533 1729 1682 1760 semen
1708 1716 1801 1774 ejus

412 1809 434 1832 »
459 1805 658 1850 quaerens
680 1804 853 1849 panem.
880 1806 901 1829 »

468 1863 543 1906 VI.
566 1880 585 1903 «
617 1864 723 1905 Tota
743 1860 814 1904 die
846 1859 1087 1914 miseretur,
1113 1867 1157 1903 et
1172 1856 1415 1902 foeneratur
1437 1858 1470 1901 ⁰.
1496 1862 1751 1901 Foeneratur
1773 1873 1796 1899 1)

409 1933 587 1994 quidem
606 1932 738 1976 latine
749 1931 924 1985 dicitur,
955 1940 999 1975 et
1021 1931 1096 1991 qui
1115 1931 1191 1974 dat
1212 1938 1439 1984 mutuum,
1458 1929 1592 1989 etqui
1615 1929 1797 1988 accipit:

409 2003 581 2064 planius
603 2004 687 2048 boc
708 2012 853 2047 autem
875 2001 1049 2057 dicitur,
1080 2001 1113 2045 si
1135 2000 1329 2045 dicamus
1355 2018 1375 2042 «
1402 2000 1604 2043 foenerat.
1635 2018 1654 2040 »
1682 1998 1802 2052 Quid

409 2074 464 2119 ad
486 2090 564 2118 nos
586 2074 693 2134 quid
716 2073 983 2132 grammatici
1003 2071 1138 2116 velint
1155 2074 1173 2116 P
1190 2070 1345 2116 Melius
1359 2071 1405 2115 in
1423 2070 1690 2114 barbarismo
1705 2084 1803 2114 nos-

413 2154 478 2190 tro
500 2159 576 2189 vos
594 2144 847 2203 intelligitis,
873 2159 1004 2204 quam
1029 2143 1075 2187 in
1103 2152 1249 2188 nostra
1271 2140 1574 2186 disertitudine
1601 2154 1677 2185 vos
1718 2141 1801 2184 de-

408 2215 508 2261 serti
529 2216 659 2260 eritis.
687 2218 802 2273 Ergo
810 2215 951 2275 justus
973 2214 1051 2258 iste
1074 2216 1209 2258 «Tota
1233 2214 1303 2257 die
1326 2213 1569 2266 miseretur,
1591 2221 1636 2256 et
1655 2211 1801 2256 {bene-

412 2305 433 2329 »
449 2297 528 2332 rat.
557 2306 576 2329 n
620 2286 705 2331 Sed
734 2301 822 2330 non
846 2285 1064 2345 gaudeant
1088 2283 1384 2329 foeneratores.
1411 2283 1662 2327 Invenimus
1685 2282 1802 2327 enim

409 2357 645 2418 quemdam
656 2356 977 2411 foeneratorem,
993 2356 1104 2400 sicut
1115 2356 1360 2400 invenimus
1372 2353 1604 2415 quemdam
1619 2367 1797 2413 panem:

408 2438 458 2474 ut
480 2428 645 2488 ubique
679 2436 828 2488 aperto
861 2436 978 2473 tecto
1005 2428 1306 2487 perveniamus
1336 2426 1391 2472 ad
1411 2426 1650 2472 Christum.
1687 2425 1800 2471 Nolo

454 2531 465 2547 ¹
485 2523 599 2556 Matth.
620 2534 665 2565 iv,
686 2524 717 2564 3,
739 2522 767 2563 4.
797 2540 838 2546 -
859 2530 871 2546 ²
901 2523 984 2555 Psal.
1017 2531 1154 2564 1790—
1183 2521 1419 2556 3Lev1t.1.—
1438 2520 1453 2549 4
1469 2522 1564 2554 Prov.
1584 2532 1650 2563 xxi,
1671 2529 1725 2554 20.
1748 2537 1788 2544 --

408 2577 487 2611 ⁵121.
510 2591 545 2617 ιι,
565 2590 614 2610 ιι.
635 2596 675 2602 —
692 2577 707 2600 ‘5
734 2578 812 2611 psal.
835 2589 946 2619 xxxvi,
967 2579 1020 2610 QG.
