1841 3223
222 249 464 280 ENAanA‘rlo
497 254 510 280 1
544 254 588 280 IN
621 252 824 282 PSALMUM
856 255 1018 294 XLvm,
1053 254 1179 283 SERM.
1216 258 1245 283 1.
1342 246 1426 284 369

46 313 218 359 Psalmo
245 333 254 360 ε
283 334 303 358 «
327 315 473 361 Edent
493 331 724 377 pauperes,
749 327 792 363 et
813 319 1139 364 saturabuntur.
1160 321 1428 373 »Quomodo

43 384 366 431 commendavit
387 388 660 446 pauperes?«
680 387 826 433 Edent
845 404 1078 449 pauperes,
1103 398 1146 434 et
1165 390 1430 435 saturabun-

47 471 69 495 »
103 462 190 499 tur.
219 472 239 496 »
265 455 383 508 Quid
403 454 571 500 edunt?
592 456 723 509 Quod
744 457 887 502 sciunt
909 457 1072 503 fideles.
1098 460 1330 512 Quomodo
1362 476 1430 505 sa-

44 524 342 570 turabuntur?
364 525 581 570 Imitando
598 526 841 585 passionem
864 528 1037 572 Domini
1058 528 1140 584 sui,
1167 538 1210 574 et
1227 545 1315 574 non
1338 531 1430 575 sine

44 609 172 640 causa
211 594 464 655 accipiendo
491 596 682 656 pretium
709 611 851 640 suum.
888 616 908 639 «
934 597 1080 642 Edent
1109 614 1321 659 pauperes
1337 635 1348 655 ,
1386 611 1431 646 et

47 683 68 708 »
101 666 442 722 saturabuntur,
473 676 516 711 et
537 665 784 711 laudabunt
812 667 1047 712 Dominum
1064 703 1075 723 ,
1101 669 1178 729 qui
1200 672 1430 731 requirunt

47 755 68 778 »
102 740 247 781 eum'.
275 754 296 778 n
320 736 482 782 Divites
500 737 636 797 quid?
653 737 796 781 Etiam
817 737 898 798 ipsi
920 737 1073 782 edunt.
1101 739 1184 784 Sed
1207 741 1430 800 quomodo

44 807 212 851 edunt?
247 826 267 850 «
291 807 669 853 Manducaverunt
700 816 744 852 et
777 808 1069 852 adoraverunt
1106 823 1254 854 omnes
1276 810 1430 856 divites

47 896 67 920 η
101 886 228 922 terrae
241 881 275 921 2.
313 896 335 919 »
369 880 468 922 Non
500 876 637 933 dixit,
674 896 694 919 «
724 877 1103 923 Manducaverunt
1124 915 1134 935 ,
1176 890 1220 924 et
1251 882 1430 926 saturati

43 958 171 1007 sunt3
195 967 215 991 »
237 948 314 993 sed
328 983 339 1004 ‚
363 948 741 994 Manducaverunt
758 984 768 1003 ,
790 959 833 993 et
852 949 1154 995 adoraverunt.
1187 972 1203 993 »
1231 951 1430 996 Adorant

43 1019 221 1081 quidem
241 1022 381 1063 Deum
398 1053 409 1074 ‚
441 1017 516 1063 sed
533 1018 852 1063 humanitatem
874 1019 1033 1064 nolunt
1054 1020 1259 1065 exhibere
1277 1021 1431 1066 frater-

42 1104 159 1134 nam.
184 1088 454 1134 Manducant
469 1087 558 1144 illi,
584 1097 628 1132 et
645 1087 850 1146 adorant,
874 1089 1143 1135 manducant
1163 1090 1231 1135 isti
1254 1101 1295 1136 et
1317 1101 1430 1136 satu-

43 1168 224 1204 rantur:
263 1169 409 1204 tamen
437 1173 586 1204 omnes
618 1157 901 1203 manducant.
940 1159 1138 1218 Exigitur
1159 1159 1214 1205 de
1240 1161 1430 1207 mandu-

42 1240 168 1276 cante
183 1229 303 1291 quod
320 1229 578 1287 manducatj,
596 1246 685 1275 non
707 1230 993 1289 prohibeatur
1015 1232 1280 1277 manducare
1298 1249 1321 1277 a
1340 1233 1428 1278 dis-

42 1306 292 1362 pensatore,
317 1301 392 1346 sed
409 1310 638 1346 moneatur
654 1301 806 1345 timere
829 1311 1086 1347 exactorem.
1112 1304 1307 1349 Audiant
1328 1321 1430 1364 ergo

41 1373 121 1418 ista
151 1383 398 1433 peccatores
433 1381 477 1417 et
500 1372 628 1433 justi,
667 1382 814 1432 gentes
843 1382 885 1417 et
918 1374 993 1433 qui
1015 1375 1216 1419 habitant
1248 1377 1425 1434 orbem,

46 1462 66 1485 «
94 1443 337 1502 Terrigenae
365 1451 409 1487 et
436 1442 512 1486 filii
545 1442 798 1497 hominum,
844 1443 971 1487 simul
993 1444 1038 1487 in
1071 1460 1210 1488 unum
1246 1445 1364 1490 dives
1387 1457 1430 1492 et

43 1531 65 1554 »
87 1529 253 1573 pauper
274 1532 283 1559 ε
311 1531 332 1554 »
358 1529 448 1558 non
471 1511 611 1567 divisi,
636 1528 725 1558 non
743 1514 940 1573 separati.
969 1517 1156 1574 Tempus
1178 1516 1326 1560 messis
1343 1517 1427 1562 hoc

41 1583 198 1639 faciet,
237 1598 392 1628 manus
425 1582 692 1628 ventilatoris
726 1584 810 1628 hoc
844 1583 1046 1642 poterit³.
1084 1587 1210 1629 Nunc
1233 1586 1360 1631 simul
1382 1587 1428 1631 in

37 1670 177 1699 unum
198 1654 378 1699 audiant
399 1654 518 1698 dives
539 1664 582 1699 et
603 1670 770 1714 pauper
787 1690 797 1710 ,
819 1654 948 1699 simul
968 1655 1013 1699 in
1035 1671 1173 1700 unuin
1195 1668 1428 1716 pascantur

36 1725 158 1769 hoedi
179 1734 223 1769 et
243 1725 342 1783 agni
359 1759 371 1781 ,
391 1725 532 1770 donec
552 1725 699 1769 veniat
715 1759 725 1779 ,
752 1725 828 1785 qui
852 1735 1046 1784 segreget
1067 1726 1172 1771 alios
1194 1728 1249 1771 ad
1271 1727 1425 1773 dexte-

37 1811 152 1851 ram,
177 1795 282 1840 alios
303 1795 360 1839 ad
383 1795 644 1840 sinistram⁴.
675 1794 811 1840 Simul
833 1795 879 1838 in
899 1811 1036 1840 unum
1061 1796 1241 1841 audiant
1259 1799 1425 1843 docen-

37 1874 126 1910 tem
140 1901 152 1920 ,
171 1881 227 1910 ne
247 1864 457 1924 segregati
479 1864 535 1909 ab
557 1864 743 1908 invicem
763 1865 942 1909 audiant
957 1865 1243 1924 judicantem.

96 1938 174 1980 IV.
209 1938 268 1980 Et
287 1934 397 1995 quid
413 1943 478 1979 est
502 1933 623 1994 quod
650 1949 769 1979 nunc
795 1933 986 1979 audituri
1003 1938 1129 1980 sunt?
1156 1955 1176 1978 «
1199 1939 1258 1982 Os
1277 1953 1425 1984 meum

41 2021 62 2047 υ
95 2004 302 2065 loquetur
318 2004 589 2064 sapientiam,
610 2012 654 2048 et
669 2003 894 2049 meditatio
916 2004 1056 2050 cordis
1077 2006 1163 2050 mei
1180 2007 1427 2068 intelligen-

37 2093 59 2117 ι
95 2075 246 2119 tiam5.
275 2092 296 2116 »
319 2077 376 2119 Et
392 2075 487 2119 haec
505 2074 687 2134 repetita
709 2074 869 2133 potius,
898 2090 953 2118 ne
972 2076 1084 2120 forte
1102 2092 1201 2121 cum
1225 2078 1421 2125 dixisset:

41 2161 63 2187 «
88 2146 146 2190 Os
169 2159 312 2189 meum
331 2179 342 2200 ‚
364 2162 386 2186 »
411 2143 674 2203 intelligeres
697 2160 796 2188 eum
833 2144 912 2189 tibi
940 2145 1089 2206 loqui,
1124 2147 1201 2207 qui
1234 2148 1279 2192 in
1299 2148 1424 2194 labiis

38 2214 217 2259 haberet
247 2213 516 2274 sapientiam.
546 2212 677 2258 Multi
698 2213 814 2258 enim
841 2215 1008 2260 habent
1030 2215 1075 2259 in
1092 2215 1218 2261 labiis
1234 2252 1245 2272 ‚
1271 2227 1314 2262 et
1332 2234 1424 2264 non

38 2283 205 2329 habent
237 2284 302 2328 in-
319 2282 451 2329 corde
468 2317 479 2338 ,
503 2282 558 2327 de
580 2283 741 2343 quibus
772 2283 877 2328 dicit
911 2285 1129 2344 Scriptura
1153 2304 1162 2330 :
1187 2305 1207 2328 «
1228 2288 1424 2346 Populus

41 2372 63 2397 η
95 2354 175 2400 iste
209 2354 333 2399 labiis
370 2369 440 2398 me
471 2355 683 2409 honorat,
717 2369 791 2399 cor
824 2363 970 2398 autem
989 2370 1141 2399 eorum
1162 2354 1292 2415 longe
1314 2368 1378 2403 est
1399 2375 1423 2405 a

43 2441 64 2466 »
98 2439 168 2469 me
182 2425 215 2468 ⁶.
246 2442 268 2466 »
296 2424 414 2478 Quid
450 2439 552 2483 ergo
583 2423 643 2468 ait
673 2423 747 2468 ille
779 2424 856 2484 qui
877 2425 955 2468 tibi
976 2424 1202 2486 loquitur?
1222 2427 1299 2487 qui
1320 2444 1422 2474 cum

87 2527 96 2544 ¹
117 2520 198 2553 Psal.
213 2530 281 2562 xxi,
303 2529 358 2563 27.
384 2537 426 2544 -—
445 2527 458 2544 ²
476 2519 556 2552 Ibid.
579 2519 633 2553 30.
648 2535 692 2543 —
717 2517 731 2542 3
749 2519 863 2552 Matth.
884 2530 933 2561 ιιι,
959 2529 1009 2552 ¹2.
1026 2537 1068 2544 --
1089 2520 1106 2546 l.
1124 2522 1172 2555 Id.
1192 2534 1278 2563 xxv,
1295 2524 1349 2566 32,
1365 2526 1420 2559 33.

41 2591 84 2599 —
98 2574 113 2600 ⁵
126 2576 209 2610 Psal.
226 2587 337 2619 xum,
361 2575 393 2620 4.
416 2588 453 2602 -ὺ
473 2574 666 2618 61saixx1x,
689 2575 739 2608 13.

225 2640 330 2672 CXV.
1132 2631 1185 2671 24,
