1841 3223
358 275 600 304 nnuma-rio
633 277 677 303 m
710 273 912 303 PsALMUM
946 274 1066 300 xiix,
1328 259 1406 300 421

28 341 298 386 Praenuntiat
322 343 643 386 Testamentum
657 343 850 389 Novum,
869 339 943 383 ubi
959 329 1101 383 onmia
1120 337 1191 382 illa
1207 337 1412 383 sacrificia
1444 345 1446 347 ’

26 421 170 456 vetera
192 422 480 456 cessaverunt.
502 415 638 455 Erant
666 411 783 454 enim
802 420 906 454 tune
929 410 1265 469 praenuntiantia
1289 408 1413 454 futu-

26 498 121 527 rum
145 482 368 544 quoddam
390 482 644 527 sacrificium
663 516 675 538 ‚
700 483 823 543 cujus
843 483 1051 540 sanguine
1081 482 1410 527 mundaremur.

28 571 49 594 »
74 556 170 598 Non
193 552 401 613 accipiam
428 551 483 597 de
504 552 636 597 domo
655 561 730 596 tua
752 552 933 607 vitulos,
965 568 1108 613 neque
1131 553 1186 597 de
1211 553 1414 612 gregibus

27 641 48 664 »
72 623 156 667 tuis
177 623 335 668 hircos.
367 642 385 663 »

84 695 223 737 XVII.
244 712 262 733 «
282 693 497 747 Quoniam
516 708 623 736 meae
635 701 737 736 sunt
751 708 899 736 omnes
913 693 1059 737 bestiae
1075 692 1206 751 sylva:
1222 696 1281 737 ¹.»
1302 693 1415 746 Quid

24 780 46 808 a
73 773 112 808 te
133 780 326 824 quaeram
361 763 482 825 quod
512 778 590 822 ego
621 763 828 807 condidi?
849 764 1065 822 Magis-ne
1086 774 1150 808 est
1172 766 1253 808 hoc
1285 775 1413 809 tuum

24 835 95 879 eui
117 835 336 894 possidere
359 834 481 889 dedi,
497 850 627 894 quam
643 850 789 878 meum
811 834 884 894 qui
903 834 1015 879 feci?J
1037 855 1056 877 «
1078 836 1291 888 Quoniam
1307 851 1415 879 meae

27 923 46 945 »
67 914 170 948 sunt
182 920 331 948 omnes
342 904 489 948 bestiae
503 904 650 963 sylvae.
672 923 691 945 υ
709 904 791 949 Sed
806 905 918 948 sorte
936 904 1079 948 aitille
1093 905 1242 950 Isra'e'l:
1262 907 1414 950 Bestiae

23 976 99 1019 Dei
121 985 243 1030 sunt,
264 974 350 1019 illae
369 971 515 1019 b'estiae
540 974 640 1018 ferae
655 991 760 1036 quas
778 992 867 1020 non
886 975 1063 1020 includo
1078 977 1120 1020 in
1136 977 1286 1021 chorte
1299 993 1411 1033 mea,

23 1062 129 1106 quas
145 1062 233 1090 non
247 1045 375 1104 alligo
391 1046 444 1090 ad
460 1062 652 1106 praesepe
669 1062 811 1090 meum
831 1056 1059 1091 :caeterum
1078 1047 1153 1091 bos
1167 1047 1239 1091 ille
1255 1049 1411 1104 etovis,

24 1116 223 1160 ethircus
241 1151 250 1171 ‚
265 1131 360 1160 mea
378 1126 479 1160 sunt
497 1117 605 1160 haec.
629 1136 647 1157 «
673 1120 831 1160 Peeora
854 1118 897 1160 in
920 1118 1141 1161 montibus
1155 1128 1197 1162 et
1218 1118 1365 1162 boves.
1389 1137 1410 1160 n

23 1191 119 1233 Mea
139 1198 241 1232 sunt
261 1188 335 1233 illa
357 1205 457 1249 quae
478 1205 567 1233 non
585 1189 776 1248 possides
790 1225 800 1243 ,
826 1205 920 1233 mea
939 1200 1040 1234 sunt
1062 1191 1138 1234 ista
1159 1207 1257 1251 quse
1279 1192 1416 1250 possi-

24 1258 113 1303 des.
150 1259 193 1303 Si
227 1260 344 1303 enim
368 1275 514 1303 servus
542 1275 664 1303 meus
690 1275 732 1303 es
765 1269 838 1314 tu,
874 1269 1014 1304 totum
1038 1260 1258 1320 peculium
1287 1271 1413 1306 tuum

23 1345 170 1373 meum
193 1339 270 1374 est.
303 1333 455 1391 Neque
487 1331 602 1374 enim
636 1340 699 1375 est
730 1331 952 1390 peculium
985 1333 1157 1377 Domini
1187 1332 1306 1393 quod
1334 1334 1415 1377 sibi

23 1416 170 1445 servus
191 1402 479 1461 comparavit,
504 1411 547 1446 et
563 1418 651 1446 non
667 1403 747 1447 erit
762 1403 980 1462 peculium
999 1404 1169 1448 Domini
1189 1404 1307 1463 quod
1325 1405 1415 1464 ipse

23 1472 234 1516 Dominus
248 1487 370 1515 servo
383 1472 557 1516 creavit.
570 1475 686 1531 Ergo
701 1489 810 1516 meae
823 1484 924 1517 sunt
939 1475 1086 1517 bestiae
1098 1475 1230 1532 sylvse
1247 1491 1352 1535 quas
1365 1485 1414 1519 tn

23 1558 113 1587 non
124 1543 299 1603 cepisti·⁷
318 1558 410 1587 mea
429 1552 587 1587 suntet
602 1558 755 1602 pecora
777 1545 822 1587 in
837 1544 1058 1588 montibus
1079 1561 1178 1604 quae
1191 1555 1292 1590 sunt
1307 1555 1379 1590 tua
1398 1580 1409 1600 ‚

26 1623 70 1657 et
91 1613 223 1658 boves
257 1614 332 1674 qui
368 1623 470 1658 sunt
492 1613 546 1658 ad
575 1630 768 1675 praesepe
796 1623 921 1658 tuum
949 1634 957 1659 :
991 1616 1133 1660 omnia
1167 1631 1260 1660 mea
1288 1627 1412 1675 sunt,

24 1699 124 1744 quia
141 1699 222 1742 ego
243 1699 384 1727 creavl
402 1699 465 1728 ea.

83 1756 249 1798 XVIII.
281 1773 300 1795 «
336 1754 531 1811 Cognovi
565 1754 710 1799 omnia
738 1754 929 1798 volatilia
960 1753 1106 1799 eoeli‘2.
1134 1777 1150 1797 »
1181 1757 1413 1809 Quomodo

25 1813 508 1882 cognouit?Appendit‚
528 1824 785 1867 numeravit.
805 1825 909 1876 Quis
926 1834 1121 1869 nostrum
1137 1828 1414 1875 novitomnia

25 1892 216 1938 volatilia
237 1892 370 1937 coeli?
392 1892 476 1938 Sed
499 1902 541 1936 et
562 1893 595 1937 si
618 1892 746 1936 alicui
770 1896 882 1937 Deus
906 1894 1191 1939 dctnotitiam
1216 1899 1412 1942 omnium

25 1962 267 2009 volatilium
291 1962 418 2018 coeli,
445 1979 532 2007 non
556 1963 615 2008 sic
637 1964 726 2023 ipse
751 1964 893 2017 novit,
920 1974 970 2009 ut
991 1964 1066 2009 dat
1085 1982 1207 2010 nosse
1229 1968 1409 2014 homini.

26 2033 120 2079 Alia
143 2043 205 2077 est
227 2034 378 2077 notitia
398 2033 499 2088 Dei,
523 2033 603 2077 alia
622 2034 833 2078 hominis:
858 2035 968 2078 sieut
987 2034 1067 2079 alia
1086 2039 1293 2096 possessio
1319 2040 1410 2094 Dei,

27 2104 108 2148 alia
128 2103 338 2161 hominis3
362 2103 407 2147 id
430 2112 492 2147 est
507 2139 518 2157 ‚
557 2102 675 2147 aliud
697 2113 760 2147 est
795 2103 1012 2163 possidere
1036 2107 1110 2149 Dei
1133 2142 1143 2161 ‚
1171 2106 1287 2152 aliud
1311 2125 1412 2168 pos-

27 2174 166 2218 sidere
193 2173 395 2217 hominis.
414 2176 511 2218 Non
543 2173 659 2216 enim
698 2183 748 2217 tu
774 2174 891 2234 quod
917 2176 1105 2234 possides
1122 2212 1132 2231 ,
1158 2186 1300 2222 totum
1333 2181 1413 2223 ha-

27 2243 103 2288 bes
131 2245 174 2287 in
208 2253 440 2304 potestate,
465 2253 540 2288 aut
556 2244 752 2304 quandiu
773 2246 890 2290 vivat
913 2246 990 2290 bos
1012 2256 1134 2302 tuus,
1160 2248 1204 2291 in
1238 2258 1312 2293 tua
1334 2266 1414 2309 po-

27 2323 180 2359 testate
203 2324 293 2370 est,
322 2323 397 2359 aut
419 2324 471 2358 ut
497 2330 585 2359 non
609 2325 787 2374 pereat,
819 2326 895 2361 aut
922 2333 1011 2362 non
1035 2328 1249 2377 pascatur.
1281 2322 1413 2379 Apud

28 2399 159 2444 quem
176 2399 342 2428 summa
360 2393 547 2444 potestas
568 2394 654 2440 est,
679 2401 846 2430 summa
871 2395 914 2431 et
933 2397 1093 2432 secreta
1117 2390 1307 2448 cognitio
1329 2400 1408 2435 cst.

31 2455 290 2516 Tribuamus
322 2456 405 2500 hoc
432 2459 551 2511 Deo,
586 2455 813 2501 laudantes
853 2461 1007 2503 Deum.
1047 2462 1144 2505 Non
1177 2462 1412 2507 audeamus

30 2524 173 2570 dicere
202 2545 211 2570 :
236 2526 465 2578 Quomodo
486 2527 609 2571 novit
641 2530 785 2573 Deus?
816 2531 880 2573 Ne
902 2528 1014 2575 forte
1041 2530 1125 2576 hoc
1155 2547 1177 2576 a
1208 2548 1301 2588 me,
1328 2532 1415 2577 fra-

77 2616 87 2632 ¹
108 2610 188 2642 Psal.
209 2621 297 2651 πως,
323 2622 436 2643 10.—
454 2610 569 2643 ²1b3d.
597 2622 645 2642 11.
