1841 3223
363 260 415 295 88
813 267 845 293 s.
885 266 1113 293 Acccs'rmr
1147 266 1327 292 firmem-1

364 344 539 378 narouu·
558 337 567 359 ¹
591 354 597 376 :
625 340 897 376 arcesserunt
920 329 1013 374 salsi
1041 339 1166 374 testes
1189 329 1388 373 custodes
1407 327 1461 373 ad
1483 326 1746 388 sepulcrum.

384 404 612 448 {estu-rexit
639 403 709 445 ille
740 417 839 446 cum
863 410 985 445 tauto
1008 400 1218 445 miraculo
1237 436 1247 454 ‚
1274 409 1489 445 commota
1513 408 1624 442 tcrra
1649 411 1751 456 pro-

362 476 474 520 didit
490 474 723 519 Dominum
746 482 1060 531 resurgentem.
1083 475 1187 517 Erat
1201 471 1290 515 illic
1307 481 1349 515 ct
1371 481 1484 515 terra
1505 468 1753 513 custodiens

362 557 548 599 terram,
583 543 658 587 sed
694 552 805 587 terra
834 543 984 587 durior
1012 543 1171 588 mutari
1201 558 1291 586 nou
1328 542 1484 603 potuit.
1527 538 1754 585 Nuntiavit

360 632 461 661 vera
477 650 487 670 ‚
512 613 588 658 sed
609 613 786 658 seducta
810 623 873 658 cst
895 629 917 657 a
940 612 1060 657 falsa.
1088 614 1297 657 Dixcrunt
1325 614 1441 657 enim
1469 611 1533 656 illi
1554 609 1755 656 custodes

362 687 526 731 Juda’is
547 701 646 746 quae
665 685 875 738 viderint,
902 694 945 729 ct
966 684 1075 745 quid
1098 682 1262 728 factum
1285 684 1364 729 sit:
1391 690 1654 742 acceperunt
1675 695 1754 741 pe-

363 758 539 802 cuniam
555 792 566 812 ,
588 765 631 800 et
651 755 816 800 dictum
834 764 897 799 cst
918 756 976 799 cis
998 774 1006 800 ε
1036 773 1056 797 «
1077 755 1213 799 Dicite
1241 753 1362 815 quod
1388 753 1512 798 vobis
1535 751 1758 796 dormien-

363 847 387 871 )›
423 829 537 872 tibus
568 836 783 871 venerunt
809 826 1018 885 Discipuli
1046 827 1169 887 ejus,
1193 834 1237 869 et
1258 823 1535 869 abstulerunt
1557 824 1703 867 eum2.
1731 840 1752 864 »

361 903 476 944 Ecce
506 898 600 943 falsi
634 907 762 941 testes
794 906 837 940 et
870 904 1020 941 contra
1054 904 1365 954 resurgentem.
1402 896 1577 949 Quanta
1611 902 1758 938 autem

360 971 530 1014 caecitas
554 970 599 1013 111
616 967 730 1012 falsis
753 967 935 1012 testibus
952 1002 962 1022 ‚
988 975 1152 1028 quanta
1175 967 1344 1011 caecitas
1361 1001 1371 1021 ,
1398 966 1583 1009 fratres?
1607 964 1758 1009 Solent

361 1041 446 1084 hoc
466 1040 582 1083 enim
608 1039 697 1098 pati
715 1037 812 1083 falsi
833 1046 960 1082 testes
976 1073 986 1093 ,
1014 1046 1064 1082 ut
1085 1046 1376 1092 excaecentur,
1397 1045 1440 1081 et
1461 1044 1612 1081 contra
1630 1050 1673 1079 se
1691 1034 1759 1078 di-

359 1120 462 1154 cant
479 1111 716 1154 nescientes
733 1108 852 1153 unde
874 1117 1078 1169 appareat
1104 1109 1207 1170 quia
1230 1107 1326 1152 falsi
1347 1116 1450 1152 sunt
1473 1115 1616 1152 testes.
1641 1104 1759 1160 Quid

363 1182 479 1226 enim
507 1181 571 1225 illi
605 1190 756 1226 contra
784 1196 828 1226 se
853 1181 1088 1225 dixerunt?
1114 1200 1134 1222 «
1155 1182 1268 1226 Cum
1290 1179 1601 1233 dormiremus,
1631 1192 1762 1222 vene-

366 1271 387 1294 »
424 1261 528 1296 runt
550 1251 758 1311 Discipuli
778 1253 886 1312 ejus,
904 1260 947 1295 et
964 1250 1240 1295 abstulerunt
1261 1266 1377 1295 eum.
1397 1268 1417 1291 »
1439 1248 1557 1303 Quid
1572 1248 1760 1293 esthoci‘

362 1325 468 1377 Quis
485 1324 636 1383 estqui
650 1324 754 1367 dicit
773 1323 1068 1368 testimonium
1081 1323 1099 1366 P
1111 1322 1197 1375 Qui
1211 1321 1471 1366 dormiebat.
1491 1320 1667 1364 Talibus
1681 1334 1760 1377 ego

362 1395 641 1438 narrantibus
669 1409 759 1438 non
783 1392 1030 1447 crederem,
1056 1408 1136 1437 nec
1159 1393 1193 1437 si
1221 1392 1387 1437 somnia
1413 1407 1489 1435 sua
1509 1391 1617 1435 mihi
1640 1391 1761 1434 indi-

360 1474 523 1509 carent.
553 1463 694 1509 Stulta
721 1464 887 1507 insania
911 1463 920 1507 1
946 1464 981 1508 si
1008 1462 1239 1522 vigilabas,
1265 1477 1401 1524 quare
1426 1460 1682 1522 permisisti?
1716 1460 1760 1506 Si

368 1536 615 1580 dormiebas
631 1571 641 1590 ,
664 1534 784 1579 unde
809 1535 953 1579 scisti?

424 1609 590 1650 XVIII.
612 1606 679 1651 Sic
702 1615 745 1649 et
761 1605 851 1650 istis
873 1604 950 1649 filii
972 1620 1142 1660 eorum,
1162 1605 1273 1650 sicut
1293 1605 1565 1661 meministiss,
1592 1613 1635 1649 et
1646 1619 1763 1664 prae-

365 1675 699 1721 tcrmittendum
733 1692 783 1719 ex
814 1676 1041 1720 occasione
1075 1691 1166 1720 non
1194 1685 1271 1720 est.
1306 1679 1447 1721 Tanto
1481 1676 1616 1734 magis
1646 1676 1764 1720 enim

363 1748 574 1793 debemus
597 1762 939 1792 commemorare
960 1747 1199 1791 vanitatem
1221 1762 1396 1802 eorum,
1429 1756 1595 1807 quanto
1626 1747 1764 1806 magis

364 1819 600 1879 quaerimus
634 1817 819 1862 salutem
858 1833 1026 1862 eorum.
1061 1820 1176 1862 Ecce
1210 1832 1366 1876 corpus
1403 1817 1564 1862 Christi
1599 1817 1764 1876 patitur

363 1889 494 1933 salsos
507 1898 652 1944 testes,
674 1889 857 1933 sustinet
875 1904 1032 1948 corpus
1054 1887 1175 1949 quod
1189 1888 1408 1948 praecessit
1423 1888 1469 1931 in
1492 1888 1649 1948 capite.
1664 1891 1765 1933 Non

365 1961 526 2004 mirum
561 1968 646 2013 est,
672 1968 715 2002 et
743 1957 874 2004 modo
909 1974 1001 2003 nou
1027 1957 1185 2004 desunt
1217 1958 1388 2019 corpori
1419 1959 1579 2003 Christi
1602 1957 1764 2003 diffuso

363 2045 440 2090 per
462 2038 605 2073 totum
624 2029 777 2073 orbem
796 2038 1010 2073 terrarum
1028 2029 1104 2089 qui
1127 2028 1276 2073 dicant
1297 2048 1305 2073 ε
1332 2030 1566 2087 Progenies
1587 2029 1765 2074 tradito-

363 2116 477 2144 rum.
505 2099 681 2144 Falsum
706 2100 1003 2144 testimonium
1026 2099 1146 2143 dicis.
1186 2099 1254 2143 Ibi
1286 2108 1327 2143 te
1360 2101 1574 2145 convinco
1606 2099 1764 2145 falsum

364 2181 519 2216 testem
537 2207 547 2226 ‚
568 2181 740 2216 secutus
761 2186 899 2230 pauca
921 2171 1069 2216 verba.
1094 2173 1160 2215 Tu
1185 2170 1291 2214 mihi
1310 2170 1415 2215 dicis
1441 2188 1449 2212 :
1476 2171 1677 2217 Traditor
1699 2188 1759 2217 es.

362 2246 458 2303 Ego
481 2243 562 2287 tibi
584 2242 684 2287 dico
702 2262 710 2287 :
737 2241 923 2288 Mendax
939 2258 998 2287 es.
1028 2241 1112 2287 Sed
1130 2251 1179 2287 tu
1196 2241 1477 2287 traditionem
1497 2259 1639 2287 meam
1658 2259 1765 2289 nus-

362 2330 495 2374 quam
512 2315 559 2358 'el
586 2329 815 2374 nunquam
837 2314 994 2373 probas
1021 2333 1030 2358 :
1063 2328 1144 2372 ego
1172 2312 1451 2357 mendacium
1474 2323 1601 2358 tuum
1623 2315 1695 2360 hic
1717 2315 1764 2360 in

363 2385 452 2428 istis
472 2385 573 2444 ipsis
595 2385 738 2429 verbis
762 2385 845 2428 tuis
874 2383 1005 2428 modo
1028 2384 1183 2444 probo.
1217 2385 1345 2429 Certe
1372 2384 1433 2428 ibi
1457 2383 1626 2441 dixisti,
1659 2386 1762 2446 quia

365 2471 443 2499 nos
461 2456 656 2499 acuimus
675 2455 839 2514 gladios
863 2465 1031 2500 nostros
1050 2471 1059 2497 ε
1078 2456 1210 2500 recito
1231 2464 1349 2514 gesta
1370 2464 1548 2500 tuorum
1565 2457 1761 2501 Circum-

363 2525 615 2570 ccllionum.
642 2528 770 2570 Certe
792 2527 853 2571 ibi
871 2526 1012 2571 dixisti
1035 2529 1115 2585 (4),
1137 2527 1239 2587 quia
1260 2527 1553 2586 praetermittis
1576 2527 1718 2572 ablata
1746 2547 1753 2573 :

415 2619 420 2633 ¹
444 2611 556 2643 ΜιιΗΙι,
580 2612 733 2649 xxv1,(io.
751 2629 791 2634 —-
814 2620 825 2633 ⁷
846 2613 890 2645 m
913 2623 1022 2651 xxx-1112
1045 2621 1096 2651 1¹2,
1123 2613 1171 2645 13.
1199 2629 1240 2635 —-
1261 2611 1274 2635 3
1294 2612 1477 2646 Donatistm.
