1841 3223
182 265 421 296 amanum
452 264 503 293 111
535 267 580 294 nv
612 266 814 296 PsALMUM
845 267 997 306 xxxvr,
1032 266 1158 296 sema.
1195 270 1260 296 111.
1328 248 1409 298 10¹7

30 331 120 376 sitis
136 329 441 384 foeneratores,
470 337 514 373 et
532 329 630 374 ideo
644 331 747 376 nolo
765 367 775 387 ,
803 333 905 392 quia
920 335 1036 377 Deus
1058 346 1147 377 non
1165 332 1277 378 vult.
1301 335 1413 378 Nam

30 402 65 445 si
94 416 176 460 ego
209 400 334 456 nolo,
359 409 402 444 et
428 403 541 444 Deus
568 398 691 455 vult,
721 401 835 460 agite
871 421 880 446 ε
925 404 959 446 si
997 410 1140 450 autem
1170 405 1285 447 Deus
1325 418 1415 448 non

30 471 147 527 vult,
185 469 352 516 etiamsi
384 485 466 529 ego
492 469 676 525 vellem,
707 471 823 514 malo
863 486 941 515 suo
974 481 1120 531 ageret
1149 473 1223 534 qui
1249 482 1409 533 ageret.

30 542 157 588 Unde
193 550 371 603 apparet
404 543 545 586 Deum
578 541 663 586 hoc
695 540 851 586 nolle?
881 543 1055 587 Dictum
1087 552 1152 588 est
1175 543 1258 589 alio
1283 543 1411 602 loco,

32 632 53 655 «
80 613 165 667 Qui
186 612 415 673 pecuniam
432 623 555 657 suam
571 627 661 656 non
682 611 804 657 dedit
824 612 880 657 ad
906 628 1082 657 usuram
1097 615 1128 657 1.
1153 632 1174 655 »
1202 617 1260 659 Et
1281 626 1416 676 quam

28 682 282 729 detestabile
304 683 358 727 sit
373 717 384 738 ,
416 697 548 742 quam
574 681 772 727 odiosum
787 717 798 738 ,
819 698 951 743 quam
973 683 1285 741 execrandum,
1307 695 1414 745 puto

27 755 131 816 quia
165 763 209 799 et
248 754 329 815 ipsi
363 751 646 798 foeneratores
680 764 912 799 noverunt.
952 757 1118 799 Rursus
1150 764 1297 800 autem
1331 772 1413 816 ego

29 826 136 887 ipse,
160 826 249 870 imo
269 827 384 870 Deus
404 832 565 879 noster,
591 823 668 885 qui
699 832 742 869 te
752 825 958 885 prohibet
976 839 1066 870 essc
1085 824 1412 883 foeneratorem,

21 896 151 957 jubet
171 905 214 940 te
234 910 325 940 esse
345 893 654 940 foeneratorem
679 914 690 954 3
715 904 758 940 et
778 894 939 941 dicitur
964 896 1046 940 tibi
1064 911 1074 937 τ
1096 899 1283 942 Foenera
1304 900 1412 943 Deo.

28 967 72 1013 Si
93 964 280 1011 foeneras
301 965 484 1021 homini,
508 965 643 1010 habes
663 981 807 1025 spem,
831 975 875 1011 et
896 967 930 1011 si
951 967 1140 1012 foeneras
1162 971 1269 1025 Deo,
1294 984 1416 1029 spem

24 1050 117 1082 non
137 1036 318 1081 habebis
340 1037 366 1084 9,
382 1036 424 1081 Si
438 1034 716 1080 foeneraveris
738 1037 926 1093 homini,
950 1037 996 1082 id
1015 1047 1093 1094 est,
1114 1048 1311 1084 mutuam
1334 1055 1415 1100 pe-

25 1107 200 1153 cuniam
221 1116 343 1152 tuam
372 1105 564 1161 dederis,
590 1122 614 1150 a
645 1122 733 1167 quo
766 1106 932 1167 aliquid
964 1108 1062 1168 plus
1091 1125 1222 1170 quam
1257 1111 1417 1156 dedisti

25 1187 222 1239 expectes
243 1178 465 1238 accipere,
487 1192 578 1222 non
599 1178 830 1237 pecuniam
851 1177 986 1223 solam
1003 1214 1013 1234 ‚
1036 1179 1111 1224 sed
1132 1179 1298 1241 aliquid
1317 1180 1417 1240 plus

24 1264 158 1310 quam
180 1247 360 1304 dedisti,
384 1248 473 1292 sive
494 1247 606 1291 illud
638 1248 832 1292 triticum
873 1249 949 1304 sit,
981 1250 1070 1295 sive
1111 1251 1262 1295 vinum
1285 1287 1295 1306 ,
1327 1252 1416 1296 sive

25 1318 187 1375 oleum,
213 1319 299 1363 sive
316 1317 545 1380 quodlibet
567 1316 687 1362 aliud
704 1340 714 1377 3
734 1320 767 1363 si
784 1319 881 1379 plus
898 1336 1031 1380 quam
1049 1320 1204 1366 dedisti
1219 1331 1415 1381 expectas

23 1390 234 1450 accipere,
246 1388 483 1434 foenerator
495 1404 555 1444 es,
571 1398 614 1433 et
626 1389 671 1432 in
682 1390 767 1434 hoc
782 1391 1115 1450 improbandus,
1127 1408 1214 1436 non
1228 1391 1415 1437 laudan-

23 1461 120 1506 dus.
144 1459 261 1515 Quid
295 1474 417 1518 ergo,
436 1459 602 1521 inquis,
623 1459 752 1515 facio,
778 1471 826 1506 ut
851 1462 930 1505 sim
952 1461 1118 1507 utiliter
1137 1461 1376 1509 foenerator
1398 1465 1417 1509 Ξ)

23 1532 214 1578 Attende
224 1531 332 1593 quid
345 1530 450 1576 facit
460 1531 712 1576 foenerator.
726 1532 871 1576 Minus
884 1531 979 1577 vult
994 1532 1097 1577 dare
1111 1543 1241 1590 certe,
1259 1544 1302 1580 et
1316 1534 1416 1596 plus

23 1604 218 1663 accipere
245 1622 254 1648 :
280 1602 364 1647 hoc
387 1601 454 1646 fac
470 1611 514 1646 et
534 1611 585 1646 tu
605 1623 618 1661 3
642 1602 696 1646 da
713 1601 902 1658 modica,
948 1604 1094 1664 accipe
1116 1620 1286 1664 magna.
1304 1606 1415 1651 Vide

22 1682 155 1735 quam
169 1672 255 1717 late
271 1681 433 1718 crescat
445 1671 589 1716 foenus
605 1673 826 1717 tuumqDa
839 1674 1111 1734 temporalia,
1124 1677 1270 1736 accipe
1284 1686 1412 1722 aeter-

22 1757 79 1789 na
98 1764 108 1789 ε
123 1744 178 1788 da
190 1752 365 1799 terram,
379 1743 524 1802 accipe
536 1742 716 1787 coelum.
731 1745 789 1788 Et
803 1744 872 1788 cui
887 1744 1019 1800 dabo,
1032 1744 1144 1790 sorte
1165 1747 1272 1792 dicis
1286 1749 1305 1791 ἓ)
1317 1751 1415 1808 Ipse

21 1816 234 1862 Dominus
251 1813 447 1875 procedit
470 1829 601 1875 quem
625 1813 828 1871 foeneres,
846 1817 923 1876 qui
945 1817 1026 1861 tibi
1042 1817 1226 1877 jubebat
1248 1833 1303 1861 ne
1327 1817 1415 1862 foe-

23 1901 211 1931 nerares.
233 1885 348 1930 Audi
383 1885 666 1946 Scripturam,
688 1885 912 1946 quomodo
942 1884 1129 1932 foeneres
1149 1889 1384 1933 Dominum
1402 1909 1411 1935 :

27 1975 48 1999 «
75 1958 307 2012 Foenerat,
331 1956 490 2017 inquit,
510 1955 764 2012 DomInum,
791 1958 866 2018 qui
880 1958 1107 2003 miseretur
1122 1961 1322 2019 pauperis
1337 1963 1370 2004 ².
1390 1978 1412 2002 »

22 2029 122 2074 Non
148 2027 265 2071 enim
287 2035 386 2086 eget
407 2043 430 2072 a
452 2036 494 2071 te
506 2027 744 2083 Dominus,
781 2027 857 2072 sed
889 2027 1022 2073 habes
1052 2027 1186 2073 alium
1214 2029 1291 2090 qui
1328 2045 1351 2074 a
1377 2039 1416 2075 te

24 2106 146 2157 egeat
157 2113 166 2139 t
177 2097 240 2142 illi
252 2096 713 2158 porrigis,illeaccipit.
724 2101 823 2144 Non
840 2098 957 2143 enim
971 2099 1103 2144 habet
1120 2115 1286 2160 pauper
1297 2101 1419 2161 quod

23 2168 105 2214 tibi
115 2168 325 2214 retribuat
350 2187 360 2213 :
381 2177 424 2212 et
441 2177 588 2213 tamen
608 2169 698 2229 ipse
711 2168 809 2214 vult
822 2170 1062 2214 retribuere
1074 2206 1084 2225 ,
1096 2179 1138 2215 et
1149 2171 1418 2217 noninvenit

25 2236 155 2299 quid3
174 2238 262 2284 sola
275 2239 322 2282 in
334 2237 411 2284 illo
427 2248 621 2284 remanet
637 2239 943 2286 benevolentia
964 2241 1117 2285 orandi
1137 2257 1216 2301 pro
1227 2250 1285 2285 te.
1304 2244 1417 2287 Cum

25 2318 170 2354 autem
192 2324 358 2369 pauper
379 2319 473 2354 orat
492 2325 572 2369 pro
594 2319 658 2364 te,
683 2319 892 2372 tanquam
915 2315 1006 2356 Deo
1027 2310 1133 2356 dicit
1162 2332 1171 2357 :
1207 2312 1413 2368 Domine,

25 2386 231 2424 mutuum
253 2380 422 2440 accepi,
448 2379 607 2425 fidedic
627 2397 712 2425 me.
738 2379 926 2427 Proinde
946 2391 988 2426 et
1011 2383 1045 2427 si
1067 2397 1156 2427 non
1170 2391 1290 2427 tenes
1303 2398 1415 2443 pau-

25 2465 173 2510 perem
191 2449 455 2496 redditorem
469 2487 480 2507 ,
504 2451 579 2496 sed
600 2451 808 2498 idoneum
828 2463 948 2498 tenes
970 2452 1279 2514 fidejussorem.
1302 2457 1416 2500 Ecce

25 2522 140 2566 Deus
157 2520 235 2565 tibi
256 2521 310 2566 de
335 2522 551 2582 Scriptura
567 2538 644 2569 sua
664 2523 770 2570 dicit
796 2544 804 2569 :
830 2527 892 2570 Da
905 2539 1102 2580 securus,
1138 2538 1219 2584 ego
1256 2524 1407 2571 reddo.

77 2604 266 2646 =rsa1.x1v‚
286 2604 318 2636 5.
337 2621 376 2627 --
396 2611 408 2629 2
426 2607 520 2638 Prov.
540 2617 677 2649 xix‚17.
