1841 3223
355 244 436 284 140
792 252 825 280 s.
862 253 1092 280 Acocsnm
1125 252 1307 280 EPIScol’l

352 322 446 366 illos
467 322 654 366 convicit
676 334 749 364 ore
767 320 957 378 ipsorum
974 353 985 373 ,
1007 317 1133 362 amici
1150 316 1285 363 videri
1300 318 1532 364 volebant:
1554 318 1627 364 sed
1647 334 1736 363 non

348 392 409 437 illi
442 402 531 436 crat
561 407 669 451 opus
702 399 750 434 ut
781 390 1010 450 quisquam
1033 389 1071 432 ei
1095 389 1390 434 testimonium
1414 391 1662 450 perhiberet
1683 389 1738 434 de

346 463 545 507 11011111101
564 483 573 518 3
592 463 681 520 ipse
699 461 812 504 enim
831 460 993 505 sciebat
1015 459 1122 520 quid
1141 470 1248 504 esset
1270 461 1313 505 in
1328 462 1504 506 homine
1527 481 1534 506 :
1557 461 1666 505 adeo
1687 469 1739 505 ut

346 549 445 577 011111
470 533 603 576 amica
625 532 758 576 verba
781 531 1012 586 dixissent,
1040 531 1322 591 responderet
1344 533 1403 577 eis
1430 551 1438 577 :
1469 531 1618 586 «Quid
1638 547 1735 588 me,

352 623 369 644 »
405 603 577 662 inquit,
618 602 814 656 tentatis,
854 602 1194 662 l1ypocri1ae29»
1227 605 1343 661 Ergo
1372 602 1549 646 «Amici
1582 602 1666 646 mei
1696 611 1739 646 01

358 692 375 713 1)
411 672 593 732 proximi
621 672 705 716 mei
733 672 959 716 adversum
984 688 1052 715 mc
1075 672 1559 732 appropinquaverunt,
1587 681 1631 715 01
1650 681 1738 716 ste-

349 762 369 784 »
405 753 553 788 terunt
578 764 586 788 :
608 754 651 788 et
669 745 850 803 proximi
865 760 887 788 a
905 743 1037 802 longe
1053 752 1278 787 steterunt.
1301 762 1320 784 »
1346 743 1488 788 Nostis
1505 742 1613 804 quid
1630 742 1732 788 dixi.

347 814 568 858 Proximos
591 814 677 857 dixi
707 814 782 874 qui
805 813 1287 874 appropinquaverunt,
1323 822 1366 858 et
1394 822 1540 857 tamen
1563 829 1586 858 a
1609 813 1739 873 longe

346 894 573 928 steterunt.
606 885 1082 944 Appropinquaverunt
1108 883 1225 927 enim
1260 899 1464 944 corpore,
1498 885 1573 928 sed
1609 883 1738 943 longe

347 965 560 1000 steterunt
579 956 723 1000 corde.
744 956 826 1008 Qui
850 965 936 999 tam
955 955 1191 1015 propinqui
1214 971 1417 1016 corpore,
1443 971 1575 1016 quam
1597 956 1673 1015 qui
1694 956 1739 1000 in

347 1043 520 1071 crucem
543 1027 824 1071 levaverunt?
847 1027 932 1080 Qui
951 1036 1038 1071 tam
1061 1026 1188 1085 longe
1206 1027 1359 1083 corde,
1379 1043 1512 1087 quam
1533 1027 1608 1088 qui
1627 1026 1739 1071 blas-

347 1098 697 1156 phemaverunt?
718 1097 879 1142 Audite
900 1097 1024 1140 istam
1046 1096 1411 1158 longinquitatem
1435 1098 1490 1142 ab
1514 1101 1623 1141 lsa'ia
1646 1113 1741 1156 pro-

348 1169 501 1227 pheta,
536 1168 678 1212 videte
704 1168 825 1212 istam
856 1167 1229 1228 propinquitatem
1261 1177 1304 1212 et
1336 1168 1699 1230 longinquitatem
1727 1185 1737 1212 :

356 1257 375 1279 «
412 1237 605 1298 Populus
627 1239 697 1282 hic
719 1238 843 1282 labiis
865 1254 935 1282 me
957 1239 1168 1283 honorat:
1188 1256 1208 1279 »
1234 1254 1333 1283 ecce
1356 1239 1622 1299 propinquat
1644 1253 1741 1283 cor-

348 1325 453 1369 pore
475 1330 483 1354 :
515 1329 532 1349 «
558 1312 645 1355 Cor
667 1319 812 1354 autem
835 1325 985 1354 eorum
1001 1309 1131 1369 longe
1153 1319 1215 1355 est
1239 1326 1260 1354 a
1283 1312 1396 1354 me³.
1426 1328 1446 1351 »
1475 1310 1612 1354 Iidem
1635 1325 1740 1370 pro-

348 1380 524 1440 pinqui,
565 1379 696 1424 iidem
723 1379 952 1441 longinqui
990 1400 998 1425 :
1035 1380 1271 1441 propinqui
1312 1379 1437 1424 labiis
1454 1415 1464 1434 ‚
1510 1379 1742 1440 longinqui

345 1451 491 1496 corde.
523 1454 836 1496 Verumtamen
859 1453 959 1512 quia
985 1451 1116 1511 longe
1135 1461 1349 1496 steterunt
1372 1452 1573 1496 timentes
1603 1455 1743 1512 Apos-

347 1521 454 1577 toli,
479 1522 720 1567 absolutius
743 1532 785 1566 et
817 1522 989 1582 planius
1006 1522 1061 1566 de
1080 1521 1163 1566 illis
1182 1523 1414 1582 accipimus
1436 1532 1486 1567 ut
1507 1522 1612 1567 alios
1636 1538 1741 1582 pro-

347 1593 603 1652 pinquasse,
627 1593 730 1637 alios
755 1593 884 1651 longe
907 1593 1071 1637 stetisse
1093 1592 1386 1652 intelligamus
1419 1613 1428 1638 ε
1459 1593 1742 1654 quandoqui-

349 1663 449 1707 dem
488 1673 530 1707 et
566 1667 718 1708 Petrus
744 1664 821 1724 qui
855 1664 1061 1708 audacius
1096 1674 1268 1708 secutus
1298 1664 1470 1719 fuerat,
1504 1665 1563 1709 ita
1597 1663 1741 1709 adhuc

348 1732 477 1791 longe
501 1743 612 1788 erat,
642 1744 691 1777 ut
720 1735 1011 1792 interrogatus
1039 1743 1083 1778 01
1118 1734 1425 1794 perturbatus,
1462 1743 1526 1779 ter
1563 1744 1742 1794 negaret

348 1804 605 1859 Dominum,
631 1820 731 1848 cum
767 1821 856 1864 quo
878 1821 922 1848 se
939 1804 1203 1849 moriturum
1225 1820 1315 1849 esse
1337 1806 1633 1865 promiserat4.
1655 1806 1739 1858 Qui

348 1884 495 1934 postea
531 1890 583 1918 ex
613 1875 856 1936 longinquo
888 1884 937 1918 ut
966 1875 1237 1935 propinquus
1266 1875 1410 1930 fieret,
1440 1874 1608 1920 audivit
1643 1885 1742 1936 post

347 1945 709 1989 resurrectionem
737 1965 746 1990 ε
777 1965 793 1985 «
817 1949 946 1989 Amas
968 1947 1064 1989 me?
1083 1966 1100 1986 ,1
1122 1955 1165 1989 01
1188 1945 1363 1990 dicebat
1383 1965 1391 1990 ε
1422 1949 1564 1990 «Amo
1582 1948 1613 1990 ⁵.
1637 1965 1656 1987 1)
1685 1949 1741 1991 Et

347 2015 533 2060 dicendo
568 2016 917 2076 propinquabat,
955 2016 1030 2076 qui
1058 2015 1258 2074 negando
1285 2016 1416 2075 longe
1450 2015 1588 2061 factus
1622 2026 1736 2073 erat,

346 2086 485 2131 donec
510 2086 617 2130 trina
638 2101 745 2130 voce
772 2086 949 2140 amoris⁷
975 2085 1159 2130 solv‘eret
1182 2086 1340 2130 trinam
1362 2102 1516 2131 vocem
1538 2088 1738 2147 negatio-

346 2157 426 2200 nis.
458 2159 545 2201 «Et
567 2157 749 2216 proximi
773 2156 857 2199 mei
882 2172 904 2200 a
926 2156 1057 2214 longe
1080 2165 1310 2201 steterunt.
1332 2175 1353 2198 »

404 2229 569 2271 XVIII.
609 2247 629 2269 «
652 2230 707 2271 Et
747 2227 835 2270 vim
877 2225 1096 2270 faciebant
1137 2227 1213 2286 qui
1253 2227 1512 2287 quaerebant
1549 2228 1740 2273 animam

350 2318 366 2338 »
402 2298 585 2341 meamfi.
612 2316 631 2338 »
659 2300 755 2341 Jam
777 2295 1053 2341 manifestum
1077 2306 1138 2341 est
1170 2297 1245 2357 qui
1267 2298 1522 2358 quaerebant
1545 2299 1738 2342 animam

345 2367 472 2426 ipsius
494 2387 502 2412 ε
528 2368 603 2428 qui
624 2384 712 2412 non
730 2367 1152 2412 habebantanimam
1174 2369 1266 2429 ejus
1284 2405 1294 2424 ,
1322 2370 1422 2429 quia
1446 2385 1535 2414 non
1553 2379 1679 2415 erant
1693 2371 1737 2414 in

342 2453 523 2497 corpore
545 2440 649 2498 ejus.
688 2439 772 2492 Qui
806 2439 1063 2499 quaerebant
1091 2439 1279 2483 animam
1305 2441 1420 2499 ejus,
1457 2439 1587 2498 longe
1612 2449 1738 2484 erant

391 2541 399 2556 ¹
419 2536 512 2567 Joan.
533 2545 566 2575 11,
586 2533 640 2566 25.
662 2552 704 2557 ——
719 2542 732 2557 ²
756 2535 870 2567 Manli.
885 2546 960 2575 xxn,
984 2535 1033 2567 18.
1051 2551 1092 2557 —
1109 2531 1121 2555 ³
1139 2537 1210 2567 lsai.
1233 2546 1320 2575 xxix,
1345 2536 1395 2567 13.
1420 2534 1490 2566 ——4
1511 2535 1625 2568 Matth.
1645 2546 1736 2576 xxvi,

344 2599 396 2631 70.
419 2606 458 2612 —
482 2588 600 2621 5J0an.
623 2589 688 2629 ,x-in,
717 2601 767 2632 ¹7-
795 2607 834 2612 —
852 2589 868 2610 ‘³
884 2590 964 2621 Psal.
986 2600 1104 2631 xxxvii,
1134 2590 1190 2622 13.
