1841 3223
402 236 456 274 82
832 241 866 269 s.
903 240 1135 268 Acocsnm
1169 240 1350 268 EPISCOPI

399 310 495 355 buit
511 308 705 355 Charitas
728 310 901 362 Vestra,
925 322 980 350 ne
1002 306 1098 366 quis
1117 304 1228 351 forte
1251 304 1370 350 aliud
1393 303 1513 348 vobis
1531 303 1662 349 dicat.
1679 307 1790 351 Nam

397 379 689 426 subdiaconus
722 392 900 433 eorum,
926 380 1025 438 qui,
1046 393 1145 421 cum
1167 379 1203 421 ei
1229 376 1350 421 nulla
1373 375 1555 435 quaestio
1584 375 1644 419 ibi
1673 391 1791 420 com-

398 460 660 504 moveretur,
682 448 812 507 clegit
834 447 1091 492 catholicam
1125 463 1275 508 pacem
1300 457 1343 491 et
1369 446 1603 501 unitatem,
1635 455 1679 490 et
1707 444 1791 490 illis

399 519 581 566 dimissis
603 518 743 574 venit,
759 519 879 561 venit
894 533 1040 562 revera
1057 518 1168 562 sicut
1192 517 1354 576 eligens
1376 515 1496 576 quod
1515 516 1682 560 bonum
1705 524 1787 571 cst,

397 606 485 635 non
506 590 617 634 sicut
645 588 895 649 repudiatus
921 605 943 632 a
966 587 1088 632 malis
1114 608 1121 632 :
1149 589 1207 632 sic
1231 597 1433 647 acceptus
1452 596 1517 631 est
1542 596 1592 630 ut
1615 587 1669 630 de
1700 588 1791 647 ejus

394 661 675 707 conversione
698 659 987 720 gaudcamus,
1017 669 1059 703 et
1085 675 1186 703 eum
1204 661 1355 703 vestris
1378 658 1646 703 orationibus
1668 671 1791 701 com-

395 733 666 779 mendemus.
695 735 853 777 Potens
876 741 938 776 est
963 732 1079 775 enim
1100 735 1237 785 Deus,
1269 730 1344 790 qui
1374 745 1474 774 cum
1503 729 1633 773 faciat
1661 729 1792 773 etiam

390 815 520 866 atque
543 805 673 848 ctiam
693 803 932 847 meliorem.
956 806 1181 847 Caeterum
1196 800 1250 846 dc
1268 800 1391 845 nullo
1412 799 1790 860 pronuntiandum

392 885 455 921 est
489 876 532 919 in
563 874 754 934 aliquam
786 883 980 933 partem,
1009 873 1098 917 sive
1133 873 1177 916 in
1206 872 1390 927 bonam,
1418 873 1505 916 sive
1534 871 1579 915 in
1612 870 1786 916 malam.

393 945 600 1001 Quandiu
629 946 744 989 enim
768 945 839 988 hic
873 943 1048 999 vivitur,
1075 944 1290 988 crastinus
1313 943 1403 987 dies
1426 958 1595 1003 semper
1617 944 1791 1001 ignora-

397 1029 479 1063 tur,
523 1037 541 1059 «
562 1019 660 1061 Non
681 1014 1011 1060 confundentur
1039 1016 1086 1058 in
1111 1025 1309 1075 tempore
1331 1014 1447 1059 malo
1465 1051 1475 1071 ,
1499 1024 1543 1059 et
1566 1015 1611 1058 in
1634 1014 1789 1059 diebus

342 1128 347 1132 .
400 1110 418 1131 7>
454 1088 578 1133 tamis
598 1087 913 1132 saturabuntur
939 1106 947 1132 :
974 1087 1181 1147 quoniam
1206 1096 1454 1147 peccatores
1476 1086 1696 1146 peribunt.
1735 1105 1755 1128 »

453 1162 556 1205 Xll.
597 1178 616 1200 υ
646 1158 812 1202 Inimici
833 1167 979 1201 autem
996 1159 1169 1202 Domini
1187 1159 1330 1202 statim
1350 1168 1398 1202 ut
1421 1157 1726 1215 gloriabuntur
1747 1166 1791 1201 et

396 1249 417 1272 »
453 1229 774 1283 exaltabuntur,
800 1227 1049 1273 deficientes
1073 1229 1186 1272 sicut
1222 1227 1370 1272 fumus
1392 1228 1642 1273 deficientl.
1667 1247 1687 1270 »
1726 1230 1790 1272 Ex

391 1302 483 1362 ipsa
501 1298 784 1345 similitudine
800 1315 906 1355 rem,
932 1300 1335 1360 quaminsinuavit,
1362 1300 1595 1359 agnoscite.
1623 1303 1790 1344 Fumus

395 1392 419 1420 a
439 1373 538 1419 loco
555 1373 663 1431 ignis
681 1387 913 1432 erumpens
935 1372 981 1415 in
999 1371 1137 1415 altum
1161 1372 1398 1428 extollitur,
1424 1388 1475 1417 ex
1497 1373 1587 1432 ipsa
1604 1371 1791 1416 elatione

395 1447 441 1492 in
458 1445 639 1505 globum
660 1457 869 1501 magnum
891 1443 1143 1488 intumescit
1162 1463 1170 1488 ε
1197 1443 1273 1488 scd
1296 1454 1463 1505 quanto
1486 1442 1618 1487 fuerit
1635 1442 1791 1502 globus

396 1518 468 1562 ille
492 1513 710 1576 grandior,
741 1522 861 1559 tanto
885 1512 934 1556 fit
954 1515 1107 1557 vanior
1139 1534 1147 1557 2
1174 1516 1228 1559 ab
1252 1515 1323 1559 illa
1352 1516 1466 1559 enim
1488 1514 1790 1574 magnitudine

395 1604 483 1634 non
504 1586 687 1631 fundata
706 1592 750 1628 et
772 1582 978 1639 solidata,
1004 1580 1079 1626 sed
1095 1584 1313 1642 pendente
1331 1595 1373 1630 et
1393 1586 1566 1642 inssata,
1587 1587 1620 1629 it
1642 1586 1687 1630 in
1710 1602 1789 1630 au-

394 1675 461 1704 ras
478 1668 608 1718 atque
630 1654 854 1710 dilabitur,
881 1663 931 1698 ut
951 1653 1097 1698 videas
1128 1655 1264 1714 ipsam
1288 1657 1327 1700 ei
1349 1655 1540 1701 obfuisse
1568 1657 1790 1715 magnitu-

396 1731 558 1776 dinem.
580 1731 756 1782 Quanto
778 1726 893 1769 enim
922 1723 1020 1785 plus
1044 1734 1212 1768 erectus
1235 1725 1299 1769 est
1314 1761 1324 1781 ,
1364 1737 1535 1786 quanto
1561 1736 1760 1771 extentus
1776 1762 1788 1783 ,

396 1811 563 1865 quanto
587 1800 773 1845 diffusus
795 1796 992 1858 undique
1020 1797 1065 1840 in
1088 1798 1294 1857 majorem
1317 1796 1531 1840 ambitum
1546 1832 1557 1849 ,
1588 1806 1709 1842 tanto
1741 1799 1791 1844 fit

396 1875 561 1928 exilior,
597 1882 640 1916 et
671 1870 901 1925 deficiens,
943 1879 986 1913 et
1020 1885 1108 1913 non
1141 1884 1366 1928 apparens.
1407 1869 1610 1913 «Inimici
1643 1880 1791 1914 autem

399 1966 420 1990 »
455 1943 631 1991 Domini
658 1942 802 1986 statim
835 1950 885 1984 ut
916 1939 1222 1999 gloriabuntur
1248 1948 1292 1983 ct
1319 1938 1643 1995 exaltabuntur,
1677 1940 1789 1985 defi-

399 2036 420 2059 »
456 2015 617 2060 cientes
637 2013 745 2056 sicut
768 2010 914 2055 fumus
936 2009 1155 2054 deficient.
1185 2028 1204 2051 >›
1237 2012 1298 2053 De
1320 2010 1481 2054 talibus
1504 2009 1671 2054 dictum
1693 2020 1757 2055 est
1776 2031 1786 2057 :

400 2108 422 2132 ι(
459 2087 579 2133 Sicut
604 2087 763 2129 Jannes
786 2091 828 2125 ct
852 2081 1070 2126 Mambres
1092 2081 1343 2124 restiterunt
1368 2080 1536 2138 Moysi,
1567 2081 1626 2125 sic
1649 2091 1692 2125 et
1722 2082 1790 2126 isti

400 2178 420 2201 »
455 2157 662 2202 resistunt
677 2151 848 2197 veritati
861 2151 1079 2196 :homines
1096 2159 1242 2194 mente
1257 2152 1468 2211 corrupti,
1487 2151 1660 2212 reprobi
1678 2153 1786 2197 circa

398 2248 420 2272 »
455 2228 587 2274 fidem
601 2230 634 2271 ².
659 2244 679 2268 n
706 2222 833 2270 Unde
855 2231 1001 2267 autem
1024 2222 1227 2266 resistunt
1245 2222 1440 2277 veritati,
1466 2223 1547 2266 nisi
1563 2223 1790 2268 inflatione

394 2299 577 2346 tumoris
594 2297 682 2352 sui,
708 2305 860 2340 euntes
884 2293 929 2337 in
951 2302 1129 2347 ventos,
1157 2291 1413 2337 extollentes
1434 2308 1478 2336 se
1502 2295 1622 2353 quasi
1649 2294 1789 2354 justos

395 2381 440 2417 et
460 2369 670 2429 magnos?
692 2364 809 2420 Quid
831 2374 974 2409 autem
995 2362 1050 2407 de
1067 2361 1149 2406 illis
1168 2363 1254 2407 ait?
1279 2365 1540 2424 «Tanquam
1564 2363 1618 2408 dc
1636 2363 1784 2421 fumo,

403 2463 424 2485 «
458 2441 543 2488 Sed
564 2439 678 2485 ultra
707 2454 795 2484 non
816 2435 1068 2497 proficient,
1093 2434 1311 2479 dementia
1333 2435 1447 2479 enim
1471 2451 1623 2479 eorum
1646 2437 1786 2481 mani·
1840 2448 1841 2456 ¹

396 2533 416 2556 »
452 2512 559 2557 festa
582 2511 664 2553 erit
681 2509 900 2561 omnibus,
927 2506 1040 2550 sicut
1057 2515 1100 2549 et
1117 2504 1292 2550 illorum
1310 2503 1430 2550 fuit3.
1453 2506 1622 2552 Inimici
1640 2516 1786 2551 autem

440 2605 448 2621 ¹
470 2594 549 2630 Psal.
570 2605 681 2634 xxxvi,
701 2604 752 2625 20.
778 2609 818 2615 —-
840 2591 978 2622 ²2'l‘ini.
1001 2590 1162 2631 1n‚8.—-
1187 2587 1199 2611 ³
1221 2589 1302 2621 lbid.
1319 2600 1350 2630 9.
