1841 3223
426 215 509 256 348
848 224 882 252 s.
918 223 1149 254 Aucusnm
1182 226 1363 254 EPISCOPI

422 294 518 337 loco
533 295 566 335 ¹.
592 294 703 336 Corc
725 306 915 351 namque
935 291 1155 336 calvitium
1187 291 1511 351 interpretatur.
1538 291 1741 352 Sequitur
1762 291 1806 335 in

419 365 502 408 1100
524 362 691 407 Psalmo
709 397 719 416 ,
746 363 821 422 qui
844 362 1109 416 inscribitur,
1136 382 1153 404 α
1178 361 1375 406 Secunda
1398 361 1581 405 sabbati.
1605 380 1625 403 »

479 436 536 477 ll.
572 452 591 473 «
617 435 801 490 Magnus
836 433 1046 477 Dominus
1067 468 1077 487 ,
1112 441 1156 476 ct
1183 431 1413 476 laudabilis
1439 430 1566 476 valde
1579 435 1611 475 ².
1640 450 1660 473 »
1694 434 1807 476 Ecce

420 523 440 545 «
475 505 659 561 Magnus
683 502 890 546 Dominus
907 538 917 557 ,
943 512 985 545 ct
1006 501 1237 546 laudabilis
1260 501 1386 546 valdo
1407 518 1414 542 :
1445 520 1464 541 »
1496 500 1572 546 sed
1593 502 1805 561 numquid

417 572 613 618 infideles
629 572 812 617 laudant
835 574 1102 618 Dominum?
1125 571 1349 632 Numquid
1371 573 1500 616 etiam
1526 572 1599 632 qui
1624 572 1810 617 credunt

416 653 459 688 ct
476 644 588 688 male
605 643 777 695 vivunt,
804 644 987 688 laudant
1010 643 1259 698 Dominum,
1279 658 1356 702 pcr
1380 660 1488 702 quos
1507 644 1556 687 fit
1578 652 1627 687 ut
1649 658 1809 687 nomen

416 715 493 759 Dei
516 714 843 774 blasphemetur
874 715 919 758 in
951 713 1183 772 gentibus?
1215 713 1433 773 numquid
1461 712 1642 757 laudant
1666 713 1809 757 Domi-

416 801 523 830 num
540 787 554 811 ³
571 786 588 826 ’Β
610 790 677 830 An
694 800 796 829 vcro
820 785 853 827 si
872 784 1001 828 etiam
1024 782 1230 838 laudent,
1255 793 1503 843 acceptatur
1524 783 1616 828 laus
1639 799 1806 839 eorum,

415 872 515 900 cum
539 856 749 915 scriptum
771 855 825 898 sit
845 874 853 898 ;
879 874 899 896 «
923 857 1021 899 Non
1039 863 1102 897 est
1123 854 1314 914 speciosa
1331 854 1425 899 laus
1447 855 1493 899 in
1515 870 1588 900 ore
1605 864 1808 914 peccato-

418 945 439 968 »
474 927 590 971 ris⁴P
609 945 628 967 »
657 926 803 970 Dixisti
827 940 957 984 ergo:
988 945 1007 967 t(
1032 929 1216 983 Magnus
1240 925 1449 970 Dominus
1467 961 1477 980 ,
1506 934 1549 969 et
1577 924 1809 969 laudabilis

420 1014 441 1037 »
475 995 626 1042 valde:
651 1014 671 1037 »
696 995 772 1040 sed
790 994 858 1039 dic
880 995 974 1049 ubi,
1003 1014 1022 1036 (ι
1050 998 1101 1038 In
1125 995 1298 1039 civitate
1322 996 1398 1039 Dei
1421 995 1572 1050 nostri,
1597 995 1643 1038 in
1660 1004 1810 1039 monte

422 1085 443 1109 »
479 1076 629 1111 sancto
652 1068 756 1126 ejus.
791 1085 810 1106 »
837 1070 899 1110 De
920 1067 1004 1110 1100
1021 1066 1125 1109 alibi
1143 1065 1302 1111 dicitur
1328 1086 1336 1110 :
1367 1086 1386 1109 «
1412 1066 1517 1120 Quis
1539 1065 1743 1110 ascendet
1764 1067 1810 1110 in

420 1155 442 1179 »
477 1146 669 1182 montem
687 1136 885 1181 Domini?
904 1139 1118 1180 Innocens
1142 1137 1360 1190 manibus,
1375 1146 1418 1180 et
1432 1135 1599 1180 mundo
1612 1135 1808 1181 corde⁵.»

420 1211 471 1251 In
493 1208 558 1252 his
585 1226 604 1249 «
629 1210 813 1266 Magnus
836 1207 1069 1261 Dominus,
1093 1216 1136 1250 et
1156 1206 1385 1251 laudabilis
1402 1206 1529 1251 valde
1551 1226 1560 1252 2
1584 1225 1603 1248 »
1629 1207 1712 1251 1100
1729 1216 1808 1262 θεῖ,

424 1299 444 1321 «
481 1282 533 1323 In
556 1278 728 1322 civitate
751 1278 828 1321 Dei
851 1277 1008 1332 nostri,
1033 1278 1079 1321 in
1101 1287 1250 1321 monte
1273 1286 1421 1321 sancto
1444 1278 1550 1337 ejus.
1576 1295 1596 1318 »
1623 1280 1726 1322 Haec
1749 1286 1813 1321 θεῖ

419 1350 567 1393 civitas
598 1349 644 1392 in
666 1357 814 1392 monte
839 1348 977 1408 posita
993 1383 1003 1402 ,
1029 1363 1128 1407 quae
1152 1348 1359 1392 abscondi
1382 1363 1471 1391 non
1494 1349 1663 1407 potcst⁶
1686 1366 1694 1392 :
1718 1348 1812 1391 haec

419 1429 481 1464 est
501 1420 677 1464 lucerna
697 1436 796 1480 quae
810 1420 890 1464 sub
909 1419 1056 1464 modio
1075 1434 1165 1463 non
1187 1418 1450 1473 occultatur,
1467 1419 1671 1463 omnibus
1688 1427 1808 1473 nota,

420 1491 626 1535 omnibus
649 1489 888 1534 diffamata.
919 1493 1016 1535 Non
1046 1499 1192 1534 autem
1216 1483 1406 1534 universi
1429 1489 1541 1534 cives
1571 1490 1661 1549 ejus
1682 1498 1809 1547 sunt,

419 1561 495 1607 sed
512 1561 573 1606 illi
592 1562 635 1605 in
657 1562 815 1621 quibus
835 1564 1053 1620 «Magnus
1068 1561 1296 1616 Dominus,
1317 1570 1359 1605 et
1374 1559 1604 1604 laudabilis
1625 1558 1767 1604 valde.
1787 1578 1807 1601 »

419 1635 528 1686 Quae
547 1641 609 1675 θεῖ
632 1646 732 1689 ergo
752 1632 831 1675 ista
853 1631 1022 1685 civitas,
1047 1630 1293 1685 videamus,
1315 1646 1369 1675 ne
1391 1629 1503 1675 forte
1526 1630 1626 1690 quia
1645 1629 1811 1674 dictum

417 1712 482 1747 θεῖ
501 1723 510 1747 2
541 1722 560 1745 «
589 1706 639 1746 In
661 1702 832 1746 civitate
855 1703 930 1747 Dei
953 1703 1112 1756 nostri,
1138 1702 1183 1744 in
1205 1711 1354 1746 monte
1376 1710 1524 1745 sancto
1547 1701 1661 1760 ejus,
1689 1718 1709 1741 »
1731 1699 1811 1744 de-

419 1774 599 1819 beamus
623 1788 816 1833 qnaerere
838 1773 969 1817 istum
994 1781 1189 1816 montem
1204 1807 1218 1827 ,
1245 1770 1323 1815 ubi
1346 1771 1474 1815 etiam
1498 1770 1691 1815 exaudiri
1708 1786 1811 1830 pos-

419 1845 565 1888 simus.
591 1847 688 1889 Non
712 1843 826 1887 enim
851 1842 1009 1887 frustra
1041 1842 1202 1886 dicitur
1229 1842 1275 1885 in
1304 1841 1389 1885 alio
1416 1841 1585 1886 Psalmo
1609 1861 1617 1886 :
1647 1860 1666 1883 «
1694 1844 1811 1886 Voce

421 1933 441 1955 »
476 1929 572 1958 mea
591 1913 645 1958 ad
669 1915 905 1958 Dominum
935 1911 1146 1966 clamavi,
1172 1920 1215 1955 et
1238 1910 1457 1955 exaudivit
1488 1927 1557 1955 me
1579 1911 1633 1955 de
1662 1921 1810 1956 monte

421 2002 442 2026 »
478 1993 627 2028 sancto
644 1987 762 2029 suo⁷.
788 2003 808 2025 »
828 1982 1010 2043 Adjuvit
1027 1998 1129 2040 ergo
1152 1991 1194 2025 te
1216 1997 1341 2026 mons
1358 1981 1437 2026 iste
1460 1990 1509 2025 ut
1532 1982 1806 2026 exaudireris.

418 2057 528 2100 Nam
550 2055 583 2098 si
608 2055 650 2097 in
672 2070 772 2098 cum
789 2070 878 2098 non
902 2052 1152 2097 ascenderes
1169 2088 1179 2107 ,
1206 2051 1316 2096 infra
1335 2053 1483 2113 jacens
1507 2051 1693 2096 clamare
1714 2068 1810 2112 pos-

416 2140 481 2169 ses
500 2160 511 2180 ,
541 2125 616 2168 sed
649 2124 841 2168 exaudiri
870 2139 959 2167 non
992 2138 1151 2182 posses.
1186 2123 1291 2176 Quis
1325 2131 1389 2166 θεῖ
1416 2137 1517 2180 ergo
1544 2123 1623 2167 iste
1655 2139 1805 2178 mons,

418 2194 602 2239 fratres?
624 2198 783 2254 Magna
805 2210 909 2238 cura
930 2193 1234 2253 inquirendus,
1255 2208 1412 2251 magna
1430 2192 1721 2237 sollicitudine
1737 2194 1808 2238 in-

421 2264 718 2323 vestigandus:
754 2264 904 2308 labore
943 2263 1073 2307 ctiam
1097 2261 1378 2323 occupandus
1413 2272 1456 2306 οῖ
1489 2261 1804 2307 ascendendus.

420 2335 503 2379 Sed
527 2336 560 2379 si
584 2336 628 2378 in
647 2334 789 2395 aliqua
807 2343 929 2393 parte
946 2343 1159 2378 terrarum
1179 2342 1263 2387 est,
1290 2332 1397 2392 quid
1419 2331 1658 2377 faciemus?
1680 2337 1810 2377 Pere-

420 2406 690 2464 grinabimur
714 2405 768 2449 dc
796 2413 909 2448 terra
940 2412 1085 2448 nostra
1101 2438 1112 2457 ,
1138 2412 1187 2446 ut
1209 2402 1264 2446 ad
1285 2402 1410 2447 illum
1436 2412 1629 2447 montem
1655 2419 1809 2462 perve-

466 2510 475 2526 ¹
493 2503 607 2535 Matth.
628 2514 725 2544 xxvn,
745 2503 796 2535 33.
816 2520 858 2526 ——
874 2510 886 2525 ²
905 2501 983 2534 Psal.
1003 2500 1099 2543 xcvii,
1120 2510 1152 2533 2.
1168 2518 1209 2523 ——-
1230 2499 1332 2533 3Isa'1‘.
1352 2512 1407 2541 1.11,
1427 2500 1461 2542 5,
1481 2505 1513 2533 et
1528 2503 1617 2533 Rom.
1639 2512 1676 2542 11,
1696 2500 1748 2543 24.
1765 2518 1808 2524 —

418 2558 434 2589 4
455 2558 552 2592 Eccli.
573 2570 673 2600 xxm).
699 2576 737 2581 —
760 2557 773 2582 5
794 2558 874 2591 Psal.
894 2570 985 2601 xxm,
1006 2559 1036 2591 3.
1062 2575 1101 2580 -
1123 2556 1137 2579 ’ἱ
1163 2558 1275 2590 Matth.
1299 2568 1332 2598 v,
1356 2556 1408 2599 14,
1434 2557 1481 2589 15.
1506 2574 1546 2579 -
1569 2565 1582 2589 7
1601 2556 1680 2590 Psal.
1708 2568 1754 2597 111,
1774 2558 1804 2589 5.
