1841 3223
379 282 620 313 ENARRATIO
652 286 697 312 m
729 282 932 313 PsALMUM
963 285 1118 312 xxxix.
1355 269 1436 309 185

55 347 187 400 levat.
217 352 328 396 Sunt
345 350 415 395 alii
436 350 696 410 profundius
717 351 763 394 in
783 349 1025 410 profundo,
1051 349 1127 409 qui
1148 363 1228 392 nec
1245 347 1439 392 sentiunt
1469 361 1473 365 *

55 435 100 464 se
128 436 218 465 esse
249 423 294 465 in
327 420 562 481 profundo.
596 420 717 465 Tales
754 430 852 464 sunt
889 421 1063 480 superbi
1089 427 1434 478 contemptores,

54 506 146 535 non
182 491 242 551 pii
273 491 572 552 deprecatores
589 527 600 547 ‚
639 507 731 535 non
766 491 997 548 lacrymosi
1034 490 1288 535 clamatores
1317 509 1326 534 :
1363 488 1438 533 sed

56 561 190 618 tales,
227 562 375 623 quales
407 563 492 608 alio
524 563 622 608 loco
656 563 874 622 Scriptura
909 562 1106 621 designat
1136 582 1145 606 :
1182 581 1202 604 «
1234 565 1440 606 Peccator

56 650 78 675 »
105 649 205 678 cum
222 635 388 678 venerit
403 635 448 678 in
471 634 740 695 profundum
754 634 968 679 malorum
982 670 992 687 ,
1014 633 1254 678 contemnit
1268 635 1299 676 1.
1319 652 1338 674 η
1357 633 1439 677 Cui

55 704 170 748 enim
192 719 347 764 parum
369 715 434 749 est
455 721 543 750 esse
569 714 839 765 peecatorem
857 740 867 758 ‚
893 704 973 747 nisi
1001 704 1132 748 etiam
1153 719 1243 746 non
1266 703 1319 746 sit
1335 718 1438 762 pec-

53 768 251 819 catorum
264 791 441 820 suorum
455 776 688 830 confessor,
701 775 775 819 sed
787 774 1004 829 defensor,
1020 774 1147 818 altius
1161 773 1205 816 in
1217 771 1439 833 profundo

54 854 131 889 est.
158 845 237 889 Ille
261 856 406 890 autem
424 848 500 907 qui
531 846 585 890 de
607 845 827 906 profundo
859 844 1139 899 exclamavit,
1165 845 1255 904 jam
1274 843 1328 887 ab
1350 843 1440 887 imo

52 914 261 974 profundi
283 927 414 977 eaput
434 927 484 962 ut
505 917 711 962 clamaret
738 916 897 960 levavit
923 936 931 961 ;
954 915 1127 960 auditus
1144 924 1207 959 est
1223 950 1233 970 ‚
1257 915 1439 958 eductus

53 994 118 1029 est
138 985 192 1029 de
223 986 322 1030 lacu
342 987 525 1031 miseriae
541 1023 551 1043 ,
584 996 626 1031 et
661 987 714 1031 de
748 987 843 1031 luto
874 986 980 1030 limi.
1013 989 1109 1030 Jam
1129 985 1264 1030 habet
1285 984 1416 1029 fidem
1437 1019 1448 1039 ‚

51 1072 184 1115 quam
207 1072 296 1100 non
311 1057 527 1116 habebat3
546 1058 680 1102 habet
695 1073 815 1117 spem
827 1093 838 1112 ‚
857 1058 949 1101 sine
971 1073 1056 1117 qua
1074 1065 1165 1100 erat
1182 1057 1253 1114 3in
1267 1056 1438 1101 Christo

51 1124 264 1181 ambulat,
281 1127 356 1186 qui
373 1128 418 1171 in
440 1127 616 1172 diabolo
634 1128 820 1172 errabat.
848 1128 953 1171 Ideo
968 1127 1084 1170 enim
1102 1163 1112 1181 ,
1134 1146 1154 1168 «
1173 1126 1321 1170 Posuit
1338 1161 1347 1180 ‚
1369 1127 1439 1169 in-

53 1213 75 1237 »
101 1196 197 1256 quit
213 1231 224 1251 ,
266 1212 396 1256 supra
436 1207 601 1256 petram
640 1198 772 1258 pedes
808 1214 948 1247 meos,
997 1207 1040 1243 et
1077 1197 1232 1241 direxit
1275 1212 1440 1255 gressus

52 1283 76 1308 »
100 1281 235 1311 meos.
251 1270 377 1311 Petra
390 1277 535 1312 autem
552 1278 643 1312 erat
656 1269 851 1313 Christus
865 1272 896 1312 2.
916 1288 936 1310 »
956 1270 1096 1314 Simus
1113 1284 1242 1328 super
1253 1277 1437 1327 petram,

51 1335 296 1395 dirigantur
318 1353 483 1396 gressus
504 1339 639 1383 nostri
660 1358 668 1383 :
690 1354 798 1398 opus
816 1347 1030 1383 esttamen
1046 1338 1189 1382 adhue
1210 1347 1261 1382 ut
1282 1338 1441 1382 ambu-

50 1405 191 1451 lemus
206 1443 217 1462 ‚
241 1417 292 1451 ut
325 1407 380 1451 ad
402 1407 569 1469 aliquid
591 1410 907 1468 perveniamus.
942 1412 1052 1454 Nam
1080 1409 1240 1453 Paulus
1264 1417 1441 1468 aposto-

51 1474 142 1532 lus,
162 1478 253 1537 jam
291 1493 421 1538 super
441 1489 609 1538 petram
626 1515 636 1535 ,
663 1480 753 1539 jam
777 1479 947 1524 directis
976 1479 1161 1540 pedibus
1189 1480 1300 1534 suis,
1333 1478 1441 1539 quid

51 1546 252 1592 dicebat?
295 1569 315 1591 «
345 1552 442 1595 Non
466 1551 568 1610 quia
593 1552 684 1610 jam
718 1552 980 1611 acceperim,
1010 1561 1085 1595 aut
1112 1553 1200 1611 jam
1223 1550 1442 1610 perfectus

53 1636 75 1659 >›
101 1618 217 1663 simt
248 1618 428 1676 fratres,
457 1636 535 1679 ego
565 1637 654 1666 non
684 1622 870 1666 arbitror
897 1638 967 1666 me.
1001 1621 1336 1682 apprehendisse
1350 1624 1381 1664 ³.
1416 1639 1437 1661 n

51 1689 169 1742 Quid
190 1705 293 1749 ergo
316 1691 394 1734 tibi
411 1691 653 1750 praestitum
676 1702 761 1746 est,
779 1693 813 1736 si
834 1709 923 1736 non
943 1692 1263 1752 apprehendisti
1282 1694 1299 1732 Ρ
1316 1690 1442 1732 Unde

51 1759 204 1816 gratias
227 1760 316 1819 agis
334 1796 344 1815 ‚
381 1776 481 1805 cum
505 1760 636 1805 dicis:
668 1781 687 1800 «
715 1761 799 1802 Sed
822 1760 1158 1803 misericordiam
1181 1767 1441 1802 consecutus

52 1845 74 1870 »
99 1829 252 1871 sum⁴?
275 1845 295 1868 »
322 1827 434 1880 Quia
461 1827 614 1871 directi
645 1836 747 1871 sunt
774 1828 905 1886 pedes
922 1863 932 1882 ,
957 1828 1059 1888 quia
1084 1829 1175 1888 jam
1204 1844 1334 1887 supra
1362 1844 1442 1887 pe-

50 1907 162 1942 tram
184 1896 395 1940 ambulat.
416 1896 533 1950 Quid
563 1897 679 1940 enim
703 1898 792 1941 ait?
820 1917 840 1940 ‹<
866 1900 1011 1942 Unum
1036 1907 1181 1942 autem
1204 1915 1304 1959 quae
1327 1909 1442 1944 retro

53 1984 75 2009 »
101 1965 306 2011 oblitus⁵.
335 1984 355 2008 »
376 1969 484 2020 Quae
506 1969 652 2011 retro?
674 1970 811 2011 Lacus
833 1968 1028 2012 miseriae.
1055 1968 1171 2022 Quid
1186 1979 1274 2024 est,
1302 1971 1443 2013 retro?

51 2037 200 2081 Limus
213 2036 311 2092 luti,
327 2037 690 2097 concupiscentiae
707 2038 914 2093 carnales,
932 2038 1126 2082 tenebrae
1140 2039 1438 2099 iniquitatum.

55 2125 77 2149 «
95 2109 203 2160 Quae
225 2116 340 2151 retro
361 2106 544 2163 oblitus,
568 2108 615 2151 in
630 2123 679 2152 ea
700 2124 799 2168 quae
821 2118 922 2152 ante
945 2118 1046 2152 sunt
1068 2119 1281 2153 extentus.
1307 2128 1326 2150 »
1345 2113 1443 2154 Non

51 2191 97 2221 se
116 2176 280 2221 diceret
299 2186 542 2233 extentum,
567 2178 600 2222 si
615 2179 707 2238 jam
726 2179 1004 2237 pervenisset.
1039 2179 1304 2223 Extenditur
1327 2180 1442 2223 enim

53 2247 222 2292 animus
245 2246 458 2292 desiderio
488 2248 549 2292 rei
572 2249 838 2308 concupitae,
869 2266 959 2294 non
993 2250 1145 2294 laetitia
1178 2260 1438 2295 consecutae.

57 2337 79 2361 «
104 2321 157 2362 ln
170 2333 219 2362 ea
231 2334 330 2378 quae
347 2328 446 2363 ante
458 2329 574 2374 sunt,
590 2320 748 2380 inquit,
765 2331 978 2376 extentus,
1001 2337 1158 2382 sequor
1178 2322 1233 2366 ad
1251 2321 1443 2382 palmam

57 2406 79 2430 »
104 2403 301 2448 supernae
328 2390 563 2434 vocationis
598 2392 675 2435 Dei
696 2391 742 2434 in
774 2392 946 2437 Christo
968 2395 1072 2436 Jesu
1089 2394 1121 2436 ⁶.
1150 2411 1170 2433 »
1198 2393 1439 2449 Currebat⁷

56 2459 319 2520 sequebatur
336 2460 391 2504 ad
405 2460 610 2520 palmam.
631 2464 688 2506 Et
705 2461 788 2506 alio
802 2462 899 2507 loeo
911 2463 1002 2522 jam
1024 2464 1244 2522 proximus
1265 2463 1438 2523 palmae,

102 2562 112 2579 ¹
131 2557 327 2598 Prov.xv1u,
344 2555 375 2589 3.
395 2572 437 2579 —-
457 2564 470 2580 ²
493 2569 505 2589 1
527 2559 599 2590 Cor.
619 2569 651 2598 x,
672 2557 703 2600 4.
724 2575 765 2581 —-
786 2556 799 2581 3
815 2558 927 2601 Philip.
949 2570 997 2600 ιιι,
1016 2567 1067 2601 12,
1095 2559 1147 2590 13.
1169 2577 1211 2582 —
1232 2559 1247 2589 4
1267 2572 1277 2592 1
1300 2561 1381 2592 Tim.
1407 2573 1440 2600 1,

61 2610 111 2643 13.
132 2609 390 2654 -5Philip.u1‚
414 2612 463 2645 13.
485 2629 526 2635 --
551 2610 566 2635 ⁶
589 2609 672 2645 lb'm.
