1841 3223
341 198 422 236 152
762 207 796 237 s.
833 208 1062 237 Aucus-rim
1095 209 1277 236 EPlscol‘l

337 274 557 319 Altissimi.
586 275 670 319 Sed
691 273 797 334 quid
819 274 1030 319 dicimus?
1053 277 1109 319 Et
1127 274 1228 319 hine
1251 272 1580 318 transiliendum
1597 273 1721 319 estin

337 345 456 388 aliud
469 347 486 387 J
503 349 570 389 An
605 346 691 388 liue
727 361 866 405 usquc
898 345 1030 389 habet
1061 361 1148 406 quo
1173 343 1383 389 transiliat
1404 344 1480 404 qui
1510 343 1722 388 transilire

338 416 577 460 desiderat?
609 419 746 460 *foces
785 417 929 475 potius
966 419 1058 478 ejus
1093 416 1333 462 audiamus.
1369 418 1466 460 Jam
1498 416 1613 459 enim
1643 416 1723 459 iste

339 486 580 530 transiliens
605 486 779 530 videtur
796 488 903 531 milii
939 487 1059 548 quod
1079 487 1306 532 habitabat
1329 487 1375 531 in
1404 486 1586 547 eloquiis
1620 485 1720 540 Dei,

339 567 383 602 ct
398 558 459 601 ibi
484 558 637 602 didicit
653 559 769 613 hsce,
791 575 890 619 quae
912 559 1103 603 audituri
1125 573 1288 603 sumus.

403 631 486 673 ΙΙΙ.
518 647 538 670 «
563 629 688 674 Dixi:
716 630 970 675 Custodiam
995 630 1084 674 vias
1105 645 1243 683 meas,
1272 637 1324 672 ut
1355 643 1445 673 non
1473 627 1727 689 delinquam

342 718 363 742 »
388 698 594 757 inlingua
613 699 938 745 mea¹.»Credas
960 699 1081 760 quod
1102 698 1312 758 legendo,
1333 697 1598 754 disserendo,
1618 712 1729 759 prae-

342 769 531 815 dicando
549 805 559 825 ‚
589 769 832 826 monendo,
860 769 1127 830 objurgando
1144 804 1154 824 ,
1179 769 1420 825 hortando,
1452 784 1554 814 eum
1583 784 1728 814 versa-

339 850 460 884 retur
481 840 526 884 in
548 855 698 899 opere,
725 855 825 884 cum
847 849 1117 884 exerceretur
1138 840 1184 883 in
1207 839 1537 884 difficultatibus
1550 839 1730 900 quibus-

341 912 443 956 dam
460 912 660 956 humanis
676 947 687 967 ‚
723 912 856 956 homo
879 926 1007 971 agens
1036 911 1150 955 inter
1170 911 1368 956 homines
1383 947 1394 967 ‚
1421 911 1620 971 quamvis
1637 912 1729 971 jam

342 982 586 1027 transiliens
602 998 673 1027 eos
689 1018 699 1038 ,
725 983 801 1043 qui
823 998 913 1027 non
934 981 1208 1027 delectantur
1226 983 1293 1027 his
1306 1018 1316 1036 ‚
1332 983 1434 1043 quia
1456 982 1635 1027 difficile
1647 991 1726 1037 est,

343 1062 394 1097 ut
416 1053 598 1113 quisque
620 1053 767 1111 lingua
790 1069 878 1098 non
891 1051 1063 1097 labatur
1091 1063 1134 1097 et
1157 1062 1328 1113 peccet,
1358 1072 1376 1094 «
1401 1056 1457 1097 Et
1480 1053 1557 1113 qui
1579 1052 1732 1112 lingua

346 1141 367 1165 >›
394 1140 482 1168 nou
512 1124 732 1182 peccavit,
759 1132 808 1167 ut
830 1124 1039 1183 seriptum
1061 1133 1146 1179 est,
1171 1124 1242 1168 hie
1261 1121 1480 1183 perfectus
1502 1132 1565 1167 est
1582 1123 1681 1168 vir2.
1706 1141 1727 1164 n

344 1193 489 1253 aliqua
507 1192 619 1238 forte
642 1193 897 1254 poenitenda
917 1193 1104 1249 dixerat,
1125 1193 1299 1254 etlapsa
1321 1203 1443 1237 erant
1461 1194 1516 1237 ab
1539 1209 1612 1237 ore
1632 1209 1733 1253 quae

343 1264 476 1309 vellet
498 1280 723 1320 revocare,
755 1280 836 1309 nec
861 1274 1020 1324 posset.
1045 1267 1144 1310 Non
1173 1265 1290 1308 enim
1318 1264 1469 1323 lingua
1499 1264 1659 1309 frustra
1688 1265 1733 1307 in

343 1334 433 1378 udo
456 1344 519 1379 est
536 1370 546 1389 ‚
579 1335 659 1379 nisi
683 1335 784 1395 quia
807 1333 932 1379 facile
958 1335 1134 1379 labitur.
1160 1334 1322 1379 Videns
1350 1350 1453 1394 ergo
1477 1350 1611 1395 quam
1625 1343 1735 1379 esset

343 1404 542 1460 difficile,
569 1415 618 1450 ut
647 1407 944 1450 necessitatem
976 1405 1188 1466 loquendi
1219 1406 1401 1450 haberet
1434 1407 1588 1461 homo,
1614 1414 1658 1451 et
1689 1406 1736 1449 in

342 1474 567 1536 loquendo
597 1492 688 1521 non
709 1475 876 1537 aliquid
898 1475 1081 1532 diceret,
1108 1476 1229 1536 quod
1246 1492 1289 1520 se
1322 1476 1475 1521 dixisse
1505 1475 1668 1534 nollet3
1693 1484 1737 1520 et

344 1548 476 1592 taedio
505 1549 688 1593 affectus
711 1564 761 1592 ex
787 1548 854 1592 his
872 1547 1058 1607 peccatis
1077 1583 1086 1603 ‚
1116 1548 1314 1608 quaesivit
1336 1548 1499 1593 evitare
1512 1548 1629 1592 talia.
1651 1551 1736 1592 Pa-

344 1620 580 1666 titurliane
612 1618 918 1663 difficultatem
940 1618 1199 1663 transiliens.
1225 1621 1324 1664 Non
1357 1635 1427 1663 me
1447 1619 1638 1679 judicet,
1661 1618 1738 1679 qui

344 1691 545 1736 nondum
561 1699 624 1734 est
645 1689 887 1734 transiliens
913 1708 921 1733 :
948 1689 1180 1745 transiliat,
1199 1699 1243 1734 et
1263 1690 1509 1750 experiatur
1529 1689 1650 1751 quod
1671 1689 1740 1734 lo-

345 1778 458 1823 quor
484 1771 616 1806 :tune
635 1760 752 1805 enim
773 1761 855 1804 erit
867 1769 910 1804 et
933 1760 1052 1804 testis
1074 1769 1117 1804 et
1138 1761 1253 1804 filius
1268 1761 1476 1805 veritatis.
1499 1763 1612 1806 Cum
1634 1776 1738 1819 ergo

346 1836 440 1879 haec
463 1834 501 1877 ci
534 1832 834 1890 contigissent,
860 1839 1069 1875 statuerat
1101 1847 1191 1875 non
1227 1831 1373 1891 loqui,
1398 1848 1454 1876 ne
1482 1831 1647 1892 aliquid
1668 1831 1738 1876 di-

346 1913 464 1949 ceret
484 1902 606 1962 quod
621 1901 820 1962 locut-um
837 1917 880 1945 se
897 1916 986 1945 esse
1008 1901 1256 1960 poeniteret.
1275 1904 1368 1946 Hoc
1381 1902 1577 1947 indicant
1599 1904 1739 1962 prima

347 1974 478 2019 verba
497 1975 610 2033 ejus,
642 1991 661 2013 «
687 1972 809 2015 Dixi:
836 1970 1091 2016 Custodiam
1118 1971 1207 2015 vias
1234 1987 1373 2027 meas,
1405 1981 1454 2016 ut
1482 1988 1573 2017 non
1594 1972 1739 2018 delin-

349 2063 370 2087 >›
396 2060 529 2105 quam
547 2045 592 2086 in
612 2042 760 2100 lingua
779 2058 887 2086 mea.
909 2061 928 2083 »
945 2041 1128 2087 Custodi
1141 2057 1244 2100 ergo
1262 2043 1350 2086 vias
1366 2051 1476 2098 tuas,
1497 2059 1523 2087 o
1537 2043 1735 2099 Idithun,

347 2125 391 2159 ct
412 2114 503 2158 noli
525 2113 779 2173 delinquere
795 2111 841 2156 in
863 2111 1013 2170 lingua
1030 2121 1105 2156 tua
1129 2132 1138 2157 :
1158 2111 1378 2172 perpende
1401 2111 1523 2173 quod
1544 2112 1740 2158 dicturus

347 2202 407 2241 es,
424 2184 635 2239 examina,
655 2182 831 2228 consule
849 2183 1098 2227 interiorem
1115 2183 1364 2228 veritatem:
1381 2192 1425 2227 et
1442 2184 1501 2228 sie
1519 2183 1666 2244 profer
1682 2183 1741 2229 ad

348 2255 605 2300 exteriorem
637 2254 896 2298 auditorem.
923 2253 1089 2306 Quaeris
1110 2254 1188 2297 ista
1210 2253 1471 2314 plerumque
1490 2254 1537 2298 in
1562 2264 1739 2314 pertur-

346 2326 523 2370 batione
547 2340 713 2380 rerum,
733 2324 779 2368 in
801 2324 1086 2383 occupatione
1118 2324 1386 2380 animorum,
1420 2323 1528 2369 dum
1549 2325 1641 2385 ipsa
1668 2326 1740 2369 in-

346 2395 526 2440 firmitas
549 2395 721 2450 animae,
736 2409 870 2455 quam
888 2403 1090 2453 aggravat
1108 2410 1265 2454 corpus
1283 2394 1405 2455 quod
1421 2396 1736 2455 corrumpitur,

347 2475 390 2511 et
410 2465 562 2510 audire
583 2465 679 2510 vult
720 2474 764 2509 et
785 2466 950 2521 dicere,
986 2464 1135 2510 audire
1156 2466 1296 2522 intus,
1328 2465 1472 2512 dicere
1505 2464 1631 2521 soris,
1657 2465 1740 2512 ali-

398 2558 408 2575 ¹
427 2552 507 2584 psal.
524 2563 656 2594 xxxviii,
679 2561 710 2586 2.
733 2570 773 2577 ν·-
795 2560 806 2576 ²
825 2552 937 2585 Jacob,
952 2563 1001 2594 ιιι,
1016 2561 1047 2584 2.

1825 778 1827 783 ⁷
1822 626 1831 763 was‘⁴-

1824 821 1831 850 <1
