1841 3223
497 232 739 263 ENARRA'no
771 237 818 264 m
849 235 1052 265 PsALMUM
1083 239 1153 266 ιν.
1426 228 1509 269 543

125 314 235 359 opus
251 307 315 343 est
334 313 505 359 semper
521 300 834 345 tentationibus
848 310 892 345 et
912 301 1269 348 tribulationibus
1286 304 1449 348 erudiri
1465 305 1512 350 in

123 370 207 415 isto
233 369 393 415 saeculo
423 389 432 415 z
458 371 534 415 sed
563 370 763 415 tribulari
787 387 875 416 non
900 388 1152 432 possumus,
1174 375 1254 419 nisi
1276 375 1331 419 ab
1353 375 1412 420 eis
1433 376 1511 436 qui

124 440 255 500 longe
275 442 389 486 fiunt
408 457 433 485 a
452 442 624 486 sanctis.
651 442 1035 503 Longinquitatem
1058 445 1185 489 istam
1201 480 1212 500 ‚
1233 445 1388 490 fratres
1402 481 1413 501 ,
1439 447 1509 490 in-

123 510 304 569 telligite
321 509 462 556 cordis
480 527 593 568 esse,
614 527 703 557 non
720 511 927 572 eorporis.
955 515 1027 558 Fit
1043 516 1157 559 enim
1178 515 1439 577 plerumque
1460 526 1512 561 ut

122 581 200 642 qui
215 597 397 642 corpore
413 581 544 642 longe
565 584 867 643 peregrinatur
888 600 912 629 a
934 594 998 641 te,
1029 587 1288 646 conjunctus
1318 588 1371 632 sit
1400 588 1479 632 tibi
1494 624 1505 644 ,

121 652 225 712 quia
241 653 325 697 hoc
346 661 464 697 amat
482 651 600 713 quod
612 662 661 698 tu
676 672 685 699 :
702 663 745 698 et
759 655 809 698 fit
830 654 1090 716 plerumque
1111 665 1162 701 ut
1182 666 1296 702 stans
1303 658 1424 718 juxta
1447 668 1505 714 te,

121 725 382 785 conjunctus
398 724 562 781 sittibi,
581 725 684 786 quia
700 726 784 770 hoc
806 736 921 771 amat
934 726 1055 787 quod
1073 736 1121 771 tu
1145 746 1154 772 ε
1177 737 1222 772 et
1242 729 1291 773 fit
1311 729 1508 789 plerum-

121 809 209 855 qne
227 803 278 838 ut
299 803 415 839 stans
426 796 550 855 juxta
570 804 614 839 te
629 830 640 851 ,
667 811 718 840 ex
739 811 790 841 eo
811 795 913 857 quia
928 795 1071 857 diligit
1085 797 1318 855 mundum,
1336 815 1437 844 eum
1462 808 1510 844 tu

121 863 273 923 diligas
295 868 432 910 Deum
449 900 460 922 ,
484 865 615 926 longe
633 865 688 911 sit
704 882 727 910 a
749 875 806 911 te.

182 937 265 980 III.
300 935 418 989 Quid
439 951 542 995 ergo
558 936 640 980 sibi
655 936 750 981 vult
765 971 776 992 ,
797 937 914 997 quod
934 936 989 981 ad
1006 937 1148 997 ipsum
1165 937 1342 982 titulum
1365 938 1510 984 adhuc

121 1005 326 1065 pertinet,
345 1006 448 1066 quia
468 1025 489 1048 «
506 1009 759 1051 'senuerunt
772 1021 873 1051 eum
890 1005 1114 1066 Allophyli
1134 1008 1179 1051 in
1197 1008 1337 1052 Geth?
1354 1026 1373 1050 »
1395 1010 1508 1053 Geth

115 1075 266 1120 civitas
279 1076 482 1136 quaedam
500 1085 592 1120 erat
605 1075 960 1136 Allophylorum,
980 1076 1026 1121 id
1048 1086 1126 1132 est,
1148 1077 1506 1135 alienigenarum,

115 1146 270 1207 utique
283 1147 434 1207 populi
447 1147 578 1206 longe
601 1163 624 1191 a
640 1148 810 1192 sanetis.
823 1150 889 1191 Ex
901 1163 951 1192 eo
966 1148 1081 1191 enim
1096 1147 1218 1208 quod
1234 1148 1506 1208 alienigenae,

117 1232 208 1263 non
229 1218 382 1278 utique
403 1218 758 1278 appropinquant
771 1219 950 1274 sanctis,
975 1217 1051 1262 sed
1071 1218 1203 1277 longe
1219 1228 1321 1264 sunt
1338 1236 1362 1264 a
1384 1236 1510 1265 sanc-

115 1289 185 1334 tis.
206 1290 367 1334 Omnes
389 1289 466 1349 qui
488 1299 687 1333 recusant
704 1289 925 1334 Christum
943 1304 1089 1348 regem
1104 1289 1357 1349 alienigenae
1374 1291 1505 1336 fiunt.

116 1362 261 1414 Quare
278 1359 531 1417 alienigenae
553 1360 698 1404 fiunt?
719 1359 830 1413 Quia
853 1369 897 1403 et
916 1359 989 1403 illa
1011 1359 1110 1404 vitis
1132 1361 1332 1419 quamvis
1355 1361 1410 1404 ab
1434 1360 1510 1406 illo

117 1430 311 1492 plantata
329 1466 340 1485 ,
368 1446 512 1474 amara
534 1429 647 1475 facta
670 1429 778 1490 quid
799 1430 996 1475 audivit?
1021 1433 1201 1483 «Quare
1223 1446 1431 1476 conversa
1459 1447 1504 1490 es

118 1518 140 1543 n
175 1501 221 1544 in
238 1499 587 1555 amaritudinem,
610 1500 710 1544 vitis
731 1499 873 1543 aliena
889 1501 931 1541 ²?
950 1518 969 1540 »
996 1502 1091 1544 Nou
1116 1500 1284 1545 dictum
1299 1510 1378 1556 est,
1395 1501 1509 1546 Vitis

116 1585 213 1616 mea
227 1606 238 1626 ,
269 1571 372 1631 quia
409 1571 443 1614 si
469 1585 589 1625 mea,
613 1569 780 1626 duleis,
818 1569 853 1613 si
886 1584 1053 1624 amara,
1084 1585 1174 1614 non
1205 1586 1326 1628 mea,
1363 1571 1397 1615 si
1417 1586 1509 1616 non

115 1656 240 1696 mea,
263 1641 418 1701 utique
440 1640 593 1684 aliena.
624 1659 645 1682 «
661 1640 916 1684 Tenuerunt
942 1655 1045 1699 ergo
1072 1656 1172 1685 eum
1201 1640 1428 1701 Allophyli
1462 1642 1509 1686 in

119 1731 141 1755 »
176 1713 306 1757 Geth.
333 1729 354 1754 »
375 1712 626 1756 Invenimus
643 1710 839 1772 quidem,
865 1710 1033 1766 fratres,
1056 1711 1192 1756 David
1204 1712 1348 1772 ipsum
1369 1711 1508 1771 filium

118 1785 259 1838 Jesse,
285 1797 430 1842 regem
451 1781 580 1826 Israel
593 1817 604 1837 ‚
624 1782 951 1841 peregrinatum
972 1797 1062 1826 esse
1085 1782 1203 1841 apud
1224 1781 1505 1842 Allophylos‚

115 1868 220 1899 cum
237 1862 507 1914 quaereretur
526 1868 549 1896 a
568 1850 737 1906 Safile²,
757 1860 801 1895 et
815 1850 953 1895 fuitin
964 1851 1044 1895 ista
1067 1851 1241 1895 civitate
1255 1860 1299 1896 et
1312 1851 1430 1911 apud
1446 1868 1507 1896 re-

119 1939 217 1984 gem
243 1924 427 1970 civitatis
446 1924 577 1984 hujus
606 1941 615 1968 :
641 1921 716 1966 sed
737 1921 801 1966 ibi
822 1931 1041 1966 retentum
1069 1937 1158 1966 esse
1191 1938 1281 1967 non
1305 1921 1504 1981 legimus.

118 1998 234 2054 Ergo
255 1994 395 2040 David
411 2003 609 2040 nostrum
626 1993 858 2038 Dominum
881 1995 905 2036 J
909 2007 1032 2037 esum
1052 1992 1274 2038 Christum
1290 2003 1443 2038 natum
1457 2010 1508 2038 ex

117 2066 283 2110 semine
293 2065 409 2110 illius
418 2064 571 2120 David,
590 2079 678 2108 non
690 2062 831 2108 solum
846 2071 1099 2118 tenuerunt,
1116 2063 1192 2107 sed
1210 2073 1254 2108 et
1270 2072 1420 2108 tenent
1436 2064 1507 2109 ad-

118 2137 207 2181 huc
227 2135 454 2197 Allophyli
474 2135 521 2179 in
539 2135 668 2179 Geth.
694 2134 809 2178 Geth
831 2133 1015 2177 diximus
1037 2132 1160 2192 quod
1182 2133 1331 2178 civitas
1348 2134 1415 2179 sit.
1439 2137 1506 2178 In-

120 2215 335 2265 terrogata
358 2215 504 2250 autem
521 2203 820 2263 interpretatio
842 2204 972 2264 hujus
994 2203 1196 2258 nominis,
1211 2202 1375 2247 indicat
1398 2207 1506 2248 Tor-

119 2276 256 2322 cular.
277 2277 475 2323 Christus
496 2275 738 2320 secundum
763 2273 885 2334 quod
908 2283 1039 2334 eaput
1069 2273 1264 2319 Salvator
1292 2276 1504 2334 corporis,

119 2347 194 2392 ille
217 2357 345 2392 natus
366 2363 417 2391 ex
437 2346 615 2406 Virgine
628 2345 882 2396 crucifixus,
906 2344 984 2404 qui
1002 2344 1092 2404 jam
1111 2344 1238 2389 nobis
1259 2345 1507 2404 exemplum

120 2419 447 2464 resurrectionis
464 2427 623 2462 nostrae
636 2418 683 2461 in
699 2415 1015 2461 resurreetione
1035 2430 1126 2459 suae
1142 2415 1282 2460 earnis
1299 2417 1505 2471 ostendit,

121 2491 199 2551 qui
214 2489 336 2535 sedet
355 2489 412 2535 ad
425 2489 646 2534 dexteram
664 2490 824 2543 Patris,
841 2496 884 2531 et
905 2502 984 2547 pro
1001 2486 1126 2532 nobis
1146 2486 1418 2547 interpellat,
1444 2496 1508 2533 est

171 2582 180 2600 ¹
200 2577 320 2610 Jerem.
340 2586 376 2617 n,
395 2584 450 2609 21.
471 2591 513 2598 —
532 2582 545 2599 ²
568 2586 579 2607 1
601 2576 679 2616 Reg.
700 2583 767 2616 xxi,
798 2583 849 2605 10.
