1841 3223
211 225 452 255 ENARRATio
484 229 516 255 11
549 229 593 256 lN
626 226 829 256 PsALMUM
862 230 1027 267 xxxw,
1062 228 1188 255 snum.
1225 232 1273 257 11.
1363 223 1411 259 81

34 290 188 336 debuit
215 311 225 337 ε
266 308 357 338 non
392 293 508 336 enim
539 292 731 337 deseruit
753 292 873 337 illam
903 302 1070 353 partem
1096 294 1218 354 quasi
1254 295 1420 353 integer

33 362 153 422 apud
179 363 293 423 ipsos
309 398 320 419 ‚
344 371 396 407 ut
416 372 643 422 appareret
672 379 772 407 eum
801 380 889 408 non
913 364 1186 420 necessitate,
1211 365 1286 409 sed
1306 366 1420 410 elec-

32 432 151 482 tione
165 432 316 477 fecisse
337 451 346 478 :
368 432 469 493 quia
485 432 548 476 ibi
569 447 670 491 ergo
692 433 853 477 habere
874 450 963 478 non
980 434 1126 494 potuit
1155 435 1275 493 quod
1295 452 1420 496 quae-

31 502 184 558 rebat,
210 503 436 564 quaerebat
464 512 610 547 autem
642 518 798 548 vanam
821 502 1057 549 elationem
1089 514 1133 549 et
1164 504 1322 550 falsum
1343 507 1423 551 ho-

29 588 204 628 norem,
231 582 274 617 et
295 573 398 634 quia
419 573 490 617 hic
513 588 603 617 non
623 573 791 618 invenit
811 573 932 633 quod
950 574 1011 618 ibi
1029 575 1247 634 perdidit,
1273 586 1316 620 et
1334 577 1424 636 ipse

29 642 172 703 periit.
192 644 405 688 Gemebat
415 644 600 700 saucius,
620 653 663 688 et
685 660 775 689 non
797 644 1120 690 consolabatur.
1147 649 1284 692 Erant
1306 648 1424 692 enim

28 713 74 757 in
105 714 371 759 conscientia
402 715 495 775 ejus
537 714 677 759 aculei
713 714 943 760 horribiles
972 715 1106 760 taciti.
1144 718 1424 762 Tentavimus

29 784 244 829 consolari
263 801 364 829 eum
386 784 441 829 de
463 785 597 830 verbo
619 785 696 830 Dei
722 805 731 830 2
757 785 833 830 sed
854 784 927 830 ille
950 802 1041 830 non
1063 796 1155 831 erat
1176 788 1231 831 de
1252 789 1426 848 sapien—

29 856 147 901 tibus
177 855 391 913 formicis,
422 873 522 917 quae
543 857 626 901 sibi
657 866 805 901 aestate
828 857 1102 918 collegerunt
1123 858 1242 903 unde
1263 860 1423 917 hyeme

27 925 190 971 vivant.
224 928 336 972 Cum
364 926 483 971 enim
509 942 575 971 res
604 937 706 972 sunt
735 927 1004 989 tranquillae,
1036 938 1144 974 tunc
1177 930 1310 974 homo
1342 930 1423 974 sibi

33 995 234 1055 colligere
256 996 388 1040 debet
406 997 591 1041 verbum
601 998 694 1053 Dei,
720 1007 764 1042 et
781 998 1014 1042 recondere
1035 999 1082 1043 in
1103 999 1263 1045 intimis
1285 999 1426 1045 cordis

33 1067 121 1123 sui,
146 1067 518 1128 quemadmodum
553 1067 733 1114 formica
764 1069 993 1114 abscondit
1015 1070 1062 1114 in
1083 1073 1325 1117 cavernosis
1347 1088 1429 1132 pe-

33 1137 274 1183 netralibus
294 1137 464 1184 labores
486 1140 687 1183 aestatis¹.
714 1142 797 1184 Per
822 1149 1015 1184 aestatem
1039 1141 1154 1185 enim
1182 1152 1306 1187 vacat
1342 1144 1427 1187 hoc

34 1225 159 1268 agere
182 1229 190 1254 :
215 1210 334 1255 venit
355 1219 502 1254 autem
518 1211 694 1268 hyems,
715 1210 762 1255 id
784 1220 847 1255 est
862 1246 873 1267 ,
899 1212 1151 1271 supervenit
1170 1213 1396 1258 tribulatio
1411 1249 1422 1269 ,

34 1290 78 1325 et
94 1280 175 1325 nisi
185 1281 302 1326 intus
315 1281 530 1327 invenerit
543 1280 663 1342 quod
687 1281 802 1338 edat,
822 1298 995 1327 necesse
1012 1292 1075 1327 est
1088 1293 1137 1328 ut
1151 1283 1264 1328 fame
1287 1286 1425 1346 dispe-

33 1360 139 1396 reat.
163 1354 248 1395 Iste
268 1367 371 1411 ergo
389 1351 468 1397 sibi
487 1367 577 1397 non
598 1350 833 1411 collegerat
847 1353 1032 1398 verbum
1049 1354 1148 1410 Dei,
1172 1358 1425 1414 supervenit

32 1421 210 1479 hyems,
236 1438 326 1466 non
361 1422 433 1466 hic
466 1422 633 1468 invenit
667 1423 788 1484 quod
819 1424 1071 1484 quaerebat‚
1104 1425 1316 1470 consolari
1343 1428 1425 1472 nisi

34 1491 136 1536 inde
156 1508 246 1537 non
266 1501 461 1552 poterat,
486 1491 541 1537 de
561 1492 697 1538 verbo
720 1502 867 1537 autem
887 1494 964 1535 Dei
985 1491 1109 1537 nullo
1127 1495 1273 1540 modo.
1299 1499 1424 1542 Intus

34 1563 154 1623 apud
175 1579 218 1607 se
236 1562 346 1608 nihil
361 1564 574 1619 habebat,
598 1562 701 1607 foris
719 1560 840 1622 quod
862 1563 1088 1622 quaerebat
1115 1581 1204 1610 non
1224 1567 1424 1612 invenie-

32 1634 109 1678 bat
135 1653 144 1679 :
171 1634 351 1680 ardebat
371 1634 723 1693 indignationum
745 1642 788 1677 et
822 1631 1023 1678 dolorum
1055 1633 1245 1692 facibus,
1283 1639 1423 1697 agita-

34 1704 168 1748 batur
187 1720 310 1749 mens
333 1706 425 1762 ejus
444 1703 671 1758 violenter,
689 1712 732 1747 et
744 1703 898 1748 tandiu
911 1703 1105 1760 occulte,
1131 1705 1270 1761 donec
1293 1709 1424 1753 etiam

33 1783 280 1834 erumperet
301 1773 347 1817 in
369 1773 579 1834 quosdam
599 1775 783 1833 gemitus
799 1809 810 1829 ,
836 1774 894 1819 ita
918 1784 968 1819 ut
988 1775 1102 1819 inter
1123 1775 1276 1822 fratres
1299 1795 1423 1824 sona-

34 1854 121 1900 ret,
141 1853 186 1889 et
203 1860 248 1889 se
264 1843 401 1888 audiri
424 1844 623 1888 nesciret.
645 1844 928 1900 Videbamus,
954 1854 997 1888 et
1014 1845 1271 1892 dolebamus
1290 1851 1425 1894 vehe-

33 1925 217 1972 menter,
239 1919 355 1960 Deus
376 1915 455 1960 scit
469 1950 481 1972 ,
505 1924 672 1959 tantam
694 1931 873 1975 poenam
895 1915 1067 1971 animae,
1092 1926 1233 1963 tantas
1253 1935 1419 1977 cruces,

33 1996 175 2032 tantas
201 1987 420 2046 gehennas
436 2021 447 2042 ,
482 1995 603 2031 tanta
626 1995 857 2031 tormenta.
885 1986 1000 2040 Quid
1029 1986 1256 2047 pluribus?
1280 1993 1425 2051 Impa—

34 2059 144 2103 tiens
170 2057 256 2102 loci
280 2057 458 2102 humilis
475 2092 487 2114 ‚
511 2058 582 2103 cui
613 2058 647 2103 si
671 2067 839 2118 saperet
854 2093 865 2114 ,
890 2068 1034 2118 posset
1054 2075 1144 2104 esse
1165 2059 1287 2106 locus
1306 2062 1423 2107 salu-

32 2128 149 2184 bris,
188 2126 285 2172 talis
318 2127 544 2187 apparuit,
571 2136 621 2171 ut
643 2129 773 2171 etiam
806 2128 1104 2187 projiceretur.
1137 2132 1290 2192 Neque
1319 2133 1423 2178 hinc

33 2198 261 2259 desperare
295 2197 506 2242 debemus
521 2232 533 2254 ,
563 2196 738 2253 fratres,
766 2197 821 2242 de
843 2197 954 2254 aliis,
981 2199 1057 2259 qui
1078 2198 1192 2245 forte
1214 2202 1424 2261 elegerint

33 2269 288 2325 veritatem,
323 2283 413 2313 non
446 2267 583 2313 secuti
607 2266 772 2313 fuerint
798 2268 1112 2315 necessitatem.
1139 2274 1284 2332 Usque
1313 2273 1423 2319 adeo

34 2339 152 2384 enim
192 2338 248 2384 de
284 2338 448 2385 caeteris
478 2338 801 2399 desperandum
829 2354 920 2383 non
943 2348 1032 2395 est,
1066 2350 1117 2384 ut
1146 2357 1226 2386 nec
1253 2342 1309 2388 de
1341 2344 1425 2390 isto

33 2410 282 2470 desperem,
323 2409 522 2471 quandiu
541 2409 662 2454 vivit.
690 2412 753 2454 De
786 2407 910 2453 nullo
932 2409 1048 2453 enim
1076 2412 1249 2456 vivente
1271 2412 1426 2474 despe-

34 2479 222 2525 randum
244 2488 324 2524 est.
348 2481 443 2524 Hoc
460 2494 583 2538 ergo,
608 2478 783 2535 fratres,
809 2495 860 2524 ex
877 2479 1102 2525 occasione
1118 2481 1200 2527 hac
1217 2483 1324 2529 scire
1347 2486 1425 2529 de-

83 2571 93 2587 1
118 2566 213 2597 Prov.
232 2575 278 2606 vl,
299 2565 335 2606 6,
353 2567 387 2596 et
402 2574 480 2607 xxx,
496 2563 551 2596 25.

249 2628 354 2658 cxv,
1248 2625 1270 2659 6
