1841 3223
400 187 483 228 486
823 202 857 228 s.
893 199 1123 230 AUGUSTIM
1156 203 1337 232 anst-,01³1

397 266 523 310 citur.
552 284 570 306 «
591 265 795 324 Corrupti
818 281 920 324 ergo
943 266 1037 321 isti,
1074 276 1117 311 et
1149 268 1462 313 abominabiles
1491 267 1593 313 faeti
1614 277 1715 313 sunt
1736 269 1782 312 in

401 354 420 375 »
456 335 758 394 iniquitatibus
787 336 887 379 suis.
926 337 1039 380 Dixit
1060 337 1313 397 imprudens
1332 340 1372 383 in
1397 338 1527 383 eorde
1548 355 1626 383 suo
1649 358 1658 383 :
1684 341 1783 384 Non

399 424 418 446 »
454 416 518 450 est
540 410 664 450 Deus.
688 408 729 452 Si
749 406 882 452 Filius
898 407 973 452 Dei
992 418 1055 452 est
1070 444 1080 463 ‚
1109 408 1342 455 descendat
1361 410 1416 454 de
1437 426 1565 455 cruce
1580 412 1610 454 ¹.
1628 429 1648 452 n
1670 413 1782 454 Ecce

396 487 541 537 aperte
560 478 702 523 dicere
723 499 731 524 :
753 499 771 521 «
787 483 883 525 Non
906 491 968 526 est
991 485 1119 526 Deus.
1142 501 1160 523 »

457 550 531 591 lv.
572 548 654 593 Sed
677 551 898 610 quomodo
920 552 1032 595 inter
1047 552 1142 595 illos
1160 552 1293 609 gemit
1314 568 1471 611 corpus
1493 551 1681 596 Christi?
1702 552 1785 595 Ge-

396 629 602 663 muerunt
621 620 732 664 inter
753 621 848 665 illos
873 621 1152 682 Apostoliqui
1175 632 1281 667 tunc
1298 621 1500 673 fuerunt,
1522 621 1784 680 etDiscipuli

395 690 554 734 Christi
579 710 587 734 :
613 691 666 735 ad
690 708 766 736 nos
796 693 862 736 isti
891 693 997 752 quid
1030 694 1283 752 pertinent?
1313 693 1536 753 quomodo
1564 694 1677 737 inter
1705 693 1784 737 hos

396 777 474 805 nos
494 764 782 821 parturimus?
801 764 956 808 Adhuc
979 774 1080 809 sunt
1099 765 1176 825 qui
1198 764 1351 809 dicunt
1370 785 1377 809 :
1399 765 1595 810 Christus
1616 779 1704 809 non
1722 772 1786 807 est

395 835 522 877 Deus.
546 836 638 877 Hoc
656 834 810 878 dieunt
828 836 983 894 pagani
1004 836 1080 896 qui
1098 845 1421 893 remanserunt3
1446 836 1528 880 hoc
1550 836 1692 894 ipsum
1714 833 1785 878 di-

395 913 502 947 eunt
519 904 598 962 ipsi
616 908 639 948 J
646 905 779 959 udaei,
805 907 881 965 qui
896 905 951 949 ad
973 906 1269 950 testimonium
1289 905 1554 950 confusionis
1571 920 1659 950 suae
1681 904 1785 948 ubi-

395 990 482 1034 que
503 973 653 1019 diffusi
674 985 801 1033 sunt3
827 976 909 1021 hoc
929 976 1082 1021 dieunt
1101 987 1144 1021 et
1165 977 1355 1020 haeretiei
1372 977 1514 1020 multi.
1529 978 1726 1036 Namque
1743 984 1787 1019 et

397 1046 545 1089 Ariani
565 1045 768 1091 dixerunt
794 1066 803 1092 2
832 1066 849 1087 «
877 1050 973 1093 Non
989 1057 1052 1091 est
1074 1051 1188 1092 Deus
1209 1068 1216 1092 z
1236 1067 1255 1088 »
1275 1047 1538 1091 Eunomiani
1554 1045 1782 1090 dixerunt:

399 1133 416 1156 «
453 1119 551 1161 Non
583 1126 647 1160 est
677 1120 845 1161 Deus.»
873 1121 970 1163 Huc
1003 1119 1192 1173 aceedit,
1225 1117 1377 1162 fratres
1397 1153 1408 1173 ‚
1435 1117 1537 1177 quia
1566 1126 1609 1161 et
1642 1115 1704 1160 illi
1732 1115 1787 1160 de

395 1188 554 1248 quibus
578 1188 708 1247 paulo
732 1199 831 1233 ante
854 1189 942 1234 dixi
959 1225 970 1245 ,
1001 1190 1075 1250 qui
1102 1189 1211 1233 male
1232 1190 1408 1238 vivunt,
1434 1187 1544 1232 nihil
1581 1187 1699 1232 aliud
1717 1186 1786 1230 di.-

395 1270 502 1304 erint
529 1276 661 1320 quam
681 1280 688 1304 :
707 1264 802 1306 Non
825 1272 888 1306 est
912 1265 1038 1305 Deus.
1066 1265 1177 1307 Cum
1201 1262 1316 1305 enim
1343 1260 1526 1305 dicimus
1557 1259 1615 1302 eis
1638 1259 1787 1303 Chris-

393 1339 489 1374 tum
502 1340 737 1375 venturum
757 1331 950 1391 judicem
977 1332 1265 1392 adjudicium
1282 1367 1292 1386 ‚
1326 1330 1447 1390 quod
1471 1330 1625 1374 dieunt
1649 1330 1789 1389 Serip-

395 1411 504 1445 turae
523 1419 622 1462 quse
645 1418 733 1446 non
756 1402 916 1446 fallunt
944 1421 952 1447 ι
978 1402 1040 1446 illi
1063 1413 1208 1446 autem
1234 1402 1366 1460 magis
1383 1417 1529 1445 aurem
1546 1401 1789 1460 praebentes

395 1475 583 1532 serpenti
605 1475 875 1533 suggerenti:
906 1494 924 1516 «
948 1477 1043 1519 Non
1065 1483 1205 1518 morte
1224 1473 1458 1527 morieris·2‚
1478 1491 1497 1513 n
1525 1472 1644 1532 quod
1667 1471 1789 1516 dixe-

395 1554 461 1587 rat
482 1545 526 1587 in
548 1544 770 1603 paradiso,
803 1553 954 1588 eontra
979 1545 1203 1587 veritatem
1228 1544 1303 1588 Dei
1325 1543 1626 1587 constituentis
1649 1551 1692 1586 et
1719 1542 1789 1586 di-

395 1615 558 1658 centis:
589 1633 608 1654 «
629 1617 769 1657 Morte
784 1614 975 1658 morieris
993 1616 1036 1671 ³3
1063 1633 1081 1655 »
1110 1615 1168 1658 ita
1202 1613 1363 1657 faciunt
1406 1612 1540 1667 mala,
1565 1621 1614 1655 ut
1643 1613 1790 1657 dicant

393 1685 475 1729 sihi
496 1704 504 1728 :
525 1685 890 1729 VenietChristus
907 1720 917 1739 ‚
944 1695 985 1728 et
1008 1685 1131 1729 dabit
1152 1683 1467 1741 indulgentiam
1489 1683 1706 1727 omnibus.
1725 1686 1790 1727 Ita

395 1770 497 1813 ergo
517 1754 699 1798 mendax
718 1765 782 1799 est
807 1755 878 1798 ille
900 1756 976 1815 qui
1000 1755 1134 1810 dixit,
1161 1756 1262 1815 quia
1289 1754 1506 1814 separabit
1530 1754 1702 1813 iniquos
1735 1752 1791 1797 ad

397 1826 628 1877 sinistram,
646 1826 1014 1885 separabitjustos
1036 1826 1089 1868 ad
1112 1825 1332 1869 dexteram
1353 1844 1361 1869 ;
1382 1825 1506 1884 justis
1519 1823 1634 1868 dicet
1651 1843 1660 1868 ε
1677 1826 1792 1868 «Ve-

398 1914 417 1936 »
454 1895 543 1939 nite
578 1895 795 1939 benedieti
826 1896 961 1939 Patris
990 1896 1070 1938 mei
1089 1931 1098 1949 ‚
1126 1895 1334 1954 percipite
1362 1910 1543 1952 regnum
1566 1895 1684 1954 quod
1711 1910 1789 1953 pa—

398 1984 417 2006 »
455 1975 597 2009 ratum
616 1966 811 2009 estvohis
834 1966 888 2009 ab
911 1967 1074 2023 origine
1096 1965 1250 2009 mundi
1269 1985 1277 2009 :
1307 1984 1325 2006 »
1348 1965 1507 2025 iniquis
1528 1964 1644 2008 dicet
1663 1984 1671 2009 :
1691 1984 1711 2006 «
1728 1968 1791 2008 Ite

398 2055 417 2077 »
453 2036 667 2093 inignem
704 2045 917 2080 aeternum
956 2037 1033 2095 qui
1058 2046 1232 2095 paratus
1270 2045 1332 2080 est
1364 2034 1540 2079 diabolo
1563 2044 1606 2078 et
1628 2034 1789 2092 angelis

397 2126 416 2147 »
453 2108 543 2165 ejus
560 2108 590 2148 ⁴.
616 2126 634 2147 »
662 2106 893 2158 Quomodo
921 2122 1024 2164 ergo
1051 2107 1253 2150 omnibus
1283 2106 1407 2150 dabit
1438 2105 1790 2164 indulgentiam?

392 2176 624 2230 Quomodo
649 2177 866 2220 neminem
892 2176 1151 2220 damnabit?
1175 2180 1289 2235 Ergo
1325 2176 1570 2220 mentitur?
1607 2179 1698 2220 Hoc
1725 2185 1790 2220 est

393 2249 536 2291 dicere
556 2267 563 2291 :
589 2267 608 2289 «
626 2250 723 2292 Non
742 2257 803 2290 est
824 2250 948 2291 Deus.
971 2246 1112 2290 »Vide
1139 2263 1241 2305 ergo
1261 2262 1316 2290 ne
1338 2247 1451 2291 forte
1474 2256 1522 2290 tu
1545 2246 1785 2289 mentiaris.

395 2320 460 2361 Tu
482 2318 598 2361 enim
622 2319 753 2361 homo
776 2333 819 2361 es
835 2353 844 2371 ,
872 2317 942 2361 ille
962 2321 1074 2361 Deus
1097 2337 1105 2362 :
1133 2321 1243 2361 Deus
1265 2318 1380 2361 enim
1398 2332 1529 2360 verax
1551 2335 1560 2360 ε
1591 2334 1611 2358 (ι
1635 2317 1788 2360 Omnis

397 2407 416 2428 »
453 2398 597 2432 autem
632 2389 763 2432 homo
790 2387 1022 2432 mendaxf’.
1045 2407 1063 2428 »
1099 2388 1183 2432 Sed
1209 2389 1315 2448 quid
1346 2387 1400 2432 de
1425 2388 1535 2441 istis,
1569 2403 1594 2431 o
1627 2402 1785 2446 corpus
1826 2403 1829 2422 τ

441 2491 446 2504 ¹
469 2484 579 2514 Matth.
603 2495 704 2523 xxvii,
725 2483 779 2525 ᾧ).
800 2501 840 2506 —-
861 2491 873 2506 ²
888 2488 968 2515 Gen.
989 2495 1037 2520 in,
1066 2483 1094 2524 Ι,
1122 2501 1162 2505 -
1184 2483 1196 2506 ³
1223 2485 1268 2515 Id.
1290 2495 1327 2517 ιι,
1352 2494 1401 2526 ¹7-
1423 2501 1464 2506 —-
1484 2481 1498 2507 4
1515 2483 1626 2515 Mani..
1644 2493 1720 2522 xxv,
1737 2481 1788 2522 34

396 2544 427 2570 et
455 2539 504 2579 '¹¹-
523 2556 564 2561 —
580 2538 594 2560 5
615 2539 694 2570 l’ffid.
714 2550 784 2578 exv,
808 2551 858 2571 11.
