1841 3223
421 260 663 289 ENARRATIO
695 263 740 290 ΙΝ
773 260 976 289 PsALMUM
1010 262 1130 289 xnx.
1375 247 1451 289 411

13 376 16 379 ⁸
74 324 258 379 debunt,
273 339 362 370 non
372 325 571 384 amplius.
588 326 672 370 Ubi
689 341 792 384 ergo
804 325 884 370 erit
897 325 1115 385 apostolus
1128 323 1314 369 Paulus?
1327 327 1466 370 Num--

0 2320 2 2349 s

0 2370 2 2416 l

0 2418 2 2491 l

0 2599 5 2738 i

73 395 182 455 quid
198 394 300 439 inde
322 404 543 454 separatus
565 396 673 439 erit?
695 396 820 440 Absit
845 405 895 439 ut
921 396 1005 440 hoc
1027 395 1222 439 ditamus
1239 430 1249 449 ,
1277 395 1389 439 absit
1410 405 1461 440 ut

72 466 158 510 hoc
173 463 242 510 vel
258 465 388 509 tacite
402 465 659 524 cogitemus.
681 464 794 518 Quid
806 466 839 509 si
852 481 954 524 ergo
968 466 1013 509 in
1034 465 1131 510 loco
1146 468 1169 509 J
1176 464 1272 509 udae
1286 466 1376 525 ipse
1388 481 1460 510 re-

73 534 256 579 sidebit?
281 535 365 580 Sed
385 534 674 580 manifestavit
704 536 922 594 Scriptura
945 534 1111 590 divina,
1136 536 1231 596 quis
1260 535 1304 579 in
1331 535 1458 580 Judae

71 604 170 649 loco
184 605 238 649 sit
264 604 489 650 ordinatus
516 625 524 650 :
548 606 752 650 Matthias
771 605 887 649 enim
909 615 972 650 cst
994 621 1189 665 expresse
1210 607 1459 651 nominatus

71 676 118 720 in
139 676 321 720 Actibus
343 676 652 736 Apostolorum
669 712 680 731 ,
712 686 762 720 ut
789 675 844 720 de
870 676 945 721 illo
978 676 1180 721 dubitare
1202 693 1292 722 non
1317 694 1459 738 posse-

70 750 207 792 mus1.
233 747 426 793 Cadente
458 763 560 807 ergo
589 747 702 792 Juda
723 748 928 807 impletus
960 757 1024 792 est
1046 764 1253 793 numerus
1289 749 1458 794 duode-

70 817 233 861 narius.
263 819 376 863 Cum
404 833 506 877 ergo
531 817 604 862 ille
631 833 839 862 numerus
863 817 1157 863 duodenarius
1181 820 1458 879 occupaverit

70 885 304 932 duodecim
318 888 460 951 sedes,
478 904 567 933 non
575 887 792 948 judicabit
808 889 967 933 Paulus
989 888 1236 949 apostolus?
1258 893 1326 934 An
1344 889 1457 935 forte

68 966 184 1002 stans
207 957 452 1018 judicabit?
470 962 568 1005 Nou
593 960 652 1003 ita
680 968 744 1003 est
770 979 778 1003 ;
804 975 894 1003 non
920 958 1046 1003 faciet
1076 960 1160 1004 hoc
1186 959 1260 1004 ille
1276 961 1456 1021 justitiae

67 1027 306 1073 retributor
326 1048 336 1073 ε
361 1045 451 1074 non
473 1029 652 1074 omnino
674 1038 790 1074 stans
799 1028 1015 1089 judicabit
1040 1030 1115 1090 qui
1136 1030 1234 1089 plus
1253 1031 1456 1076 omnibus

66 1097 151 1143 illis
170 1098 422 1145 laboravit2.
437 1103 564 1146 Certe
581 1099 650 1145 vel
670 1102 749 1145 iste
771 1117 884 1145 unus
912 1101 1132 1160 apostolus
1159 1101 1319 1146 Paulus
1340 1103 1456 1161 cogit

65 1184 146 1214 nos
175 1169 426 1229 diligentius
453 1171 642 1230 cogitare
671 1180 711 1216 et
735 1171 1019 1230 perscrutari,
1051 1187 1185 1231 quare
1213 1171 1341 1216 dictae
1371 1173 1455 1217 sint

66 1239 298 1285 duodecim
339 1241 475 1286 sedes.
524 1242 775 1286 Invenimus
808 1243 922 1286 enim
956 1252 1000 1286 et
1036 1242 1139 1287 alios
1167 1258 1370 1288 numeros
1408 1244 1454 1288 in

66 1311 300 1371 Scripturis
333 1310 660 1356 multitudinem
686 1312 992 1371 significantes.
1029 1313 1234 1374 Quinque
1268 1314 1453 1372 virgines

65 1382 375 1438 admittuntur,
413 1382 610 1443 quinque
654 1381 987 1427 excluduntur&
1028 1383 1218 1428 Ubilibet
1260 1384 1454 1444 intellige

62 1452 248 1511 virgines
264 1487 276 1508 ,
300 1453 388 1497 sive
409 1453 455 1497 in
476 1454 669 1498 castitate
682 1463 813 1514 atque
831 1455 1079 1514 integritate
1099 1456 1262 1511 cordis,
1281 1456 1358 1500 ubi
1381 1455 1455 1499 de-

63 1522 139 1567 bet
154 1522 275 1582 virgo
297 1538 387 1568 esse
408 1533 499 1568 tota
522 1523 714 1570 Ecclesia
728 1560 738 1580 ,
759 1525 829 1569 cui
852 1524 1034 1570 dicitur:
1060 1545 1078 1566 «
1099 1526 1362 1586 Desponsavi
1379 1542 1454 1571 vos

67 1611 87 1635 »
121 1594 199 1637 uni
219 1593 334 1648 viro,
359 1594 570 1653 virginem
592 1604 752 1639 castam
774 1595 978 1639 exhibere
997 1596 1169 1641 Christo
1189 1599 1228 1641 4z
1257 1616 1277 1638 »
1304 1597 1454 1641 sivein

61 1663 127 1709 his
143 1664 334 1709 foeminis
347 1682 446 1726 quae
464 1667 593 1710 etiam
610 1667 903 1726 integritatem
920 1668 1059 1712 carnis
1077 1667 1265 1712 dicatam
1288 1669 1453 1713 habent

60 1737 177 1790 Deo,
197 1735 416 1796 numquid
438 1735 485 1780 in
506 1745 573 1781 tot
592 1736 787 1781 millibus
809 1737 911 1781 solae
933 1738 1129 1798 quinque
1149 1741 1276 1782 sunt?
1301 1737 1386 1783 Sed
1407 1739 1454 1782 in

60 1805 259 1865 quinario
271 1821 454 1850 numero
470 1806 728 1865 intelligitur
744 1807 1014 1851 continentia
1032 1809 1229 1868 quinque
1247 1824 1453 1852 sensuum

59 1876 214 1919 carnis.
240 1877 415 1918 Etenim
445 1877 595 1920 multis
619 1878 740 1921 venit
762 1878 987 1937 corruptio
1011 1893 1089 1937 per
1112 1878 1282 1933 oculos,
1307 1878 1454 1922 multis

58 1960 138 2004 per
158 1960 306 1989 aurem
325 1980 336 2000 ,
361 1944 509 1989 multis
530 1961 608 2005 per
629 1944 833 1989 illicitum
856 1945 1092 2000 olfactum,
1114 1946 1263 1991 multis
1283 1963 1359 2007 per
1376 1963 1454 1992 ne-

59 2014 215 2060 farium
238 2025 437 2075 gustum,
474 2015 622 2060 multis
649 2031 726 2076 per
747 2016 1044 2061 adulterinum
1069 2016 1320 2077 amplexum
1354 2038 1362 2063 1
1399 2020 1453 2063 ab

57 2086 126 2131 his
159 2086 362 2131 omnibus
396 2086 592 2147 quinque
614 2087 758 2147 januis
789 2088 1079 2147 corruptionis
1112 2089 1378 2149 quicumque
1408 2106 1453 2134 se

59 2157 314 2212 continent5
336 2166 380 2201 et
400 2157 459 2202 sic
480 2158 708 2202 continent
736 2167 785 2201 ut
807 2158 853 2201 in
883 2174 958 2202 sua
986 2159 1247 2203 conscientia
1270 2159 1451 2217 gloriam

58 2227 251 2271 habeant
267 2262 278 2282 ‚
311 2243 400 2271 non
422 2226 598 2271 laudem
623 2228 676 2272 ab
698 2228 947 2272 hominibus
981 2238 1231 2289 expectent3
1255 2230 1452 2291 quinque

56 2307 158 2342 sunt
178 2298 364 2356 virgines
386 2299 614 2358 sapientes,
628 2300 840 2344 habentes
853 2300 998 2345 oleum
1019 2316 1166 2345 secum
1182 2303 1212 2345 ⁵.
1235 2301 1349 2354 Quid
1367 2311 1446 2357 est,

56 2368 202 2414 oleum
232 2368 444 2414 habentes
477 2373 653 2414 secum?
679 2370 824 2415 Gloria
848 2381 993 2415 nostra
1016 2372 1110 2416 haec
1133 2381 1217 2427 est,
1250 2373 1449 2417 testimo-

54 2439 178 2483 nium
199 2439 471 2484 conscientiae
493 2444 700 2486 nostraess.
737 2445 903 2486 Rursus
936 2441 1008 2485 ille
1037 2442 1114 2502 qui
1140 2442 1259 2502 apud
1287 2442 1448 2488 inferos

106 2540 115 2556 ¹
133 2534 213 2568 Act.
237 2547 261 2576 1,
279 2535 334 2568 26.
355 2553 396 2558 —
418 2543 430 2559 ²
453 2545 472 2568 2
491 2539 563 2569 Cor.
582 2549 638 2578 xv,
661 2548 711 2569 10.
731 2550 767 2559 -ι-
791 2536 804 2560 3
823 2537 933 2569 Matth.
976 2548 1053 2579 xxv,
1084 2548 1194 2572 10-12.
1228 2557 1269 2562 —-
1288 2538 1304 2569 4
1325 2550 1343 2571 2
1372 2542 1444 2573 Cor.

55 2600 101 2632 xi,
120 2601 151 2623 2.
168 2607 209 2614 —
227 2589 242 2614 ⁵
255 2591 368 2624 Matth.
387 2603 460 2634 xm,
482 2591 534 2634 14.
556 2609 595 2615 —
611 2590 627 2615 6
643 2601 662 2625 2
680 2594 750 2625 Cor.
771 2604 804 2634 v,
825 2602 874 2625 12.
