1841 3223
382 202 465 242 392
824 213 857 240 s.
893 210 1123 240 Aucus'ruu
1155 211 1337 240 EPISCOPI

376 280 510 334 mari,
541 279 728 338 jactatur
766 277 971 322 ssuctibus
1007 287 1051 322 et
1083 278 1356 322 sscvientibus
1400 278 1757 338 tempestatibus,

376 349 511 393 dicit?
536 352 648 392 Deus
682 349 864 393 redimet
897 348 1085 392 animam
1118 364 1273 393 meam.
1303 348 1494 393 Liberari
1519 347 1676 393 volunt
1707 347 1762 392 ad

376 421 502 464 istam
523 419 673 463 vitam.
698 422 796 466 Non
813 428 876 463 est
897 420 976 465 ista
997 437 1080 465 vox
1101 421 1245 481 hujus.
1270 421 1385 465 Audi
1408 420 1515 480 quid
1532 419 1727 480 sequitur
1748 438 1758 464 t

381 511 402 533 «
437 495 550 535 Deus
572 491 756 536 redimet
775 493 961 537 animam
984 509 1126 537 meam
1149 492 1202 537 de
1221 508 1351 537 manu
1372 490 1544 547 inferni,
1571 507 1670 535 cum
1689 507 1763 536 ae-

377 579 402 604 »
436 563 597 622 ceperit
616 578 699 606 me.
719 581 739 604 n
767 566 889 609 Hane
911 563 1252 623 redemptionem
1274 563 1395 618 dicit,
1415 578 1548 624 quam
1569 562 1765 607 Christus

371 639 463 689 jam
482 634 525 676 in
543 648 587 677 sc
607 633 810 678 ostendit.
832 634 1062 678 Descendit
1079 634 1193 677 enim
1218 633 1274 678 ad
1294 632 1453 678 inferos
1469 668 1479 688 ,
1509 642 1552 677 et
1573 632 1766 677 aseendit

378 706 425 750 in
453 705 631 750 eoelum.
650 705 779 759 Quod
800 705 990 750 vidimus
1009 707 1053 748 in
1076 705 1231 765 capite,
1248 704 1492 750 invenimus
1508 704 1552 748 in
1566 706 1763 763 eorpoi'e.

380 775 506 829 Quod
533 777 646 819 enim
677 775 890 819 eredimus
917 776 961 819 in
985 776 1126 835 eapite
1143 811 1154 831 ,
1187 775 1261 836 qui
1285 774 1512 830 viderunt,
1542 774 1621 834 ipsi
1643 774 1767 818 nobis

381 847 752 891 annuntiaverunt
769 881 779 900 ,
807 855 849 889 et
864 861 940 905 per
962 847 1073 905 ipsos
1093 846 1302 901 vidimus,
1329 846 1431 906 quia
1455 861 1594 889 unum
1612 860 1768 904 corpus

382 932 531 961 omnes
553 932 700 960 sumus
715 916 750 959 11
786 915 870 961 Sed
891 915 1088 961 meliores
1110 916 1173 960 illi
1196 917 1272 976 qui
1299 916 1526 971 viderunt,
1547 931 1625 960 nos
1648 915 1770 960 dete-

381 989 516 1032 riores
541 987 701 1047 quibus
731 987 1037 1031 annuntiatum
1063 990 1151 1031 est?
1174 990 1270 1032 Non
1289 987 1373 1031 hoe
1401 987 1507 1031 dicit
1538 987 1628 1047 ipsa
1649 986 1736 1031 vita
1755 1021 1767 1041 ,

382 1060 473 1117 ipsc
501 1067 644 1117 pastor
679 1066 838 1102 noster.
878 1057 1062 1102 Insultat
1091 1058 1207 1112 enim
1240 1057 1413 1102 cuidam
1435 1056 1660 1116 Discipulo
1693 1071 1772 1101 suo

383 1128 620 1183 dubitanti,
641 1137 685 1172 et
707 1128 923 1172 cicatrices
938 1127 1114 1188 palpare
1136 1128 1329 1188 cupienti
1347 1148 1355 1173 ε
1378 1137 1536 1172 etcum
1559 1127 1773 1187 palpasset

384 1200 624 1255 cicatrices,
665 1209 707 1244 et
736 1199 1036 1255 exclamasset,
1070 1200 1216 1244 dicens
1242 1220 1250 1244 :
1287 1220 1307 1243 «
1336 1200 1546 1244 Dominus
1580 1214 1700 1243 meus
1730 1207 1773 1243 et

388 1290 408 1313 υ
445 1276 558 1316 Deus
590 1287 710 1316 meus
735 1292 743 1316 :
779 1290 798 1313 >›
824 1271 974 1316 videns
1007 1271 1282 1315 dubitantem
1310 1270 1577 1331 Diseipulum
1594 1305 1605 1326 ,
1632 1279 1675 1314 et
1701 1270 1772 1313 in-

386 1352 512 1387 tuens
535 1352 675 1387 totum
699 1343 852 1387 orbem
870 1352 1083 1386 terrarum
1101 1342 1370 1386 crediturum
1392 1361 1401 1386 2
1432 1361 1452 1384 «
1477 1341 1588 1395 Quia
1609 1340 1771 1396 vidisti,

389 1431 409 1454 »
445 1413 611 1473 inquit,
633 1413 852 1457 credidisti
874 1432 882 1456 ε
911 1413 1027 1457 beati
1056 1413 1132 1473 qui
1155 1428 1244 1456 non
1271 1412 1445 1467 vident,
1474 1421 1518 1456 et
1539 1410 1772 1456 credunt2.

390 1502 410 1525 »
446 1486 758 1527 Verumtamen
773 1486 886 1526 Deus
909 1482 1092 1527 redimet
1113 1483 1300 1545 animam
1315 1498 1457 1526 meam
1479 1483 1534 1526 de
1553 1498 1687 1525 manu
1709 1481 1778 1525 in-

391 1573 412 1596 »
448 1555 581 1609 ferni,
602 1570 703 1598 cum
726 1555 939 1614 acceperit
956 1570 1041 1598 me.
1063 1573 1082 1595 »
1107 1555 1187 1598 Hie
1211 1568 1312 1612 ergo
1329 1553 1465 1614 quid?
1483 1553 1642 1608 Labor,
1657 1567 1779 1612 pres-

388 1640 503 1680 sura,
519 1625 759 1673 tribulatio,
779 1625 984 1670 tentatio:
1001 1624 1109 1668 nihil
1123 1623 1242 1668 aliud
1264 1640 1421 1684 speres.
1440 1624 1524 1669 Ubi
1544 1622 1779 1682 gaudium?

391 1700 442 1740 ln
465 1712 538 1755 spe
556 1695 718 1740 futura.
739 1699 846 1741 Nam
862 1696 967 1740 dicit
981 1695 1236 1756 Apostolus:
1256 1715 1275 1738 «
1292 1699 1470 1756 Semper
1485 1695 1737 1755 gaudentes.
1754 1712 1774 1735 »

392 1771 443 1811 'ln
466 1767 595 1811 tantis
619 1766 997 1822 tribulationibus,
1024 1783 1193 1827 semper
1219 1766 1470 1825 gaudentes,
1496 1782 1665 1826 semper
1685 1766 1781 1809 tris-

390 1847 454 1882 tes
476 1858 484 1882 :
511 1854 680 1898 semper
702 1837 938 1895 gaudentes
955 1873 965 1891 ,
996 1838 1097 1897 quia
1130 1839 1220 1896 ipse
1244 1837 1351 1880 dixit
1376 1854 1384 1878 z
1410 1857 1429 1879 «
1455 1837 1586 1889 Quasi
1610 1835 1749 1880 tristes
1765 1871 1776 1891 ,

392 1928 413 1951 »
449 1925 618 1968 semper
659 1918 805 1952 autem
840 1908 1077 1965 gaudentes
1101 1909 1132 1951 3.
1169 1926 1189 1948 ))
1236 1907 1422 1951 Tristitia
1463 1916 1610 1951 nostra
1647 1907 1781 1952 habet

395 2000 415 2022 α
450 1979 610 2036 Quasi3
639 1997 659 2019 »
687 1977 896 2037 gaudium
921 1987 1119 2023 nostrum
1141 1978 1382 2022 nonhabet
1407 1998 1426 2020 «
1446 1978 1604 2035 Quasi,
1631 1996 1652 2019 »
1678 1978 1781 2038 quia

391 2050 438 2100 in
465 2065 539 2109 spe
566 2058 683 2093 certa
706 2058 783 2092 est.
818 2051 961 2102 Quare
994 2049 1164 2093 tristitia
1195 2058 1341 2093 nostra
1367 2067 1387 2090 «
1413 2049 1546 2101 Quasi
1569 2069 1586 2090 »
1617 2048 1781 2093 habet?

391 2121 503 2173 Quia
544 2119 656 2163 sicut
693 2135 869 2163 somnus
906 2119 1120 2164 transiet:
1158 2139 1177 2161 (ι
1208 2122 1264 2163 Et
1297 2118 1644 2163 dominabuntur
1676 2121 1781 2164 recti

395 2209 415 2231 »
451 2206 593 2234 mane.
616 2209 635 2230 »
661 2190 791 2234 Novit
811 2189 926 2232 enim
951 2190 1146 2234 Charitas
1164 2192 1331 2245 Vestra,
1347 2190 1449 2250 quia
1471 2190 1545 2250 qui
1564 2191 1781 2235 somnium

392 2262 577 2315 indicat,
604 2259 727 2304 addit
750 2279 769 2302 «
796 2260 927 2313 Quasi
946 2280 953 2305 :
975 2279 994 2302 »
1013 2262 1144 2313 Quasi
1162 2260 1383 2317 sedebam,
1403 2260 1527 2320 quasi
1549 2259 1779 2321 loquebar,

392 2331 515 2390 quasi
546 2331 842 2390 prandebam,
875 2331 997 2391 quasi
1029 2331 1299 2390 equitabam,
1332 2332 1454 2392 quasi
1488 2332 1777 2391 disputabam.

396 2404 553 2446 Totum
587 2401 736 2461 quasi,
761 2402 863 2461 quia
886 2417 986 2445 eum
1020 2401 1311 2460 evigilaverit,
1346 2419 1435 2447 non
1465 2402 1633 2447 invenit
1661 2403 1783 2464 quod

393 2471 584 2516 videbat.
617 2472 745 2525 Quasi
770 2472 1022 2516 thesaurum
1044 2473 1316 2530 inveneram,
1341 2472 1447 2518 dicit
1469 2473 1710 2518 mendicus.
1740 2475 1782 2519 Si

443 2562 451 2578 ¹
472 2568 482 2586 ι
505 2558 578 2588 Cor.
600 2567 654 2597 xn,
678 2565 730 2599 πῆ,
750 2564 782 2588 et
798 2559 887 2589 Rom.
910 2568 963 2599 xii,
980 2557 1065 2590 5.*-
1085 2564 1096 2580 ²
1112 2559 1206 2589 Joan.
1225 2568 1281 2599 xx,
1301 2558 1357 2597 28,
1377 2567 1432 2599 29.
1449 2575 1489 2580 —
1511 2556 1553 2590 32
1568 2560 1645 2591 Cor.
1668 2568 1711 2600 vi,
1730 2568 1779 2590 10.
