1841 3223
404 233 457 270 92
837 244 869 269 s.
906 240 1136 269 Aucusrxm
1169 240 1350 268 13121500121

401 318 563 368 postea.
596 311 652 352 Et
684 323 784 352 cum
820 315 1024 351 tractaret
1051 306 1167 350 idem
1196 305 1419 366 sequentia
1448 306 1695 364 recitavit:)
1724 331 1778 338 ——

404 397 424 420 «
458 379 742 424 Maximianus
758 412 769 432 ,
792 376 1066 432 Theodorus,
1091 377 1336 421 Anastasius
1351 412 1362 432 ,
1388 376 1668 431 Donatianus,
1691 378 1782 420 Do-

399 458 542 502 natus,
568 448 676 491 alius
696 451 887 492 Donatus
904 483 914 503 ,
941 447 1221 507 Pomponius,
1242 447 1507 502 Pancratius,
1533 446 1780 500 Januarius,

401 519 694 574 Secundinus,
736 519 954 563 Pascasius
972 554 983 574 ,
1014 519 1270 564 Cresconius
1291 553 1301 573 ,
1347 518 1636 578 Rogafianus,
1677 516 1785 561 alius

398 591 700 646 Maximianus,
721 592 982 646 Benenatus,
1009 592 1213 645 Gaianus,
1240 590 1505 645 Victorinus,
1531 588 1782 643 Guntasius,

399 662 675 717 Quintasius,
714 661 972 706 Felicianus.
1006 680 1026 703 ³)
1058 664 1154 721 (Et
1185 677 1284 706 cum
1314 661 1535 716 recitaret,
1569 659 1685 703 idem
1715 659 1785 703 di-

397 733 460 777 xit
482 735 522 791 2)
542 736 626 777 Iste
650 742 714 777 est
735 733 996 777 Mustitanus
1016 732 1092 792 qui
1114 731 1257 777 adhue
1279 731 1417 776 vivit?
1442 730 1526 776 Sed
1549 730 1659 775 forte
1677 729 1785 774 alius

398 813 461 848 est
474 803 665 848 aliunde.
688 808 839 848 Postea
854 803 1173 847 subscribentes
1195 802 1349 846 dicunt
1369 811 1411 845 et
1427 801 1522 846 loca
1540 799 1658 845 unde
1673 801 1788 862 quis-

398 890 485 935 que
514 884 619 918 erat.
657 877 835 919 Etcum
857 883 1088 929 tractaret,
1119 872 1234 916 idem
1267 872 1491 933 sequentia
1525 872 1722 917 recitavit
1743 874 1788 930 :)

397 972 457 980 -
477 965 497 987 «
525 945 715 1000 Salvius,
741 945 958 1004 Migginus
974 979 984 999 ,
1004 943 1236 999 Proculus,
1264 943 1460 999 Latinus,
1485 952 1529 988 et
1546 943 1690 987 caeteri
1713 944 1788 1004 qui

398 1017 443 1060 in
465 1015 650 1061 concilio
677 1016 794 1076 apud
817 1015 1067 1061 Cabarsussi
1087 1013 1250 1062 fuimus
1268 1017 1348 1074 (7),
1380 1015 1425 1059 in
1452 1014 1637 1059 Domino
1662 1022 1792 1058 aeter-

398 1102 500 1130 nam
522 1086 719 1130 salutem.
757 1089 894 1132 Nemo
917 1086 993 1147 qui
1020 1085 1183 1131 nesciat
1199 1121 1210 1141 ,
1234 1084 1391 1130 fratres
1414 1085 1704 1140 dilectissimi,
1735 1084 1790 1130 de

398 1157 692 1202 sacerdotibus
714 1158 807 1213 Dei,
829 1173 917 1202 non
935 1158 1121 1219 propriae
1137 1156 1395 1213 voluntatis,
1416 1157 1492 1201 sed
1509 1156 1666 1203 divinae
1686 1155 1791 1216 legis

399 1229 614 1289 impulsu,
641 1238 730 1273 tam
758 1230 804 1273 in
826 1245 919 1274 reos
943 1230 1199 1274 sententiam
1221 1229 1385 1285 dicere,
1417 1245 1551 1289 quam
1576 1229 1790 1274 innocen-

403 1300 516 1345 tibus
539 1300 749 1344 inssictam
764 1302 862 1361 jure
884 1301 939 1344 ab
962 1301 1021 1344 cis
1042 1316 1090 1345 ac
1112 1300 1263 1344 merito
1286 1300 1560 1345 submovere.
1586 1302 1685 1345 Non
1704 1297 1791 1343 levi

401 1371 518 1415 enim
535 1369 732 1431 periculo
754 1371 1017 1432 subjacebit,
1043 1371 1238 1432 quisquis
1254 1380 1329 1415 aut
1346 1386 1419 1415 reo
1437 1371 1694 1431 pepercerit,
1716 1378 1792 1414 aut

400 1443 679 1486 innocentem
701 1442 916 1486 conficere
942 1442 1199 1502 pertentarit
1220 1460 1229 1486 ;
1254 1441 1439 1485 maxime
1457 1456 1559 1485 eum
1581 1441 1792 1500 scriptum

401 1514 481 1559 sit:
501 1514 819 1560 Itmocentem
837 1522 883 1557 et
894 1513 1082 1574 justum
1103 1528 1198 1557 non
1216 1511 1420 1570 occicleS,
1439 1522 1485 1557 et
1502 1513 1794 1574 purgatione

402 1600 497 1630 non
512 1583 747 1646 pzmgaln's
770 1586 946 1629 retmz1.
973 1587 1066 1629 Hoc
1084 1584 1215 1643 igitur
1235 1583 1393 1629 Edicto
1416 1584 1539 1643 Legis
1563 1583 1791 1640 admoniti,

401 1672 574 1701 necesse
596 1671 673 1700 nos
695 1654 838 1699 fuerat
870 1655 1077 1700 Primiani
1111 1670 1286 1699 causam
1305 1690 1316 1710 ,
1341 1670 1473 1716 quem
1499 1655 1620 1716 plebs
1649 1665 1796 1700 sancta

400 1726 752 1786 Carthaginensis
783 1725 988 1770 Ecclesiae
1026 1726 1277 1786 episcopum
1308 1725 1454 1770 fuerat
1488 1727 1533 1770 in
1572 1725 1684 1770 ovile
1717 1726 1796 1770 Dei

403 1798 577 1852 sortita,
602 1797 822 1841 seniorum
842 1796 992 1840 litteris
1015 1796 1208 1856 ejusdem
1230 1795 1434 1840 Ecclesiae
1452 1795 1792 1857 postulantibus,

405 1867 555 1912 audire
577 1877 709 1927 atque
731 1865 947 1911 discutere
966 1866 1048 1911 sub
1069 1881 1136 1920 eo,
1154 1876 1204 1911 ut
1221 1865 1458 1927 explanatis
1481 1866 1700 1922 omnibus,
1722 1875 1798 1910 aut

406 1939 703 1993 innocentem,
730 1937 849 1997 quod
874 1936 1066 1997 optabile
1086 1935 1250 1991 suerat,
1275 1952 1585 1997 purgaremus,
1610 1946 1686 1981 aut
1714 1952 1798 1981 no-

404 2019 577 2055 centem
599 2018 716 2053 eerte
747 2008 1072 2054 ostenderemus
1095 2009 1181 2053 suis
1208 2008 1372 2053 meritis
1397 2024 1487 2053 esse
1519 2008 1793 2053 damnatum.

405 2080 735 2140 Optatissimum
757 2079 872 2124 enim
896 2079 1021 2124 nobis
1046 2077 1129 2133 fuit
1145 2115 1155 2134 ,
1187 2088 1238 2124 ut
1259 2079 1382 2138 plebs
1405 2088 1551 2124 sancta
1568 2079 1798 2138 Carthagi-

406 2151 550 2195 nensis
584 2150 788 2195 Ecclesiae
815 2165 866 2195 eo
898 2166 942 2194 se
965 2149 1137 2194 laetetur
1165 2151 1367 2210 episcopo
1394 2150 1696 2206 sublimatam,
1721 2151 1798 2211 qui

407 2223 453 2267 in
481 2223 627 2267 omnia
655 2231 827 2266 sanctus
860 2231 904 2266 et
935 2222 980 2265 in
1014 2221 1138 2266 nullo
1169 2220 1517 2281 reprehensibilis
1545 2221 1794 2266 haberetur.

408 2297 642 2353 Propterea
664 2293 816 2353 utique
837 2291 968 2337 talem
991 2307 1080 2336 esse
1113 2302 1284 2351 oportet
1306 2292 1478 2337 Domini
1501 2291 1767 2337 sacerdotem
1784 2327 1795 2348 ,

409 2373 461 2407 ut
482 2363 603 2424 quod
625 2363 813 2423 populus
836 2379 914 2424 pro
931 2378 974 2408 sc
997 2362 1114 2423 apud
1132 2366 1270 2407 Deum
1287 2378 1376 2408 non
1393 2362 1593 2418 valuerit,
1612 2363 1702 2424 ipse
1720 2378 1799 2423 pro

410 2435 575 2495 populo
602 2445 816 2480 mereatur
838 2435 958 2496 quod
980 2435 1224 2496 poposcerit
1246 2436 1477 2495 impetrare
1503 2454 1511 2480 ;
1537 2435 1639 2495 quia
1661 2435 1799 2494 scrip-

410 2515 505 2550 tum
522 2515 584 2550 cst
605 2525 613 2550 ε
637 2506 695 2551 Si
708 2507 982 2564 peccaverit
999 2504 1224 2565 populus,
1251 2504 1408 2551 orabit
1432 2520 1524 2564 pro
1551 2521 1606 2550 eo
1629 2520 1794 2551 sacer-

464 2598 472 2613 ¹
495 2590 593 2622 Exod,
613 2601 705 2631 xxm,
724 2601 755 2632 ς.
