1841 3223
447 202 687 230 EN-ARRATIO
719 205 764 230 IN
796 203 997 230 PSALMUM
1031 206 1069 230 L.
1370 191 1449 231 451

74 267 340 310 hominibus.
366 269 550 325 Magnus
570 276 730 310 tremor
759 277 822 312 est
855 269 899 311 in
924 268 1107 313 docente
1124 303 1134 322 ,
1166 266 1319 311 fratres
1345 268 1456 322 mei,

73 351 255 395 magnus
281 345 444 380 tremor
465 346 528 380 est
551 346 696 380 noster
722 338 766 380 in
793 338 858 380 his
885 338 1064 382 vocibus
1085 338 1255 382 nostris.
1283 337 1458 382 Credite

75 406 195 451 cordi
217 415 364 450 nostro
381 406 501 466 quod
516 406 663 452 videre
685 424 773 452 non
793 410 969 467 potestis
994 427 1002 452 :
1021 409 1099 452 scit
1112 409 1203 468 ipse
1224 407 1459 468 (11111111ῖο3-

75 485 145 520 cat
163 476 304 531 nobis,
329 476 404 536 qui
422 477 633 535 propitius
650 479 704 521 sit
720 478 861 531 nobis,
883 493 983 522 cum
1002 487 1164 538 quanto
1180 478 1262 522 sub
1279 477 1354 522 illo
1374 487 1458 522 tre-

75 562 195 591 more
216 546 271 591 ad
287 562 362 590 vos
383 546 620 607 loquimur.
644 550 757 592 Cum
780 557 925 592 autem
953 549 1093 608 ipsum
1117 548 1281 609 aliquid
1302 564 1459 608 sugge-

76 626 241 660 rentem
264 626 307 661 et
325 618 551 662 docentem
585 618 700 662 intus
724 618 945 673 audimus,
971 619 1110 662 securi
1132 634 1302 674 sumus,
1319 619 1459 663 securi

77 687 312 745 gaudemus
338 703 346 727 ε
373 687 453 731 suh
470 688 675 746 magistro
690 689 803 732 enim
817 704 964 733 sumus
981 724 991 743 ,
1011 688 1126 732 illius
1139 689 1317 746 gloriam
1335 705 1460 750 quae—

77 757 209 801 rimus
227 792 238 811 ,
277 756 402 800 illum
436 756 663 801 docentem
690 758 919 802 laudamus
947 777 955 802 :
982 757 1169 802 delectat
1195 774 1273 802 nos
1304 759 1462 803 veritas

77 827 652 888 ejusintus,ubinemofacit
662 828 732 872 vel
744 829 866 872 audit
882 830 1109 888 strepitum
1136 848 1144 872 z
1172 828 1231 872 ibi
1254 827 1449 873 dixitiste

77 913 165 942 0330
183 896 378 941 laetitiam
399 913 520 942 suam
539 908 581 941 et
596 898 905 943 exultationem
928 914 1064 943 suam.
1090 918 1109 941 «
1134 898 1316 943 Auditui
1338 915 1452 955 meo,

81 986 100 1008 »
135 967 306 1027 inquit,
339 968 460 1011 dabis
494 967 804 1012 exultationem
826 978 869 1012 et
889 969 1098 1012 laetitiam.
1119 988 1138 1010 n
1164 971 1222 1012 Et
1238 968 1336 1013 ideo
1359 970 1463 1029 quia

77 1037 268 1093 humilis,
288 1038 425 1082 audit.
453 1038 537 1091 Qui
560 1038 682 1083 audit
697 1075 706 1093 ,
732 1040 807 1100 qui
829 1055 929 1084 vere
954 1038 1075 1083 audit
1102 1049 1145 1083 et
1172 1040 1284 1083 bene
1305 1040 1428 1084 audit
1449 1076 1460 1097 ,

78 1109 254 1154 humilis
281 1109 404 1154 audit
429 1129 437 1154 :
466 1109 599 1168 gloria
627 1112 741 1154 enim
762 1111 806 1155 in
834 1111 910 1155 illo
938 1121 1001 1155 est
1028 1127 1051 1154 a
1083 1128 1172 1172 quo
1201 1111 1322 1156 audit
1344 1112 1466 1173 quod

80 1180 215 1224 audit.
238 1183 523 1241 Posteaquam
547 1180 654 1225 dixit
679 1201 687 1226 :
719 1201 738 1223 «
757 1183 940 1226 Auditui
963 1198 1059 1227 meo
1075 1182 1198 1227 dabis
1232 1183 1466 1229 exultatio-

82 1270 102 1292 »
137 1266 238 1295 nem
260 1259 302 1295 et
325 1250 521 1295 laetitiam
548 1272 555 1295 :
585 1270 605 1292 1)
627 1253 835 1297 continuo
857 1253 1170 1298 demonstravit
1200 1254 1308 1315 quid
1332 1254 1463 1300 faciat

81 1322 244 1366 auditio
272 1342 281 1366 :
313 1341 333 1364 «
355 1321 627 1366 Exultabunt
660 1339 752 1367 ossa
784 1323 1026 1368 humiliata.
1057 1343 1076 1365 »
1106 1324 1342 1370 Humiliata
1365 1335 1465 1371 sunt

80 1409 171 1438 ossa
185 1429 196 1448 ,
221 1409 314 1438 ossa
335 1392 548 1437 audientis
565 1409 656 1437 non
676 1393 842 1438 hahent
870 1392 1027 1438 fastum
1044 1430 1054 1449 ,
1085 1411 1175 1439 non
1207 1396 1372 1440 habent
1393 1406 1466 1441 tu—

79 1478 262 1518 morem,
284 1478 415 1522 quem
435 1463 480 1506 in
497 1478 541 1507 30
555 1463 625 1507 vix
639 1463 774 1507 vincit
795 1464 869 1524 qui
893 1463 1103 1524 loquitur.
1125 1464 1233 1509 Inde
1247 1465 1373 1510 etille
1386 1468 1466 1512 hu·

80 1533 191 1578 milis
200 1549 382 1592 magnus
396 1569 406 1588 ,
425 1533 569 1593 quoin
583 1533 693 1578 natis
706 1533 937 1578 mulierum
952 1550 1080 1580 nemo
1094 1536 1228 1595 major
1237 1537 1461 1593 surrexit1,

80 1603 152 1648 ille
171 1605 247 1664 qui
266 1605 324 1648 ita
342 1620 385 1647 se
407 1602 678 1659 humiliavit,
708 1613 758 1648 ut
791 1620 834 1648 se
866 1604 1096 1663 indignum
1119 1605 1282 1651 diceret
1300 1607 1467 1651 solvere

81 1674 308 1733 corrigiam
330 1672 611 1718 calceamenti
632 1674 805 1718 Domini
829 1674 894 1718 sui
907 1678 940 1729 ²,
955 1678 1142 1720 Joanncs
1157 1676 1228 1720 ille
1247 1679 1462 1737 Baptista,

81 1744 189 1790 dans
212 1744 389 1804 gloriam
416 1745 622 1804 magistro
655 1761 732 1789 3110
747 1781 757 1800 ,
781 1755 824 1789 01
845 1746 944 1790 ideo
962 1747 1100 1792 amico
1122 1763 1200 1792 suo
1215 1783 1226 1803 ,
1259 1749 1340 1806 ait,
1365 1765 1468 1794 cum

83 1817 280 1861 Christus
298 1825 539 1877 putaretur,
565 1825 608 1859 et
625 1831 677 1860 ex
700 1831 751 1861 eo
765 1817 988 1876 superbire
1010 1827 1175 1876 posset,
1199 1827 1242 1862 et
1258 1835 1303 1863 30
1315 1829 1467 1864 exten-

83 1887 186 1932 dere
204 1906 212 1932 :
230 1902 320 1931 non
342 1887 457 1930 enim
476 1887 566 1946 ipse
587 1902 632 1931 se
653 1887 818 1931 dixerat
837 1888 1086 1946 Christum,
1111 1888 1187 1933 sed
1206 1899 1380 1949 poterat
1396 1907 1471 1936 ac-

84 1959 226 2018 cipere
247 1957 477 2002 hominum
495 1973 683 2001 errorem
694 1959 779 2003 hoc
801 1960 1073 2018 putantium,
1098 1959 1215 2006 ultro
1237 1962 1367 2006 istum
1384 1964 1469 2008 ho-

85 2043 236 2073 norem
253 2026 422 2071 deferre
443 2026 683 2071 volentium
702 2029 717 2053 3
736 2047 744 2072 :
763 2027 838 2072 sed
864 2030 1027 2089 respuit
1044 2029 1202 2074 falsum
1223 2032 1437 2077 honorem
1452 2067 1465 2089 ,

84 2108 135 2143 ut
155 2097 369 2142 inveniret
382 2092 534 2141 veram
559 2096 738 2156 gloriam
764 2117 773 2142 ε
799 2107 842 2142 01
867 2092 969 2143 vide
992 2100 1282 2146 humilitatem
1306 2103 1361 2147 (10
1387 2119 1467 2147 au-

85 2169 180 2213 ditu
207 2190 218 2226 3
252 2169 341 2212 ait:
371 2186 390 2209 «
420 2168 505 2221 Qui
536 2168 671 2212 habet
708 2180 934 2228 sponsam,
979 2186 1158 2230 sponsus
1182 2181 1267 2227 est,
1305 2174 1470 2218 amicus

41 2269 43 2271 -
89 2259 109 2282 n
145 2249 288 2284 autem
307 2239 450 2298 sponsi
467 2248 550 2283 stat
572 2248 615 2283 et
631 2239 751 2284 audit
764 2256 880 2284 eum.
896 2260 915 2282 »
940 2244 1133 2286 Stantem
1152 2258 1196 2287 se
1209 2243 1313 2288 fecit
1326 2253 1369 2288 et
1391 2261 1470 2289 au-

88 2310 301 2365 dientem,
327 2325 415 2353 non
433 2308 661 2353 cadentem
695 2319 738 2353 et
764 2310 1032 2371 loquentem.
1058 2331 1078 2354 «
1106 2315 1218 2368 Stat,
1238 2314 1402 2375 inquit,
1427 2325 1472 2361 et

88 2400 111 2437 Ξ)
145 2380 266 2424 audit
279 2395 393 2424 eum.
413 2379 637 2424 »Audistis
654 2380 869 2436 auditum,
894 2382 971 2426 ubi
993 2391 1055 2427 est
1072 2383 1278 2429 exultatio
1300 2385 1469 2430 0113011-

91 2451 176 2495 tia?
197 2451 418 2496 Continuo
432 2450 628 2510 sequitur
655 2471 662 2495 :
692 2470 712 2493 «
740 2454 832 2496 Stat
853 2461 897 2495 et
928 2452 1051 2497 audit
1074 2468 1197 2510 eum,
1228 2464 1272 2500 01
1307 2456 1468 2515 gaudio

139 2541 146 2557 ¹
164 2534 277 2567 Matth.
297 2545 340 2576 in,
363 2545 414 2566 11.
433 2551 476 2557 —-
491 2541 504 2557 ²
519 2536 616 2567 Marc.
634 2546 659 2575 1,
675 2546 706 2576 7.
727 2552 769 2557 —-
784 2533 797 2558 3
815 2537 892 2567 Luc.
909 2546 955 2578 111,
973 2535 1023 2568 15.

1187 2592 1254 2632 29.
