1841 3223
358 213 600 244 ENARRATIO
633 216 679 242 nv
711 212 915 242 PSALMUM
947 213 1103 240 xxxlx.
1337 203 1416 240 191

32 281 291 339 contemptis
309 280 412 335 aliis,
426 295 558 340 perge
576 278 631 323 ad
645 278 793 336 illurn·⁷
813 277 1071 323 obliviscens
1089 274 1186 332 alia,
1200 286 1423 322 memento

31 351 172 409 illius3
192 350 442 411 relinquens
459 360 573 393 retro
593 349 689 403 alia,
712 348 946 392 extendere
963 349 1009 392 in
1026 346 1168 392 illum.
1195 350 1292 407 Ipse
1307 356 1423 391 certe
1464 359 1467 363 ·

31 435 228 466 aversum
251 420 456 475 correxit,
482 420 573 479 ipse
596 417 719 463 ducit
741 427 932 472 rectum,
952 418 1044 478 ipse
1065 416 1267 477 perducit
1289 436 1298 462 :
1320 431 1422 476 ergo

31 491 86 535 sit
105 492 195 551 ipse
211 506 306 551 spes
328 499 404 535 tua
421 525 432 546 ,
457 490 534 550 qui
555 487 679 533 ducit
698 498 742 532 et
762 487 978 548 perducit.
1004 490 1102 541 Quo
1123 488 1246 532 ducit
1269 497 1313 532 et
1333 503 1423 548 quo

31 561 232 621 perducit
247 571 418 606 terrena
438 560 644 605 avaritia?
666 558 845 603 Fundos
866 557 1092 619 quaerebas
1109 593 1120 614 ,
1143 568 1303 603 terram
1321 574 1424 619 pos-

31 632 170 677 sidere
196 632 402 692 cupiebas
420 666 432 687 ‚
463 630 629 676 vicinos
658 628 946 687 excludebas3
978 627 1062 672 illis
1093 627 1299 685 exclusis,
1330 628 1425 674 aliis

31 702 181 747 vicinis
206 701 404 746 inhiabas
425 720 434 746 ε
455 711 499 745 et
518 699 674 745 tandiu
703 698 912 745 tendebas
933 698 1156 744 avaritiam
1169 733 1180 754 ,
1206 698 1346 743 donec
1367 698 1425 743 ad

31 771 178 817 littora
196 772 442 832 pervenires
464 791 473 816 :
495 771 752 831 perveniens
772 769 829 814 ad
855 769 1003 814 littora
1017 804 1028 825 ,
1065 768 1227 814 insulas
1257 784 1424 814 concu-

30 843 181 903 piscis3
205 858 397 903 possessa
417 851 547 897 terra,
567 841 733 886 coelum
750 840 861 885 forte
877 840 941 884 vis
957 839 1186 900 prendere.
1207 838 1426 900 Relinque

32 929 182 959 omnes
218 929 386 959 amores
422 933 431 958 ε
475 911 700 973 pulchrior
730 921 796 957 est
825 911 899 956 ille
926 911 1004 973 qui
1036 909 1142 956 fecit
1179 910 1343 956 coelum
1380 920 1426 956 et

33 994 211 1029 terram.

92 1058 214 1100 VIII.
244 1074 264 1098 «
285 1058 440 1100 Beatus
466 1055 547 1110 vir,
570 1056 696 1116 cujus
717 1064 780 1099 est
807 1069 969 1098 nomen
991 1053 1164 1099 Domini
1191 1068 1285 1114 spes
1307 1055 1422 1114 ejus,

36 1144 57 1168 »
73 1135 116 1170 et
127 1142 217 1171 non
228 1126 415 1186 respexit
434 1125 480 1170 in
501 1126 714 1169 vanitates
733 1134 776 1169 et
792 1124 979 1168 insanias
996 1124 1242 1168 mendaces.
1259 1142 1279 1165 »
1299 1123 1426 1168 Unde

33 1196 150 1241 enim
171 1197 350 1241 insaniae
371 1195 632 1240 mendaces?
661 1196 832 1240 Insania
863 1194 1072 1251 mendax,
1098 1195 1257 1240 sanitas
1278 1210 1422 1239 verax.

33 1270 140 1322 Quae
156 1268 274 1312 vides
297 1268 413 1312 bona
433 1278 582 1328 putas,
602 1266 787 1312 falleris:
810 1283 939 1312 sanus
957 1283 1046 1312 non
1061 1283 1126 1322 es,
1152 1267 1285 1311 nimia
1302 1267 1426 1311 febre

32 1337 472 1400 phreneticusfactus
495 1356 560 1395 es,
586 1355 738 1384 verum
762 1355 852 1384 non
874 1349 938 1383 est
957 1338 1078 1400 quod
1099 1354 1231 1383 amas.
1257 1337 1426 1383 Laudas

34 1411 229 1470 aurigam
247 1413 356 1469 (10),
381 1411 540 1456 clamas
561 1411 738 1470 aurigae,
764 1411 925 1454 insanis
946 1411 992 1454 in
1015 1410 1224 1468 aurigam.
1251 1409 1428 1454 Vanitas

34 1491 119 1538 est,
138 1482 304 1527 insania
325 1483 512 1527 mendax
534 1491 612 1527 est.
636 1485 735 1527 Non
753 1491 839 1537 est,
865 1482 951 1537 ait,
980 1481 1090 1526 nihil
1113 1480 1289 1536 melius,
1319 1479 1428 1524 nihil

34 1551 350 1597 delectabilius.
372 1553 490 1606 Quid
511 1551 623 1598 facio
640 1553 871 1597 febrienti?
896 1553 938 1598 Si
966 1562 1029 1597 est
1046 1551 1092 1596 in
1113 1552 1237 1597 vobis
1259 1551 1428 1596 miseri-

34 1622 180 1667 cordia
192 1658 202 1677 ,
224 1632 345 1667 orate
357 1639 438 1683 pro
455 1622 630 1668 talibus.
653 1624 764 1677 Quia
778 1633 829 1685 >et
846 1624 935 1683 ipse
957 1624 1151 1667 medicus
1168 1622 1430 1683 plerumque

33 1692 79 1737 in
101 1691 402 1752 desperatione
425 1694 696 1738 convertitur
721 1694 775 1738 ad
793 1709 864 1738 eos
887 1694 964 1754 qui
984 1695 1268 1738 circumstant
1286 1693 1431 1747 lacry-

31 1771 201 1819 mantes
223 1763 269 1806 in
298 1762 452 1821 domo3
479 1763 555 1821 qui
579 1763 772 1818 pendent
798 1779 847 1802 ex
869 1779 943 1802 ore
966 1764 1057 1818 ejus
1079 1759 1230 1803 audire
1251 1768 1430 1804 senten-

35 1832 139 1876 tiam
169 1832 223 1874 de
244 1838 408 1888 aegroto
427 1838 471 1872 et
487 1827 761 1888 periclitante
784 1848 792 1872 :
813 1837 896 1872 stat
917 1844 1075 1888 anceps
1094 1828 1288 1874 medicus
1303 1865 1314 1885 ,
1339 1845 1430 1874 non

35 1901 156 1946 videt
177 1900 346 1945 bonum
367 1897 488 1959 quod
509 1899 736 1958 promittat
751 1934 761 1954 ,
782 1899 907 1942 timet
928 1898 1093 1943 malum
1114 1900 1398 1960 pronuntiare
1415 1935 1426 1956 ‚

36 1987 92 2016 ne
128 1979 316 2028 terreat3
354 1969 597 2014 modestam
635 1968 766 2029 plane
797 1969 877 2013 iste
912 1970 1102 2030 concipit
1141 1971 1427 2016 sententiam:

37 2044 183 2087 Bonus
215 2045 331 2086 Deus
362 2040 507 2085 omnia
528 2049 695 2099 potest,
733 2048 852 2084 orate
882 2055 962 2099 pro
990 2039 1081 2085 illo.
1114 2042 1256 2094 Quem
1284 2042 1432 2102 itaque

38 2111 407 2173 comprehendam
423 2111 605 2155 istorum
629 2110 912 2154 insanorum?
928 2111 1034 2164 Quis
1052 2126 1122 2155 me
1144 2112 1318 2156 audiat?
1334 2113 1432 2172 quis

39 2199 191 2228 eorum
217 2199 296 2228 nos
324 2195 415 2227 no'n
436 2182 614 2226 miseros
636 2182 783 2227 dicat?
811 2183 923 2235 Quia
949 2197 1049 2227 cum
1072 2182 1132 2226 eis
1154 2198 1243 2227 non
1269 2183 1432 2228 insani-

39 2269 136 2299 mus
152 2289 163 2309 ,
189 2254 375 2299 amisisse
396 2269 475 2298 nos
495 2261 655 2312 putant
676 2267 851 2311 magnas
868 2261 912 2296 et
933 2252 1069 2297 varias
1093 2252 1358 2312 voluptates,
1384 2254 1432 2298 in

39 2325 198 2384 quibus
229 2324 310 2384 ipsi
337 2323 563 2367 insaniunt
590 2342 599 2368 ;
631 2338 712 2367 nec
741 2322 893 2367 vident
918 2323 1021 2384 quia
1048 2324 1281 2369 mendaces
1311 2334 1428 2369 sunt.

40 2393 229 2448 Quando
260 2393 323 2438 illi
350 2409 485 2439 ovum
516 2392 573 2438 do
601 2393 672 2438 vel
698 2393 860 2449 invito,
887 2392 959 2438 vel
990 2392 1169 2438 calicem
1198 2394 1432 2440 salutarem

41 2465 216 2524 porrigo
245 2464 414 2522 saucio3
449 2472 494 2508 et
524 2463 746 2524 quomodo
775 2463 965 2508 reficiam
985 2498 996 2519 ,
1027 2464 1206 2525 quando
1229 2465 1431 2511 invenio?

41 2536 105 2582 Ne
125 2533 270 2581 inedia
291 2533 464 2580 deficiat
481 2569 492 2591 ,
511 2543 554 2579 et
577 2534 632 2579 ad
650 2534 877 2580 sanitatem
899 2549 990 2579 non
1006 2535 1252 2595 perveniat,
1275 2537 1428 2584 hortor
