1841 3223
397 220 479 260 384
841 230 874 259 s.
911 231 1141 261 Accusrim
1176 233 1355 261 nrlscom

393 297 561 341 faciunt
592 295 684 342 illi?
709 295 858 342 Solum
884 315 904 339 «
922 297 1198 343 Invocabunt
1217 296 1392 342 nomina
1414 311 1566 342 eorum
1589 298 1634 342 in
1656 298 1779 344 terris

397 386 416 408 »
451 367 659 425 ipsorum.
690 384 710 408 υ

450 438 570 480 XVI.
610 438 697 481 «Et
724 436 857 482 homo
885 451 985 482 cum
1007 437 1051 482 in
1072 437 1238 483 honore
1264 446 1394 493 esset,
1421 453 1511 483 non
1534 437 1775 494 intellexit,

394 522 415 546 ))
450 515 723 566 comparatus
739 516 803 552 est
818 507 1027 567 jumentis
1049 507 1272 552 insensatis
1289 542 1299 562 ,
1318 516 1360 551 et
1382 507 1530 552 similis
1547 506 1686 553 factus
1715 517 1780 553 est

393 593 414 616 »
449 575 596 620 illis¹.»
618 577 850 631 Quomodo
863 577 1119 623 insultatum
1138 577 1479 633 esthominibus‚
1505 578 1581 639 qui
1602 593 1691 623 non
1708 578 1779 623 in-

391 645 649 692 tellexerunt
672 648 780 709 quid
802 647 997 693 facerent
1018 647 1073 692 de
1095 647 1254 691 divitiis
1277 663 1378 692 cum
1399 648 1617 705 viverent,
1642 657 1685 693 et
1701 664 1780 709 pu-

390 724 538 761 tarunt
563 733 608 762 se
640 718 787 762 beatos
809 717 1003 773 futuros,
1030 717 1065 762 si
1084 717 1296 762 haberent
1318 718 1571 763 memoriam
1590 733 1780 764 marmo-

390 796 526 832 ratam
542 823 552 843 ,
578 788 701 849 quasi
723 798 931 833 aeternam
955 788 1158 845 domum,
1192 797 1235 833 et
1256 789 1289 833 si
1311 789 1375 833 sni
1396 788 1555 849 quibus
1578 788 1779 850 reliquis-

388 867 483 903 sent
504 859 788 903 substantiam
805 875 927 904 suam
949 859 1204 905 invocarent
1226 860 1403 904 nomina
1425 875 1576 905 eorum
1592 859 1638 904 in
1655 860 1780 906 terris

388 929 597 989 ipsorum.
619 930 875 975 Debuerunt
898 939 1044 975 autem
1067 939 1217 975 contra
1233 945 1476 990 praeparare
1493 930 1577 974 sibi
1599 930 1779 976 domum

388 1009 596 1045 aeternam
617 1000 662 1046 in
684 1001 810 1046 bonis
827 1002 1056 1062 operibus,
1081 1017 1325 1062 praeparare
1347 1002 1429 1046 sibi
1450 1001 1584 1046 vitam
1601 1002 1781 1047 immor-

389 1070 518 1115 talem
539 1106 549 1127 ,
575 1072 746 1116 mittere
776 1082 875 1117 ante
897 1089 941 1117 se
964 1082 1186 1133 sumptus,
1217 1072 1340 1133 sequi
1362 1088 1491 1133 opera
1513 1088 1609 1128 sua,
1636 1082 1780 1118 atten-

387 1140 490 1186 dere
518 1143 721 1188 comitem
754 1154 952 1204 egentem
971 1179 981 1200 ‚
1015 1144 1119 1189 dare
1149 1144 1188 1188 ei
1221 1160 1319 1189 cum
1357 1160 1446 1205 quo
1475 1143 1777 1200 ambulabant,

387 1227 478 1257 non
509 1223 788 1259 contemnere
811 1215 1033 1260 Christum
1063 1224 1162 1259 ante
1185 1215 1365 1275 januam
1394 1214 1662 1270 ulcerosum,
1705 1216 1781 1275 qui

389 1282 498 1328 dixit
526 1303 534 1328 ε
559 1286 702 1330 «Cum
727 1286 802 1329 uni
820 1301 871 1330 ex
891 1285 1081 1330 minimis
1095 1286 1200 1330 meis
1218 1285 1392 1340 fecistis,
1414 1286 1520 1329 mihi
1535 1284 1693 1330 fecistis
1707 1289 1739 1330 ².
1756 1304 1776 1327 »

387 1354 497 1407 Quia
512 1371 614 1414 ergo
628 1372 717 1401 non
739 1355 954 1401 intellexit
970 1358 1103 1402 homo
1121 1358 1166 1402 in
1183 1358 1350 1403 honore
1368 1357 1545 1417 positus.
1566 1356 1682 1410 Quid
1698 1366 1777 1413 cst,

386 1424 431 1469 in
453 1427 618 1471 honore
646 1428 836 1487 positus?
861 1431 1018 1472 Factus
1046 1428 1101 1472 ad
1126 1428 1357 1486 imaginem
1385 1437 1427 1471 et
1451 1427 1780 1472 similitudinem

387 1496 486 1551 Dei,
519 1498 651 1542 homo
678 1498 883 1558 praelatus
906 1499 1161 1558 jumenti53.
1193 1501 1291 1543 Non
1314 1498 1428 1541 enim
1462 1497 1563 1542 fecit
1587 1501 1700 1543 Deus
1722 1498 1780 1543 sic

385 1566 610 1612 hominem
629 1603 639 1623 ,
666 1569 889 1629 quomodo
906 1569 1012 1615 fecit
1031 1570 1282 1629 jumentum
1310 1589 1319 1613 ι
1340 1568 1415 1614 sed
1433 1568 1536 1613 fecit
1559 1572 1670 1613 Deus
1697 1570 1780 1614 ho-

386 1637 565 1701 minem,
582 1639 651 1683 cui
665 1640 874 1684 servirent
881 1641 1079 1700 jumenta
1096 1638 1334 1700 :numquid
1346 1639 1623 1699 ejusviribus,
1638 1648 1781 1685 etnon

386 1707 664 1753 ¹ntclleetui‘?
698 1709 775 1753 Ille
804 1718 949 1753 autem
986 1712 1114 1755 «Non
1142 1709 1356 1754 intellexit
1382 1729 1391 1754 ε
1419 1728 1439 1751 ))
1468 1719 1512 1754 et
1542 1710 1617 1770 qui
1642 1709 1780 1755 factus

386 1787 479 1822 erat
495 1778 551 1822 ad
564 1779 795 1837 imaginem
814 1780 912 1835 Dei,
939 1799 955 1819 «
970 1782 1256 1839 Comparatus
1279 1789 1341 1823 est
1357 1780 1568 1840 jumentis
1589 1781 1780 1825 insensa-

389 1865 410 1888 »
446 1848 521 1903 tis,
547 1859 590 1894 et
607 1849 755 1894 similis
778 1848 917 1894 factus
939 1859 1002 1894 est
1023 1849 1122 1894 illis.
1151 1868 1171 1890 »
1201 1848 1326 1894 Unde
1344 1848 1445 1893 alibi
1471 1849 1631 1894 dicitur
1656 1869 1664 1894 :
1689 1853 1782 1896 No-

388 1934 410 1958 »
421 1916 497 1961 lite
510 1933 598 1962 esse
612 1919 724 1963 sicut
736 1935 874 1979 equus
886 1928 928 1963 et
940 1918 1100 1974 mulus,
1117 1919 1278 1979 quibus
1291 1934 1378 1964 non
1389 1918 1706 1965 estintelleetus
1716 1922 1777 1964 ⁴.»

445 1989 589 2032 XVII.
629 2007 648 2030 «
679 1991 780 2033 Haec
803 1989 867 2034 via
889 1989 1082 2049 ipsorum
1105 1988 1359 2034 scandalum
1382 1990 1481 2049 ipsis
1496 1991 1526 2033 ⁵.
1545 2008 1565 2030 »
1594 1989 1700 2049 Ipsis
1727 1990 1782 2036 sit

385 2057 639 2103 scandalum
655 2095 665 2115 ,
683 2076 772 2104 non
788 2060 1102 2113 tibi?Quando
1125 2070 1270 2105 autern
1292 2060 1372 2105 erit
1396 2070 1438 2104 et
1461 2060 1566 2104 tibi?
1590 2062 1633 2106 Si
1655 2070 1780 2121 putes

386 2129 507 2189 quod
525 2129 639 2174 beati
657 2131 742 2175 sint
754 2130 874 2175 tales.
903 2130 945 2176 Si
960 2129 1174 2190 intelligas
1188 2131 1287 2191 quia
1302 2146 1390 2174 non
1414 2139 1517 2175 sunt
1529 2131 1660 2186 beati,
1678 2131 1780 2191 ipsis

385 2199 467 2243 erit
479 2200 733 2245 scandalum
752 2202 818 2246 via
836 2202 1051 2261 ipsorum3
1071 2217 1156 2246 non
1175 2202 1362 2256 Christo,
1381 2217 1468 2245 non
1484 2201 1655 2260 corpori
1669 2202 1775 2262 ejus,

386 2284 476 2314 non
492 2272 696 2316 membris
710 2273 816 2332 ejus.
841 2274 922 2317 «Et
938 2280 1082 2332 postea
1098 2271 1143 2314 in
1161 2287 1234 2315 ore
1248 2287 1326 2316 suo
1342 2272 1645 2316 benedicent.»
1665 2271 1778 2325 Quid

386 2348 471 2395 est,
493 2345 677 2387 «Postea
697 2343 740 2387 in
755 2358 829 2388 ore
846 2358 924 2387 suo
941 2341 1228 2387 benedicent?
1240 2361 1258 2382 »
1281 2344 1393 2386 Cum
1409 2340 1511 2386 facti
1525 2341 1688 2386 fuerint
1708 2350 1777 2388 ta-

385 2410 463 2467 les,
480 2422 630 2458 utnon
649 2423 848 2475 quaerant
861 2414 938 2458 nisi
955 2413 1069 2458 bona
1083 2412 1334 2473 temporalia
1347 2447 1357 2467 ,
1380 2413 1493 2456 fiunt
1510 2412 1774 2472 hypocritae3

439 2506 448 2523 ¹
473 2499 554 2531 Psal.
575 2510 682 2541 xrvnr,
704 2499 755 2531 13.
776 2516 816 2522 --
836 2505 848 2522 ²
863 2497 974 2532 Matrh.
996 2509 1070 2539 xxv,
1085 2495 1140 2540 lio.
1157 2514 1199 2521 —
1217 2495 1230 2521 3
1245 2499 1323 2531 Gen.
1340 2507 1363 2538 1,
1381 2497 1436 2529 26.
1457 2513 1498 2520 κ-
1517 2495 1622 2530 4Psal.
1641 2508 1774 2540 xxx1‚9.

386 2570 428 2579 -
444 2552 459 2578 ⁵
480 2556 528 2588 ld.
549 2566 658 2596 uviri,
681 2553 731 2596 η’.
