1841 3223
426 204 443 239 1
453 201 508 240 26
849 210 883 236 ε.
920 209 1150 237 AUGUSTINI
1182 209 1363 238 EPISCOPI

422 293 443 317 »
478 275 623 320 creteri
643 277 672 317 ¹.
694 275 857 319 Natura
880 271 956 316 filii
978 273 1068 328 irae,
1095 291 1114 314 »
1132 272 1177 317 id
1198 283 1277 329 est,
1302 281 1524 333 portantes
1545 272 1799 318 vindictam.

420 346 505 391 Sed
527 360 660 406 quare
683 343 814 387 dicit:
846 362 864 383 «
895 343 1103 388 Fuimus?
1129 363 1147 385 »
1172 345 1282 398 Quia
1299 360 1374 404 spe
1399 345 1489 404 jam
1512 359 1600 388 non
1621 359 1770 388 sumus
1791 362 1801 388 2

418 433 519 461 nam
542 432 586 459 re
609 414 753 458 adhue
775 429 937 458 sumus.
967 414 1052 460 Sed
1072 414 1183 459 illud
1202 415 1354 460 melius
1382 415 1564 459 dicimus
1587 414 1709 474 quod
1730 429 1804 474 spe

417 502 582 541 sumus,
598 485 699 546 quia
718 485 824 530 certi
845 500 995 530 sumus
1013 485 1067 530 de
1089 502 1178 546 spe.
1192 490 1289 532 Non
1304 488 1417 531 enim
1442 487 1604 530 ineerta
1626 496 1690 530 est
1709 501 1805 546 spes

416 567 561 602 nostra
578 592 588 612 ⁷
616 566 665 600 ut
688 555 742 600 de
764 555 837 600 illa
866 555 1133 602 dubitemus.
1158 558 1272 602 Audi
1291 559 1425 618 ipsam
1446 557 1627 616 gloriam
1648 558 1694 600 in
1709 572 1800 616 spe.

419 647 440 671 «
463 631 515 672 In
548 627 866 687 nobismetipsis
880 662 891 683 ‚
932 628 1102 688 inquit,
1140 629 1484 687 ingemiscimus,
1523 627 1805 687 adoptionem

417 717 438 742 »
463 708 736 759 expectantes
754 733 764 754 ‚
801 697 1144 758 redemptionem
1176 699 1367 759 corporis
1404 699 1540 744 nostri
1560 702 1593 742 2.
1631 717 1651 740 »
1688 698 1806 752 Quid

415 770 532 814 enim
548 772 566 811 ἲ
588 766 793 815 Nondum
829 768 1077 829 redemptus
1101 786 1144 813 es
1160 805 1170 825 ,
1198 785 1224 814 o
1247 769 1409 814 Paule?
1439 767 1637 813 nondum
1661 784 1739 828 pro
1762 777 1805 812 te

414 840 601 900 pretium
617 838 887 900 persolutum
904 842 993 883 est?
1008 841 1163 884 Nonne
1178 839 1351 898 sanguis
1372 838 1446 885 ille
1459 840 1551 900 jam
1574 837 1698 883 fusus
1718 840 1806 883 est?

414 927 561 956 nonne
582 912 724 970 ipsum
743 920 806 955 est
824 910 1011 970 pretium
1031 910 1229 954 omnium
1253 919 1472 955 nostrum:
1491 909 1623 954 Plane
1642 910 1802 969 ipsum.

417 981 502 1027 Sed
518 981 618 1026 vide
635 981 743 1041 quid
764 981 848 1025 ait:
866 1001 887 1023 «
908 983 990 1041 Spe
1013 981 1127 1024 enini
1151 980 1256 1026 salvi
1279 980 1381 1026 sacti
1404 996 1553 1026 sumus
1577 1001 1585 1026 :
1611 996 1705 1041 spes
1728 996 1807 1025 au-

418 1069 438 1092 »
476 1060 564 1094 tem
585 1067 684 1110 quae
707 1050 880 1094 videtur
895 1086 906 1106 ‚
928 1066 1016 1095 non
1039 1061 1101 1095 est
1123 1067 1233 1111 spes.
1258 1050 1388 1105 Quod
1410 1051 1525 1095 enim
1548 1051 1668 1096 videt
1684 1050 1802 1111 quis,

417 1139 437 1163 »
473 1121 582 1182 quid
603 1124 771 1181 sperat?
787 1121 828 1166 Si
850 1130 996 1165 autem
1013 1121 1134 1182 quod
1152 1138 1241 1167 non
1257 1121 1456 1167 videmus
1475 1138 1712 1182 speramus,
1729 1137 1806 1182 per

418 1211 438 1234 »
475 1192 727 1252 patientiam
751 1195 1067 1252 expectamus&
1088 1193 1238 1246 »Quid
1254 1203 1397 1237 autem
1423 1203 1618 1253 expectat
1640 1209 1716 1252 per
1732 1207 1807 1252 pa-

415 1263 637 1307 tientiam?
662 1262 870 1308 Salutem.
912 1265 1046 1324 Cujus
1079 1265 1140 1307 rei
1161 1264 1377 1309 salutem?
1398 1265 1537 1324 Ipsius
1574 1264 1765 1324 corporis
1793 1284 1801 1309 :

415 1335 516 1395 quia
530 1335 614 1379 hoc
625 1335 745 1389 dixit,
757 1354 775 1376 α
788 1334 1150 1394 Redemptionem
1166 1336 1356 1395 corporis
1373 1335 1554 1380 nostri.»
1569 1336 1611 1380 Si
1623 1335 1806 1379 salutem

415 1406 607 1465 corporis
630 1406 909 1465 expectabat,
935 1422 1024 1450 non
1057 1417 1148 1451 erat
1179 1405 1293 1451 salus
1324 1406 1396 1450 illa
1430 1422 1563 1467 quam
1598 1406 1801 1450 habebat.

416 1477 613 1532 Esuries,
633 1475 728 1520 'sitis
746 1476 972 1531 interficit,
997 1477 1032 1520 si
1054 1477 1319 1521 subventum
1336 1493 1425 1521 non
1448 1476 1593 1521 suerit.
1619 1476 1807 1521 Medica-

418 1557 619 1592 mentum
642 1547 759 1591 enim
778 1546 904 1591 famis
927 1556 990 1590 est
1011 1547 1156 1603 cibus,
1177 1557 1221 1592 et
1244 1547 1614 1592 medicamentum
1631 1548 1721 1591 sitis
1743 1557 1807 1592 est

417 1627 568 1678 potus,
591 1627 635 1662 et
656 1617 1023 1661 medicamentum
1045 1617 1308 1677 fatigationis
1326 1629 1389 1662 est
1405 1634 1597 1663 somnus.
1620 1619 1806 1663 Detrahe

416 1689 497 1733 ista
519 1688 836 1732 medicamenta
855 1723 866 1743 ‚
891 1688 992 1731 vide
1014 1689 1046 1733 si
1068 1705 1159 1733 non
1180 1690 1449 1733 interficiunt
1476 1688 1549 1734 illa
1572 1706 1670 1750 quae
1694 1689 1805 1734 exis—

415 1769 531 1804 tunt.
555 1760 597 1804 Si
620 1759 813 1819 sepositis
832 1759 922 1803 istis
952 1775 1041 1803 non
1059 1769 1160 1804 sunt
1181 1761 1345 1816 morbi,
1372 1770 1436 1804 est
1456 1761 1630 1804 sanitas.
1659 1760 1701 1805 Si
1723 1777 1804 1806 au-

417 1839 504 1875 tem
522 1829 656 1873 habes
674 1829 843 1890 aliquid
864 1830 986 1891 quod
1007 1839 1047 1873 te
1069 1831 1201 1889 possit
1221 1830 1464 1874 interficere
1479 1865 1490 1886 ,
1515 1831 1596 1875 nisi
1618 1831 1805 1875 mandu-

416 1901 576 1945 caveris
597 1921 608 1958 3
648 1900 738 1944 noli
777 1900 949 1960 gloriari
987 1900 1040 1945 de
1070 1900 1274 1956 sanitate,
1305 1900 1381 1945 sed
1415 1917 1591 1960 gemens
1629 1912 1806 1961 expecta

418 1971 767 2030 redemptionem
798 1972 990 2031 eorporis
1026 1972 1106 2016 tui.
1142 1971 1293 2016 Gaude
1322 1982 1365 2016 te
1403 1972 1678 2033 redemptum
1697 1994 1708 2031 3
1729 1972 1806 2018 sed

416 2041 616 2087 nondum
639 2058 683 2086 re
699 2077 710 2097 ,
735 2058 810 2102 spe
832 2058 1007 2087 securus
1029 2053 1135 2087 esto.
1162 2043 1337 2087 Etenim
1359 2043 1392 2087 si
1413 2060 1503 2088 non
1525 2045 1736 2102 gemueris
1758 2045 1806 2089 in

415 2128 512 2173 spe,
538 2128 627 2157 non
646 2113 870 2173 pervenies
888 2112 944 2157 ad
962 2129 1067 2157 rem.
1090 2117 1184 2158 Hoc
1206 2129 1309 2173 ergo
1327 2130 1415 2158 non
1438 2124 1502 2159 est
1514 2115 1688 2170 sanitas,
1715 2116 1801 2160 ait:

422 2185 560 2228 «Non
588 2193 652 2228 est
676 2183 832 2228 sanitas
862 2184 907 2227 in
928 2199 1055 2228 carne
1077 2199 1172 2229 mea
1195 2201 1219 2228 a
1246 2184 1373 2229 vultu
1403 2186 1476 2229 irae
1501 2196 1602 2230 tuae.
1633 2204 1652 2227 »
1682 2185 1804 2231 Unde

416 2269 518 2313 ergo
538 2255 702 2312 sagittae
719 2255 900 2298 infixae?
924 2259 1066 2315 Ipsam
1093 2271 1291 2316 poenam,
1316 2257 1452 2316 ipsam
1470 2257 1734 2313 vindictam,
1759 2266 1804 2302 et

417 2324 531 2370 forte
553 2325 724 2370 dolores
741 2342 851 2387 quos
873 2326 945 2371 hic
962 2343 1133 2371 necesse
1155 2336 1218 2371 est
1233 2328 1344 2388 pati,
1366 2337 1409 2371 et
1424 2327 1556 2371 animi
1579 2337 1622 2372 et
1643 2343 1801 2388 eorpo-

417 2396 495 2452 ris⁷
517 2397 629 2456 ipsas
651 2397 757 2442 dicit
775 2398 961 2457 sagittas.
988 2402 1050 2443 De
1071 2398 1137 2443 his
1153 2399 1268 2442 enim
1287 2399 1450 2458 sagittis
1468 2408 1511 2443 et
1525 2409 1698 2444 sanctus
1715 2399 1801 2444 Job

415 2465 520 2513 fecit
540 2469 995 2514 commemorationem
1010 2504 1021 2525 ‚
1046 2479 1090 2514 et
1115 2485 1216 2514 cum
1237 2486 1346 2514 esses
1375 2470 1420 2514 in
1442 2469 1524 2514 illis
1545 2469 1770 2515 doloribus
1785 2504 1798 2526 ,

466 2559 474 2575 ¹
496 2552 614 2594 Ephes.
635 2564 670 2594 n,
685 2553 716 2586 3.
733 2570 773 2577 —-
795 2561 807 2577 ²
824 2556 915 2588 Rom.
936 2566 1006 2594 vni,
1028 2555 1081 2588 23.
1106 2571 1144 2580 -
1171 2553 1284 2592 ³1b1d.
1299 2554 1356 2597 24,
1373 2556 1428 2589 25.
