1841 3223
421 288 662 320 ENAnnArio
694 294 739 320 IN
771 290 974 322 PSALMUM
1006 293 1094 319 xm.
1369 279 1452 320 245

69 356 323 400 transitum?
358 358 581 420 Numquid
601 359 691 418 jam
719 358 822 402 bibo
850 358 904 401 de
937 356 1057 402 fonte
1080 356 1177 414 illo,
1217 357 1326 402 nihil
1361 362 1465 403 me?

66 429 217 472 tuens?
233 427 518 488 jamdnullum
551 427 802 472 scandalum
837 429 1118 487 pertimesco?
1136 430 1228 489 jam
1251 429 1306 473 de
1327 430 1455 489 cupi-

67 495 274 541 ditatibus
311 498 511 542 omnibus
554 507 762 559 tanquam
802 497 1001 542 edomitis
1051 499 1262 560 victisque
1303 515 1454 546 secura

64 559 186 612 sum?
223 571 376 614 Nonne
405 568 606 613 adversus
631 584 700 612 me
726 567 924 612 diabolus
952 568 1102 626 vigilat
1132 570 1266 614 hostis
1299 573 1454 616 meus?

65 653 210 699 nonne
225 638 403 700 laqueos
423 639 531 684 mihi
549 638 743 700 quotidie
764 638 1029 698 deceptionis
1046 639 1256 684 intendit?
1270 644 1369 686 Non
1387 641 1452 685 vis

65 717 114 753 ut
140 709 399 754 conturbem
430 718 473 753 te
494 709 631 769 posita
661 709 707 753 in
731 709 912 764 saeculo,
942 717 985 753 ct
1006 709 1234 768 peregrina
1261 709 1405 755 adhue
1428 727 1453 755 a

62 772 193 824 domo
211 779 289 824 Dei
306 780 416 824 mei?
441 779 546 836 Sed,
579 782 742 840 «Spera
765 780 809 823 in
834 782 997 834 Deum,
1025 797 1044 820 »
1072 781 1306 839 respondet
1341 797 1450 826 con-

62 849 257 894 turbanti
287 865 331 894 se
359 850 512 894 animae
542 866 630 894 suae
647 886 658 906 ,
686 859 729 894 et
755 849 876 910 quasi
900 849 1111 894 rationem
1137 849 1336 895 reddenti
1356 867 1452 911 per-

61 921 319 965 turbationis
341 937 430 965 suae
447 956 457 975 ,
489 931 666 981 propter
686 920 799 965 mala
817 920 977 980 quibus
999 920 1197 966 abundat
1220 921 1292 966 hic
1315 938 1449 967 mun-

59 990 155 1035 dus.
176 991 354 1035 Interim
377 991 525 1035 habita
547 992 592 1035 in
614 1007 704 1051 spe.
737 993 874 1051 «Spes
894 991 1010 1035 enim
1032 1007 1131 1052 quae
1145 992 1334 1050 videtur,
1359 1009 1449 1039 non

61 1080 81 1103 »
118 1070 181 1106 est
193 1077 287 1121 spes
310 1081 319 1106 z
336 1062 369 1105 si
387 1071 531 1106 autem
548 1061 670 1122 quod
688 1077 777 1107 non
794 1062 993 1107 videmus
1015 1077 1252 1121 speramus,
1273 1080 1350 1124 per
1370 1081 1450 1125 pa-

61 1150 81 1174 »
116 1132 309 1177 tientiam
331 1135 649 1192 expectamus1.
679 1152 698 1173 »

115 1205 194 1247 XI.
233 1222 253 1245 «
280 1205 411 1262 Spera
433 1203 479 1247 in
498 1207 650 1248 Deum.
672 1222 690 1245 »
711 1205 876 1258 Quare,
899 1223 918 1246 «
938 1206 1096 1264 Spera?
1113 1205 1329 1258 Quoniam
1346 1222 1449 1251 0011-

60 1292 80 1315 »
115 1273 273 1318 fitebor
310 1272 389 1318 illi.
417 1292 437 1315 »
471 1274 585 1327 Quid
620 1275 658 1318 ei
697 1274 1001 1318 confiteberis?
1034 1294 1054 1317 «
1074 1275 1269 1320 Salutare
1299 1276 1448 1322 vultus

60 1362 79 1385 »
114 1344 198 1388 mei
231 1347 346 1388 Deus
374 1360 495 1389 meus
509 1346 540 1388 2.
573 1364 592 1386 »
624 1348 660 1389 A
695 1360 764 1389 me
787 1345 893 1389 mihi
915 1343 1029 1389 salus
1052 1361 1141 1389 esse
1163 1362 1252 1391 non
1281 1357 1444 1406 potest,

54 1414 138 1459 hoc
171 1414 338 1471 dicam,
369 1416 454 1461 hoc
481 1415 740 1471 confitebor,
775 1414 1003 1460 «salutare
1036 1415 1184 1460 vultus
1218 1417 1303 1460 mei
1332 1420 1447 1464 Deus

57 1503 77 1526 »
111 1500 249 1530 meus.
274 1504 293 1526 n
314 1486 487 1530 Etenim
502 1495 550 1531 ut
568 1494 734 1530 metuat
756 1485 802 1529 in
823 1485 911 1541 his,
936 1503 1036 1546 quae
1057 1496 1299 1547 utcumque
1321 1487 1448 1532 intel-

52 1555 164 1601 lecta
186 1558 433 1617 cognoscit,
456 1558 638 1618 respexit
665 1558 823 1617 iterum
845 1557 1058 1603 sollicitus
1081 1574 1136 1602 ne
1158 1558 1341 1618 obrepat
1362 1559 1449 1603 ini-

52 1627 188 1671 micus
213 1644 223 1671 :
242 1627 440 1673 nondum
464 1627 594 1673 dicit:
616 1627 766 1672 Salvus
789 1644 883 1671 sum
906 1643 956 1671 ex
979 1629 1098 1672 omni
1114 1638 1250 1688 parte.
1271 1630 1447 1674 Etenim

53 1698 264 1757 primitias
293 1698 501 1742 habentes
532 1698 736 1758 Spiritus,
766 1698 812 1741 in
845 1698 1164 1758 nobismetipsis
1197 1700 1446 1758 ingemisci-

50 1783 146 1813 mus
163 1803 174 1822 ‚
221 1769 500 1829 adoptionem
545 1778 819 1829 expectantes
865 1768 1207 1829 redemptionem
1251 1772 1444 1831 corporis

50 1839 227 1883 11031113.
254 1838 334 1883 Illa
357 1838 548 1898 perfecta
572 1840 617 1882 in
634 1839 758 1883 nobis
777 1838 915 1883 salute
931 1875 941 1894 ‚
969 1840 1128 1884 erimus
1149 1840 1195 1883 in
1213 1839 1344 1885 domo
1367 1841 1445 1886 Dei

50 1909 242 1954 viventes
264 1909 355 1953 sine
372 1910 479 1964 fine,
507 1918 548 1953 et
570 1909 660 1953 sine
681 1910 768 1953 fine
784 1908 1012 1954 laudantes
1028 1925 1150 1966 eum,
1182 1910 1252 1954 cui
1275 1910 1443 1956 dietum

50 1989 114 2024 est
139 1999 148 2024 ι
177 1998 197 2022 «
216 1980 334 2023 Beati
356 1980 432 2040 qui
452 1980 651 2024 habitant
672 1981 717 2023 in
737 1979 867 2025 domo
889 1990 964 2024 tua
978 2016 989 2036 ‚
1014 1981 1060 2024 in
1079 1980 1237 2025 saecula
1261 1982 1445 2028 saeculo-

54 2068 74 2091 »
108 2065 204 2093 rum
232 2048 478 2094 laudabunt
499 2052 586 2094 te⁴.
616 2069 635 2093 »
663 2053 756 2095 Hoc
780 2051 979 2096 nondum
1001 2061 1092 2107 est,
1119 2053 1220 2113 quia
1242 2053 1443 2098 nondum

50 2128 113 2163 est
130 2119 242 2163 salus
260 2135 359 2179 quae
382 2120 652 2179 promittitur
678 2140 686 2165 ;
713 2120 788 2164 30(1
809 2122 1020 2166 confiteor
1042 2125 1132 2167 Deo
1150 2138 1248 2167 meo
1269 2123 1314 2167 in
1337 2140 1411 2183 spe
1427 2159 1439 2180 ,

51 2199 93 2234 et
115 2190 212 2235 dico
229 2189 291 2234 illi
319 2210 327 2236 :
353 2210 372 2233 «
388 2190 510 2236 Salus
539 2191 682 2236 vultus
700 2191 785 2236 mei
802 2195 917 2236 Deus
940 2208 1077 2237 meus.
1103 2196 1186 2253 Spe
1204 2194 1319 2237 enim
1338 2195 1444 2240 salvi

52 2279 72 2302 »
107 2260 210 2305 facti
242 2276 390 2305 sumus
421 2281 429 2305 ι
455 2276 548 2321 spes
571 2271 716 2306 autem
745 2278 844 2323 quae
866 2262 1054 2318 videtur,
1082 2280 1172 2308 non
1193 2273 1256 2308 est
1280 2280 1389 2324 spes.
1417 2283 1438 2307 >›

49 2334 279 2376 Persevera
295 2346 396 2390 ergo
415 2341 465 2376 111
482 2333 728 2392 pervenias3
752 2349 976 2393 persevera
991 2334 1130 2380 donec
1150 2335 1296 2379 veniat
1308 2335 1438 2381 salus.

50 2401 166 2446 Audi
196 2402 338 2462 ipsum
369 2406 510 2448 Deum
545 2413 671 2448 tuum
701 2403 755 2448 de
790 2405 994 2449 interiore
1027 2406 1106 2450 tibi
1136 2406 1390 2467 loquentem
1426 2427 1436 2453 z

55 2489 76 2513 «
113 2471 285 2516 Sustine
323 2473 580 2530 Dominum,
614 2475 795 2519 viriliter
829 2490 930 2533 age,
973 2485 1016 2520 et
1062 2475 1333 2521 confortetur
1364 2493 1439 2522 cor

100 2572 110 2588 ¹
138 2568 229 2599 Rom.
257 2579 334 2610 vm,
353 2567 395 2610 24
410 2593 421 2607 ,
446 2569 499 2602 25.
532 2587 573 2592 -
601 2577 613 2593 ²
630 2570 711 2602 Psal.
733 2581 796 2610 xm,
816 2581 848 2611 7.
867 2587 910 2593 --
929 2569 942 2593 3
971 2573 1061 2604 Rom.
1080 2583 1147 2614 vm,
1173 2572 1225 2605 23.
1249 2590 1291 2595 —
1319 2571 1335 2603 4
1354 2573 1439 2605 psal.

55 2632 183 2664 Lxxxm,
206 2622 237 2653 5.
