1841 3223
388 239 629 269 ENAuaAmo
660 243 706 269 m
740 240 941 270 PsALMUM
975 242 1075 269 va.
1334 229 1414 267 321

38 324 58 347 »
73 307 194 366 jutor
209 304 256 348 in
271 303 625 350 tribulationibus
642 322 741 366 quae
755 306 1019 351 invenerunt
1036 321 1114 350 nos
1129 305 1270 349 nimis.
1296 323 1315 346 »
1336 304 1422 350 Sed
1448 356 1452 359 χ

35 375 138 436 quia
173 374 346 435 adjutor
365 374 505 419 factus
525 380 614 431 est,
644 376 761 419 uncle
788 377 931 421 factus
959 378 1046 421 est?
1082 395 1103 419 «
1133 375 1419 436 Compuncti,

37 462 58 487 »
85 446 229 505 inquit
247 480 258 500 ,
284 443 416 489 corde
447 443 676 489 dixerunt:
711 445 826 498 Quid
858 445 1124 490 faciemus1?
1148 465 1167 488 »
1196 449 1424 505 Tanquam

36 530 193 574 magna
214 514 528 575 desperatione.
550 514 630 558 Ille
642 523 789 559 tantus
806 525 870 559 est
884 551 895 571 ,
920 532 1052 576 quem
1071 532 1149 560 nos
1166 515 1420 571 occidimus,

36 601 115 630 nos
135 586 212 630 ubi
233 586 416 630 erimus?
435 588 494 629 Et
510 588 684 640 Petrus,
704 604 724 627 «
747 585 870 643 Agite
890 587 1216 645 poenitentiam,
1242 596 1286 631 et
1311 587 1424 646 bap-

36 657 192 702 tizetur
212 657 511 716 unusquisque
523 665 715 700 vestrum
727 657 773 700 in
792 657 968 700 nomine
984 657 1158 701 Domini
1174 658 1308 702 nostri
1321 661 1345 702 J
1349 674 1427 702 esu

41 745 62 769 »
82 726 263 783 Christi,
293 736 339 771 et
363 726 645 771 dimittuntur
676 726 799 771 vobis
830 736 1007 787 peccata
1037 737 1178 772 vestra
1190 732 1222 772 ².
1255 746 1275 769 »
1308 728 1427 774 Nihil

39 797 154 842 enim
175 798 259 842 hoc
279 806 457 857 peccato
478 798 648 856 gravius
673 798 862 856 cogitare
898 807 1152 857 potuerunt.
1184 798 1311 852 Quod
1334 815 1428 858 gra-

41 869 135 915 vius
148 877 376 929 peccatum
387 869 508 928 aegri,
524 884 657 929 quam
670 868 826 912 medici
839 868 1110 913 interfectio?
1123 869 1240 923 Quid
1258 871 1430 928 gravius

41 948 184 999 potest
203 953 317 997 aeger
332 938 496 994 facere,
519 953 653 995 quam
669 938 704 982 si
721 939 940 983 medicum
958 955 1086 983 suum
1104 939 1298 984 occidat?
1315 943 1431 986 Cum

41 1010 125 1054 hoc
154 1008 410 1064 dimittitur,
447 1007 557 1068 quid
589 1025 680 1053 non
709 1009 977 1054 dimittitur?
1006 1010 1075 1054 Ab
1112 1010 1186 1055 illo
1220 1027 1323 1070 ergo
1359 1013 1433 1058 cui

44 1079 211 1125 dietum
229 1088 313 1124 est:
339 1099 359 1122 (ι
378 1077 616 1137 Refugium
644 1088 687 1123 et
713 1080 870 1135 virtus,
896 1099 915 1121 »
944 1091 1206 1140 acceperunt
1229 1097 1431 1141 magnam

43 1150 332 1195 Securitatem.
359 1169 378 1191 «
403 1149 651 1209 Baptizctur
672 1151 969 1211 unusquisque
987 1161 1178 1195 vestrum
1196 1153 1433 1198 innomine

47 1239 67 1263 »
93 1220 268 1266 Domini
301 1219 437 1264 nostri
462 1221 566 1262 Jesu
594 1220 754 1264 Christi
783 1239 790 1264 :
826 1239 845 1262 »
872 1221 917 1264 in
945 1220 1060 1265 illius
1094 1223 1272 1267 nominc
1300 1239 1434 1284 quem

45 1290 281 1347 occidistis,
320 1290 614 1350 baptizamini,
650 1310 666 1331 «
700 1294 757 1334 Et
785 1290 1068 1335 dimittuntur
1099 1294 1223 1338 vobis
1257 1305 1436 1355 peccata

48 1381 68 1406 »
93 1372 248 1408 vestra.
284 1360 545 1408 »Medicum
576 1361 645 1406 vel
678 1371 827 1421 postea
859 1364 1146 1421 cognovistis,
1169 1366 1260 1424 jam
1294 1368 1436 1411 securi

45 1432 182 1478 bibite
203 1432 457 1490 sanguinem
477 1447 610 1492 quem
629 1430 815 1476 ludistis.

110 1507 164 1549 V.
209 1503 406 1563 Denique
448 1513 624 1564 accepta
660 1513 781 1548 tanta
822 1505 1051 1549 securitate
1067 1540 1077 1559 ,
1113 1506 1220 1566 quid
1253 1506 1438 1554 dicunt?

51 1593 72 1618 α
96 1578 329 1634 Propterea
349 1590 439 1619 non
460 1574 708 1619 timebimus
723 1610 733 1630 ,
755 1590 855 1619 cum
874 1575 1210 1620 conturbabitur
1227 1586 1340 1622 terra
1356 1580 1387 1623 ³.
1413 1598 1434 1622 »

48 1644 184 1690 Paulo
201 1654 300 1690 ante
321 1644 512 1699 solliciti,
543 1644 688 1689 subito
710 1644 876 1700 securi,
903 1661 953 1688 ex
976 1645 1334 1692 tribulationibus
1367 1651 1440 1694 ni-

48 1715 143 1760 miis
156 1715 203 1759 in
231 1731 389 1773 magna
406 1715 721 1774 tranquillitate
757 1715 900 1774 positi.
933 1716 1189 1761 Dormiebat
1216 1719 1333 1762 enim
1355 1720 1440 1765 illis

49 1786 267 1839 Christus,
293 1785 392 1829 ideo
409 1784 703 1829 turbabantur
729 1804 736 1828 :
760 1785 969 1829 excitatus
992 1796 1055 1830 est
1077 1788 1272 1832 Christus
1290 1825 1300 1845 ,
1324 1791 1440 1836 sicut.

49 1855 182 1901 modo
198 1855 444 1900 audivimus
464 1856 511 1899 in
532 1854 767 1913 Evangelio
785 1890 796 1910 ,
816 1855 1045 1915 imperavit
1065 1858 1225 1913 ventis,
1253 1869 1296 1903 et
1314 1861 1440 1920 quic-

51 1927 250 1972 verunt⁴.
271 1925 488 1979 Quoniam
515 1925 712 1971 Christus
733 1925 778 1969 in
800 1926 1010 1986 cujusque
1036 1927 1167 1972 corde
1196 1945 1272 1988 per
1305 1931 1441 1978 fidem

52 2008 141 2054 est,
166 1998 456 2057 significatum
474 2005 538 2041 est
567 1996 692 2041 nobis
707 2032 718 2052 ,
744 1997 846 2057 quia
867 1998 957 2058 ejus
989 2014 1064 2043 cor
1088 2008 1296 2060 tanquam
1319 2004 1441 2048 navis

52 2069 99 2113 in
118 2070 248 2129 hujus
268 2068 416 2113 saeculi
427 2077 683 2128 tempestate
707 2068 925 2124 turbatur,
942 2069 1018 2129 qui
1033 2069 1164 2115 fidem
1179 2087 1302 2116 suam
1321 2073 1439 2118 obli-

53 2138 227 2184 viscitur
248 2159 257 2183 ε
283 2148 493 2198 tanquam
519 2137 691 2183 Christo
714 2138 958 2182 dormiente
990 2139 1221 2198 turbatur,
1254 2144 1440 2190 excitato

55 2219 202 2254 autem
223 2209 396 2255 Christo
411 2244 422 2264 ,
447 2209 498 2253 fit
512 2208 816 2268 tranquillitas.
837 2209 1035 2269 Denique
1056 2219 1099 2254 et
1121 2211 1211 2271 ipse
1229 2213 1442 2260 Dominus

55 2280 164 2341 quid
180 2280 270 2324 ait?
289 2299 308 2322 α
324 2280 409 2324 Ubi
422 2288 486 2323 est
505 2277 612 2323 fides
628 2288 768 2324 vestra
779 2282 814 2324 ⁵?
835 2298 854 2321 υ
873 2280 1092 2324 Excitatus
1115 2282 1311 2327 Christus
1333 2286 1442 2330 exci-

57 2350 166 2396 tavit
186 2350 344 2395 fidem:
370 2359 420 2394 ut
446 2348 568 2410 quod
588 2349 633 2394 in
653 2349 752 2394 navi
780 2349 946 2394 sactum
977 2360 1089 2406 erat,
1124 2352 1247 2396 fieret
1272 2353 1319 2397 in
1341 2370 1441 2400 cor-

59 2419 186 2466 dibus
199 2436 366 2465 eorum.
386 2440 406 2463 «
425 2419 610 2480 Adjutor
624 2420 669 2463 in
680 2419 1054 2476 tribulationibus,
1070 2437 1169 2481 quae
1180 2422 1444 2474 invenerunt

111 2523 119 2540 ¹
136 2519 208 2550 Act.
225 2526 261 2558 ιι,
280 2516 336 2559 37.
351 2532 393 2538 —-
407 2514 516 2548 21bid.
538 2514 592 2548 38.
611 2532 633 2538 -
673 2513 686 2538 3
701 2515 780 2548 Psal.
802 2526 874 2557 ην,
901 2515 931 2548 3.
959 2533 1000 2538 —
1016 2514 1031 2545 4
1049 2517 1163 2550 Matth.
1181 2529 1247 2560 vm,
1261 2519 1382 2562 24-26.
1399 2541 1442 2550 —-

62 2572 77 2598 5
92 2576 168 2607 Luc.
184 2583 252 2614 vui,
271 2574 326 2604 25.

249 2636 355 2666 cxv.
950 2638 960 2642 ⁴·
1202 2629 1250 2668 θ1
