1841 3223
394 221 633 250 mauriano
665 222 709 248 IN
742 219 943 248 PsAmstM
977 221 1062 246 xm.
1344 205 1422 245 241

51 291 148 334 Non
168 287 347 348 quidem
367 287 504 332 videri
525 291 637 331 Deus
655 285 735 329 nisi
756 286 899 329 animo
921 293 1062 344 potest
1077 319 1088 338 ,
1109 298 1188 327 nec
1207 291 1352 327 tamen
1368 283 1429 326 ita

50 367 99 402 ut
126 357 294 402 animus
315 356 452 402 videri
475 365 632 416 potest.
659 355 838 415 Aliquid
853 355 967 398 eni'm
990 354 1145 415 quaerit
1162 353 1330 397 animus
1351 353 1431 397 iste

49 428 170 490 quod
183 432 296 473 Deus
308 437 386 483 est,
406 426 462 470 de
484 442 572 487 quo
589 425 652 470 illi
672 441 762 469 non
775 424 986 469 insultent
1002 425 1078 485 qui
1100 424 1251 469 dicunt
1268 444 1277 469 1
1305 444 1325 466 «
1347 423 1432 468 Ubi

53 518 73 541 »
108 508 172 543 est
183 501 297 543 Deus
308 498 436 542 tuus?
456 515 476 538 n
496 495 699 556 Aliquam
721 496 878 556 quaerit
893 494 1296 539 incommutabilem
1316 492 1432 539 veri-

49 578 199 626 tatem,
220 569 310 614 sine
324 568 502 613 defectu
515 567 815 611 substantiam.
836 568 934 612 Non
952 575 1017 610 est
1031 566 1123 610 talis
1144 567 1233 625 ipse
1247 566 1434 618 animus,

50 640 222 695 deficit,
254 639 451 700 proficit,
475 638 625 694 novit,
659 638 860 697 ignorat,
885 638 1111 692 meminit,
1142 637 1432 694 obliviscitur,

49 710 181 756 modo
199 710 311 755 illud
331 709 448 763 vult,
473 709 606 754 modo
629 725 718 753 non
740 709 850 753 vult.
873 711 956 752 Ista
976 707 1241 752 mutabilitas
1255 723 1345 751 non
1366 723 1437 751 ca-

50 780 115 826 dit
144 781 191 825 in
213 784 368 826 Deum.
399 781 441 825 Si
462 779 610 824 dixero
637 799 645 824 2
669 778 892 824 Mutabilis
916 788 979 822 est
998 782 1137 834 Deus,
1159 777 1438 822 insultabunt

15 850 25 859 ⁴
50 852 156 896 mihi
179 852 256 912 qui
272 851 427 899 dieunt
446 871 454 896 :
484 851 605 895 «Ubi
627 859 691 895 est
708 853 820 895 Deus
843 852 969 894 tuus?
987 868 1006 891 »

107 924 230 967 VIII.
265 924 473 975 Quaerens
500 937 602 980 ergo
624 925 763 966 Deum
788 936 934 965 meum
969 921 1015 965 in
1044 921 1174 965 rebus
1194 920 1437 966 visibilibus

51 1002 93 1038 et
115 993 435 1054 corporalibus,
460 1002 504 1037 et
524 1008 615 1038 non
637 993 880 1051 inveniens,
905 1009 1105 1053 quaerens
1128 994 1218 1053 ejus
1241 993 1437 1037 substan-

52 1065 153 1109 tiam
172 1065 219 1109 in
238 1080 308 1109 me
333 1064 426 1124 ipso
441 1099 452 1120 ,
478 1065 603 1125 quasi
624 1064 679 1108 sit
700 1063 866 1125 aliquid
889 1063 1028 1125 qualis
1052 1080 1131 1123 ego
1153 1079 1267 1119 sum,
1294 1079 1438 1124 neque

52 1136 134 1180 hoc
165 1136 411 1193 inveniens,
444 1133 609 1195 aliquid
643 1150 772 1194 super
806 1135 994 1179 animam
1021 1150 1109 1179 esse
1136 1135 1275 1179 sentio
1296 1137 1437 1179 Deum

49 1222 210 1251 meum.
250 1209 366 1266 Ergo
381 1242 391 1262 ,
423 1215 475 1251 ut
500 1221 601 1251 eum
622 1215 841 1264 tangerem
858 1241 869 1262 ,
898 1209 1032 1251 «Haec
1055 1207 1287 1250 meditatus
1310 1221 1403 1250 sum
1423 1240 1433 1261 ,

53 1297 74 1321 >›
108 1288 152 1323 et
180 1278 318 1323 effudi
341 1293 470 1338 snper
498 1293 566 1322 me
609 1277 797 1321 animam
820 1293 960 1322 meam
978 1280 1006 1322 ¹.
1033 1297 1053 1319 »
1079 1277 1266 1332 Quando
1294 1278 1439 1321 anima

50 1364 144 1393 mea
163 1349 434 1408 contingeret
449 1347 569 1409 quod
586 1363 716 1407 super
732 1349 918 1392 animam
940 1363 1081 1392 meam
1102 1348 1329 1408 quaeritur,
1356 1347 1437 1391 nisi

51 1420 192 1465 anima
202 1435 298 1464 mea
314 1435 444 1480 super
465 1435 508 1463 se
529 1419 664 1479 ipsam
679 1417 1007 1463 effunderetur?
1030 1419 1072 1464 Si
1085 1419 1200 1462 enim
1221 1419 1265 1462 in
1288 1434 1332 1462 se
1345 1419 1436 1478 ipsa

51 1499 289 1535 remaneret
300 1525 310 1545 ,
333 1489 438 1534 nihil
464 1489 583 1534 aliud
596 1505 728 1550 quam
744 1504 787 1534 se
804 1489 994 1534 videret:
1018 1499 1173 1534 etcum
1189 1504 1232 1533 se
1250 1488 1432 1544 videret,

49 1577 138 1605 non
174 1561 327 1621 utique
349 1564 488 1605 Deum
513 1576 639 1604 suum
663 1560 842 1604 videret.
867 1561 1024 1605 Dicant
1040 1562 1131 1620 jam
1159 1559 1436 1604 insultatores

48 1632 160 1686 mei,
186 1631 306 1675 «Ubi
329 1640 392 1675 est
412 1634 527 1675 Deus
548 1632 674 1674 tuus?
689 1649 708 1672 »
733 1629 882 1674 dicant
909 1650 917 1675 ;
943 1646 1023 1689 ego
1046 1630 1240 1691 quandiu
1264 1646 1354 1674 non
1376 1630 1435 1673 vi-

48 1701 152 1757 deo,
178 1701 378 1762 quandiu
413 1701 607 1755 differor,
644 1700 863 1744 manduco
893 1700 962 1744 die
986 1715 1034 1744 ac
1065 1710 1193 1745 noete
1222 1700 1434 1758 lacrymas

48 1788 176 1816 meas.
214 1772 369 1816 Dicant
394 1770 459 1815 illi
480 1771 624 1815 adhuc
653 1791 662 1815 :
704 1770 820 1815 «Ubi
845 1779 908 1814 est
937 1774 1052 1815 Deus
1076 1773 1204 1815 tuus?
1226 1789 1245 1811 »
1284 1786 1433 1831 quaero

50 1858 130 1902 ego
144 1846 283 1887 Deum
299 1856 448 1886 meum
468 1841 515 1885 in
535 1841 654 1885 omni
677 1855 878 1900 corpore,
900 1841 987 1884 sive
1013 1841 1224 1896 terrestri,
1247 1842 1332 1885 sive
1348 1857 1434 1885 coe-

49 1913 145 1958 lesti
161 1948 172 1969 ,
198 1922 242 1957 et
259 1929 349 1957 non
377 1912 552 1956 invenio
585 1931 594 1956 ;
619 1926 769 1971 quaero
791 1912 1072 1956 substantiam
1098 1914 1188 1972 ejus
1219 1913 1265 1956 in
1291 1912 1435 1956 anima

50 1999 145 2029 mea
161 2019 172 2040 ,
189 1993 233 2028 et
253 1999 340 2028 non
363 1983 538 2027 invenio
556 2001 564 2027 :
581 1982 814 2026 meditatus
836 1998 930 2027 sum
947 1992 1092 2027 tamen
1110 1983 1435 2044 inquisitionem

51 2055 128 2098 Dei
144 2054 228 2098 mei
245 2089 255 2109 ,
276 2062 320 2097 et
338 2069 417 2113 per
431 2069 480 2097 ea
498 2069 598 2113 quae
614 2051 728 2096 facta
745 2061 846 2097 sunt
867 2089 877 2107 ,
898 2052 1129 2097 invisibilia
1151 2054 1227 2097 Dei
1245 2054 1329 2097 mei
1351 2069 1432 2098 eu-

49 2124 172 2184 piens
198 2122 418 2169 intellecta
449 2123 697 2183 conspicere
709 2126 742 2177 2,
778 2122 960 2167 «Effudi
984 2138 1112 2182 super
1144 2139 1214 2167 me
1242 2124 1434 2167 animam

54 2211 75 2236 »
108 2209 274 2252 meam,
301 2212 321 2235 »
355 2203 398 2238 et
419 2209 509 2238 non
526 2195 617 2253 jam
638 2201 769 2237 restat
789 2209 920 2253 quem
942 2202 1140 2253 tangam,
1179 2194 1260 2237 nisi
1292 2197 1432 2238 Deum

51 2280 213 2310 meum.
239 2264 308 2309 Ibi
328 2265 444 2308 enim
465 2263 621 2308 domus
652 2264 731 2308 Dei
751 2265 857 2319 mei,
883 2280 1011 2324 super
1033 2265 1221 2309 animam
1251 2280 1393 2308 meam
1420 2284 1429 2309 :

51 2336 113 2380 ibi
141 2335 333 2390 habitat,
355 2334 460 2378 inde
481 2349 551 2378 me
569 2335 795 2394 prospicit,
819 2334 922 2379 inde
942 2350 1012 2378 me
1033 2335 1217 2390 creavit,
1241 2334 1344 2380 inde
1362 2351 1434 2380 me

52 2408 288 2466 gubernat,
311 2405 414 2451 inde
434 2406 542 2450 mihi
566 2406 775 2461 consulit,
800 2406 902 2450 inde
921 2421 991 2450 me
1018 2407 1192 2462 excitat,
1223 2406 1325 2451 inde
1361 2423 1432 2452 me

53 2487 198 2533 vocat,
222 2476 323 2522 inde
344 2492 414 2521 me
427 2476 574 2536 dirigit
588 2512 598 2532 ,
624 2476 725 2521 inde
744 2492 814 2521 me
837 2477 979 2532 ducit,
999 2476 1102 2521 inde
1124 2492 1193 2521 me
1215 2478 1429 2537 perducit.

101 2571 111 2588 ¹
133 2563 211 2596 Psal.
227 2573 291 2604 xm,
309 2562 342 2596 5.
365 2579 403 2586 ·-
426 2569 438 2586 ²
457 2564 549 2596 Rom.
570 2574 592 2604 1,
616 2571 670 2595 20.

213 2626 317 2657 CXV.
1200 2621 1246 2656 16
