1841 3223
353 229 436 267 202
793 240 826 265 s.
863 235 1093 264 AUGUSTINI
1126 236 1308 263 Emscom

407 307 548 348 XVII.
573 323 592 345 «
609 306 633 347 J
640 303 828 346 ustitiam
849 317 991 346 meam
1014 317 1103 346 non
1117 300 1323 346 abscondi
1345 300 1390 344 in
1412 299 1540 345 corde
1556 301 1697 355 meo1‚
1714 318 1734 341 »

349 375 467 430 Quid
489 383 575 418 est:
595 374 844 417 «Justitiam
864 374 1034 417 meam?
1058 391 1077 414 »
1101 372 1255 417 Fidem
1278 387 1419 416 meam
1447 391 1456 416 :
1486 391 1506 414 «
1525 371 1739 431 Quiajus-

351 465 371 488 »
407 456 475 490 tus
504 461 554 488 ex
582 443 668 488 fide
703 444 852 488 vivit2.
882 463 902 485 »
941 446 998 488 Ut
1033 453 1162 503 puta,
1192 444 1458 502 interrogat,
1496 443 1578 487 sub
1608 457 1740 502 poena

346 525 612 578 perseeutor,
641 515 761 577 quod
779 516 837 560 cis
855 515 978 560 licuit
995 514 1229 576 aliquando
1260 535 1269 560 ε
1290 515 1408 568 Quid
1432 516 1506 559 es?
1527 529 1736 573 paganus,

345 607 401 634 an
423 589 723 635 Christianus?
745 588 1030 633 Christianus.
1058 591 1155 647 Ipsa
1178 596 1242 631 est
1253 586 1418 647 justitia
1448 587 1538 646 ejus
1566 605 1575 630 :
1597 584 1740 630 credi-

345 661 433 716 dit,
459 676 510 705 ex
532 659 617 704 fide
639 660 762 705 vivit.
800 661 898 705 Non
932 657 1159 703 abscondit
1189 658 1235 701 in
1267 656 1398 702 corde
1424 672 1502 701 suo
1530 657 1741 716 justitiam

344 747 483 777 suam.
508 733 607 777 Non
625 729 732 775 dixit
749 729 863 790 apud
883 745 926 773 sc
947 749 955 774 :
976 728 1118 791 Credo
1135 727 1316 788 quidem
1337 728 1383 771 in
1398 728 1642 782 Christum,
1666 722 1741 770 sed

344 804 448 848 huic
470 803 735 863 persecutori
752 817 848 846 meo
865 801 1058 845 saevienti
1076 809 1119 844 et
1140 799 1324 844 minanti
1348 814 1438 844 non
1461 798 1603 844 dicam
1621 797 1742 858 quod

344 874 511 920 credidi
538 893 547 919 ε
573 873 695 918 novit
716 876 830 917 Deus
853 886 975 916 meus
997 871 1114 915 intus
1134 871 1180 914 in
1198 869 1328 915 corde
1349 886 1448 915 meo
1467 870 1568 930 quia
1590 868 1737 925 eredo,

344 948 436 1007 ipse
453 946 532 990 scit
554 946 655 1005 quia
677 943 740 988 illi
762 960 853 988 non
874 952 1078 987 renunto.
1100 945 1213 987 Eece
1229 942 1314 987 hoc
1339 940 1444 986 dicis
1466 949 1508 985 te
1524 940 1643 985 intus
1659 941 1742 984 ham

344 1019 450 1063 bere
467 1017 512 1061 in
534 1016 665 1062 corde
687 1035 696 1060 :
717 1016 763 1059 in
784 1013 909 1059 labiis
931 1013 1066 1075 quid?
1084 1016 1180 1060 Non
1193 1028 1290 1058 sum
1308 1013 1610 1058 Christianus?
1627 1014 1743 1056 Con-

345 1099 411 1134 tra
449 1104 524 1133 cor
548 1097 676 1132 tuum
704 1086 1001 1131 testimonium
1038 1085 1193 1129 dicunt
1212 1083 1328 1128 labia
1354 1093 1443 1128 tua.
1479 1102 1499 1125 «
1522 1083 1742 1127 Justitiam

348 1178 371 1202 >›
405 1175 550 1204 meam
567 1174 657 1203 non
676 1155 885 1204 abscondi
907 1156 952 1200 in
973 1155 1119 1200 corde.
1152 1175 1168 1196 »

405 1232 574 1274 XVIII.
600 1229 868 1273 «Veritatem
886 1236 1008 1271 tuam
1025 1235 1068 1270 et
1082 1225 1268 1270 salutare
1290 1233 1416 1268 tuum
1437 1223 1575 1268 dixi.»
1598 1223 1746 1269 Chris-

347 1309 444 1345 tum
458 1309 583 1344 tuum
598 1300 702 1355 dixi,
722 1300 806 1344 hoe
822 1307 885 1343 cst
907 1318 915 1343 ;
936 1297 1199 1342 «Veritatem
1224 1305 1344 1341 tuam
1359 1305 1402 1340 et
1416 1295 1601 1340 salutare
1620 1304 1746 1339 tuum

349 1391 370 1414 ))
392 1372 525 1416 dixi.»
546 1372 672 1416 Unde
684 1371 841 1416 veritas
859 1370 1087 1415 Christus?
1115 1387 1135 1410 «
1152 1371 1244 1426 Ego
1260 1383 1355 1411 sum
1366 1367 1563 1411 veritasss.
1580 1385 1600 1407 »
1621 1365 1746 1410 Unde

346 1442 535 1487 salutare
557 1441 689 1501 ipsius
709 1441 935 1485 Christus?
961 1441 1134 1485 Simeon
1157 1438 1332 1496 agnovit
1354 1436 1568 1481 infantem
1585 1436 1631 1480 in
1655 1451 1747 1479 ma—

346 1515 478 1559 nibus
505 1513 653 1557 matris
686 1512 732 1556 in
762 1511 956 1571 templo,
993 1520 1036 1555 et
1067 1510 1175 1554 dixit
1212 1528 1220 1555 :
1258 1509 1511 1563 «Quoniam
1540 1507 1748 1552 viderunt

349 1603 371 1627 n
407 1584 524 1630 oeuli
555 1584 642 1628 mei
670 1583 857 1628 salutare
880 1591 1007 1626 tuum
1024 1582 1056 1624 ⁴.
1089 1601 1106 1622 »
1132 1580 1325 1639 Agnovit
1345 1579 1560 1624 infantem
1590 1594 1743 1633 senex,

346 1654 488 1700 sactus
511 1655 557 1698 in
577 1669 715 1714 puero
733 1668 858 1713 puer,
884 1653 1116 1696 innovatus
1138 1651 1241 1694 fide.
1263 1655 1501 1710 Acceperat
1519 1649 1635 1693 enim
1657 1664 1746 1693 res-

347 1741 557 1787 ponsum,
583 1735 626 1769 et
647 1725 730 1769 hoc
750 1723 881 1768 dixit:
903 1721 1071 1767 dixerat
1090 1724 1129 1767 ei
1149 1722 1362 1767 Dominus
1383 1757 1394 1777 ,
1416 1721 1518 1781 quia
1537 1736 1627 1764 non
1654 1721 1746 1764 exi-

347 1808 472 1843 turus
502 1806 595 1841 erat
619 1796 673 1840 de
693 1797 776 1841 hac
798 1797 885 1840 vita
902 1831 913 1851 ‚
940 1796 1059 1856 prius
1087 1810 1217 1855 quam
1241 1792 1409 1838 videret
1430 1791 1617 1837 salutaro
1650 1792 1742 1836 Dei.

349 1872 443 1915 Hoc
463 1868 649 1913 salutare
666 1867 744 1911 Dei
759 1867 927 1911 bonum
950 1876 1013 1910 est
1032 1875 1083 1909 ut
1100 1863 1354 1910 ostendatur
1369 1863 1622 1908 hominibus
1643 1882 1651 1907 :
1672 1861 1748 1907 sed

349 1938 539 1985 clament
565 1958 574 1982 :
598 1957 618 1980 «
638 1935 830 1982 Ostende
851 1936 979 1980 nobis
993 1971 1004 1991 ⁷
1025 1936 1225 1989 Domine,
1250 1933 1589 1978 misericordiam
1606 1942 1744 1988 tuam,

351 2029 374 2053 »
409 2019 453 2055 et
467 2009 654 2054 salutare
669 2019 796 2053 tuum
813 2007 867 2051 da
884 2007 1010 2052 nobis
1027 2008 1056 2051 ⁵.
1075 2026 1095 2048 »
1117 2004 1313 2051 Salutare
1329 2015 1476 2049 autem
1497 2005 1574 2050 Dei
1590 2005 1635 2048 in
1654 2019 1748 2048 om-

350 2082 478 2127 nibus
493 2080 695 2140 gentibus
709 2099 716 2124 :
730 2079 832 2139 quia
846 2094 946 2123 cum
959 2077 1133 2122 dixisset
1145 2076 1337 2137 quodam
1350 2075 1448 2120 loco
1472 2095 1480 2120 :
1501 2094 1520 2117 «
1536 2078 1650 2119 Deus
1664 2075 1746 2118 mi-

352 2171 373 2195 »
409 2160 600 2196 sereatur
614 2150 756 2205 nobis⁷
775 2158 818 2193 et
840 2147 1070 2192 benedicat
1086 2163 1180 2202 nos,
1199 2146 1419 2190 illuminet
1431 2144 1604 2190 vultum
1620 2159 1746 2189 suum

353 2241 374 2265 »
409 2237 539 2281 super
554 2236 647 2276 nos,
664 2229 714 2264 ut
728 2218 1096 2278 cognoscamusin
1114 2227 1227 2261 terra
1249 2217 1363 2261 viam
1387 2226 1508 2260 tuam
1529 2216 1570 2260 ⁶:
1592 2233 1611 2256 »
1627 2214 1743 2275 adje-

354 2313 376 2337 ‹<
410 2294 484 2348 cit,
506 2295 557 2336 In
580 2291 785 2336 omnibus
801 2290 1004 2349 gentibus
1022 2288 1209 2333 salutare
1228 2297 1369 2332 tuum.
1386 2305 1405 2328 >›
1429 2287 1574 2331 Primo
1597 2285 1706 2330 dixit
1734 2305 1742 2330 ε

353 2383 375 2405 »
411 2367 468 2408 Ut
481 2378 792 2422 cognoscamus
807 2362 852 2404 in
869 2371 978 2405 terra
994 2359 1108 2404 viam
1122 2369 1243 2403 tuam
1259 2378 1266 2403 :
1286 2378 1304 2399 »
1318 2368 1360 2401 et
1377 2366 1549 2401 secutus
1565 2365 1644 2412 est,
1660 2375 1679 2397 «
1696 2359 1747 2400 In

348 2434 553 2479 omnibus
568 2433 770 2492 gentibus
787 2431 974 2475 salutare
986 2439 1127 2474 tuum.
1141 2448 1160 2470 ι)
1181 2429 1308 2483 Quasi
1324 2428 1542 2473 diceretur
1557 2427 1595 2471 ei
1615 2431 1743 2480 :Quae

396 2537 407 2553 ¹
427 2529 508 2561 Psal.
529 2541 638 2570 xxxix,
661 2540 672 2560 1
687 2540 714 2560 1.
733 2545 775 2550 --
799 2527 947 2559 211abac.
971 2537 1006 2567 11,
1023 2523 1055 2566 4,
1076 2529 1109 2557 et
1121 2527 1212 2557 Rom.
1236 2537 1260 2565 1,
1276 2524 1331 2557 28.
1361 2540 1400 2547 —-
1417 2522 1429 2547 3
1446 2525 1540 2556 Joan.
1557 2534 1625 2565 xiv,
1650 2522 1684 2554 6.
1704 2538 1745 2544 -·

348 2584 365 2616 4
381 2586 458 2618 Luc.
482 2596 518 2624 11,
532 2584 585 2618 30.
605 2601 647 2606 —
667 2581 681 2605 5
700 2582 778 2615 Psal.
800 2592 928 2623 mxxiv,
946 2583 982 2616 8.
999 2597 1040 2602 —
1060 2578 1141 2612 ⁶1d.
1162 2590 1250 2620 uvi,
1272 2588 1304 2610 2.
