1841 3223
458 240 702 269 ENARRATIO
734 243 780 268 IN
812 240 1016 269 PsALMUM
1047 243 1164 269 XLiV.
1411 232 1494 271 307

111 323 129 346 »
164 303 314 360 frater,
339 305 521 364 accipiat
534 320 710 348 uxorem
727 306 817 365 ejus
829 304 960 349 frater
975 306 1081 365 ejus,
1104 315 1146 349 et
1161 305 1335 349 suscitet
1351 322 1498 358 semen

108 392 128 416 η
163 373 289 419 fratri
312 390 406 419 suo.
435 368 636 435 Accipiat
659 391 838 419 uxorem
861 375 993 420 frater
1021 378 1111 436 ejus
1143 385 1186 420 et
1218 377 1394 421 suscitet
1428 393 1496 421 se-

108 463 129 487 »
164 456 266 490 men
287 461 378 490 non
394 445 497 501 sibi,
519 445 598 490 sed>
618 444 737 490 fratri
759 462 837 490 suo
852 450 882 490 ¹.
913 465 932 488 »
965 447 1079 491 Dixit
1099 448 1296 492 Christus
1329 469 1338 493 :
1374 467 1394 490 «
1417 449 1495 493 Dic

107 534 129 558 »
164 507 370 561 fratribus
391 517 538 561 meis2.
560 535 580 558 »
612 516 727 561 Dixit
757 517 804 560 i'n
823 516 995 563 Psalmo
1027 537 1035 562 ε
1068 537 1087 560 «
1109 519 1302 563 Narrabo
1335 534 1498 563 nomen

109 605 130 629 »
165 596 292 631 tuum
324 586 528 632 fratribus
559 588 705 632 meisss.
734 606 754 630 »
789 591 989 633 Mortuus
1016 598 1080 633 est
1105 589 1322 645 Christus,
1356 605 1498 634 resur-

105 657 238 713 rexit,
258 657 472 714 ascendit,
494 658 736 704 absentavit
753 673 796 703 se
813 674 994 718 corpore
1017 678 1025 703 :
1047 670 1330 719 susceperunt
1344 659 1496 705 fratres

106 724 197 788 ejus
216 735 396 773 uxorem
408 730 515 789 ejus,
535 728 842 789 praedicatione
857 727 1082 788 Evangelii
1102 730 1347 788 generaturi
1365 730 1492 786 filios,

105 807 196 843 non
222 814 300 859 per
329 815 373 844 se
403 799 544 859 ipsos,
579 799 653 844 sed
686 815 763 860 per
784 798 1098 858 Evaugelfflm,
1130 810 1308 860 propter
1335 817 1498 845 nomen

105 868 263 914 fratris.
294 873 381 914 «In
402 871 575 916 Christo
598 870 711 915 enim
736 874 860 926 Jesu,
885 871 1050 931 inquit⁷
1076 887 1153 931 per
1175 872 1464 931 Evangelium
1482 909 1493 928 ‚

108 959 128 982 »
165 956 246 999 ego
270 950 346 986 vos
369 942 546 1000 genui&
576 960 596 983 »
625 945 778 1003 Itaque
797 943 1053 986 suscitantes
1074 959 1221 987 semen
1252 942 1373 988 fratri
1394 960 1494 995 suo,

104 1020 323 1072 quotquot
346 1022 620 1071 genuerunt,
655 1029 744 1057 non
778 1013 1006 1057 Paulianos
1040 1023 1115 1058 aut
1139 1015 1384 1070 petrianos,
1420 1015 1498 1060 scd

105 1081 370 1127 Christianos
393 1083 744 1128 nominaverunt.
765 1083 905 1128 Vdcte
927 1084 959 1128 si
978 1100 1066 1128 non
1086 1084 1163 1128 iste
1182 1101 1329 1129 sensus
1346 1085 1496 1144 vigilat

104 1161 148 1197 et
168 1151 214 1196 in
235 1152 302 1198 his
323 1153 533 1198 versibus.
559 1155 671 1199 Cum
687 1153 803 1197 enim
821 1153 984 1198 diceret
1011 1174 1019 1198 2
1050 1158 1115 1198 «A
1140 1154 1342 1200 domibus
1365 1157 1497 1200 ebur-

106 1241 127 1266 »
162 1224 276 1280 neis,
299 1242 319 1266 »
353 1223 463 1269 dixit
489 1225 543 1269 de
565 1225 808 1284 regalibus,
835 1225 1010 1285 amplis,
1042 1225 1260 1285 pulchris,
1293 1227 1492 1284 lenibus,

103 1294 249 1356 qualia
281 1304 384 1340 sunt
410 1294 541 1340 corda
569 1304 818 1341 sanctorum
858 1316 865 1340 :
900 1297 1104 1356 subjecit,
1138 1300 1236 1341 «Ex
1265 1298 1424 1357 quibus
1453 1308 1496 1342 te

106 1382 127 1407 »
162 1364 491 1412 delectaverunt
515 1366 616 1410 filiae
634 1382 810 1426 regum,
842 1367 887 1410 in
910 1368 1076 1411 honore
1098 1377 1189 1412 tuo.
1219 1368 1372 1412 Filiae»
1401 1370 1496 1429 qui-

102 1432 204 1480 dem
241 1439 474 1496 «Regum,
501 1457 520 1479 »
545 1436 646 1480 filiae
669 1436 977 1497 Apostolorum
1009 1447 1186 1482 tuorum
1227 1458 1235 1483 :
1270 1438 1367 1493 scd,
1408 1443 1493 1484 «In

105 1524 126 1548 »
160 1507 327 1552 honore
345 1516 422 1552 tuo
438 1542 449 1564 ‚
475 1527 492 1550 »
526 1508 630 1568 quia
651 1522 798 1552 semen
822 1507 883 1552 illi
905 1509 1221 1554 suscitaverunt
1243 1508 1364 1553 fratri
1393 1525 1487 1572 suo²

103 1577 209 1622 Ideo
229 1579 343 1638 ipsos
359 1594 468 1640 quos
490 1578 770 1623 suscitaverat
791 1578 912 1624 fratri
933 1595 1012 1624 suo
1035 1579 1196 1624 Paulus
1213 1613 1223 1632 ‚
1246 1594 1348 1622 cum
1369 1576 1493 1624 vide-

102 1657 168 1693 ret
189 1664 363 1693 currere
380 1648 435 1694 ad
453 1663 611 1694 nomen
631 1665 757 1694 suum
774 1685 784 1704 ,
805 1647 1060 1694 exclamavit
1082 1666 1090 1691 :
1113 1649 1367 1708 «Numquid
1383 1653 1492 1695 Pau-

104 1737 125 1761 »
159 1718 228 1763 lus
249 1719 477 1762 crucifixus
502 1729 566 1761 est
586 1735 666 1776 pro
682 1720 806 1761 vobis
826 1719 873 1760 ⁵?
896 1735 916 1758 »
944 1717 1060 1770 Quid
1081 1717 1196 1761 enim
1219 1719 1277 1762 ait
1301 1722 1414 1764 Lex?
1436 1724 1493 1765 Et

36 1810 37 1813 ¹
102 1789 258 1834 habeat
289 1797 418 1833 natus
442 1802 603 1832 nomen
631 1785 872 1832 defunctiss.
908 1786 1126 1832 Defuncto
1162 1799 1380 1845 nascatur,
1412 1790 1493 1835 de-

101 1859 244 1904 functi
265 1859 442 1904 nomine
464 1856 721 1917 appelletur.
751 1859 898 1902 Servat
922 1857 1006 1902 hoc
1027 1857 1272 1916 legitimum
1292 1859 1451 1921 Paulus
1478 1881 1487 1906 :

101 1929 296 1975 volentes
327 1927 536 1990 appellari
567 1943 617 1972 ex
642 1927 818 1971 nomine
839 1943 940 1982 suo,
973 1937 1148 1972 revocat
1190 1947 1199 1972 2
1235 1932 1490 1991 «Numquid

106 2018 127 2042 »
161 1999 322 2045 Paulus
341 2014 422 2059 pro
442 1997 566 2044 vobis
587 1997 816 2042 crucifixus
846 2000 938 2042 est?
957 2016 978 2039 »
1003 1999 1072 2042 Ad
1091 1996 1351 2044 defunctum
1376 2001 1492 2061 aspi-

102 2069 186 2114 cite
220 2089 230 2115 z
267 2067 525 2129 «Numquid
554 2067 714 2112 Paulus
741 2083 820 2127 pro
847 2067 972 2112 vobis
998 2068 1228 2113 crucifixus
1262 2072 1353 2114 est?
1377 2089 1397 2112 )›
1434 2074 1492 2115 Et

102 2139 212 2200 quid
234 2140 363 2198 ergo?
391 2138 578 2192 Quando
599 2137 696 2182 illos
719 2137 956 2196 generasti,
990 2136 1098 2198 quid
1127 2137 1160 2181 si
1182 2154 1343 2184 nomen
1364 2149 1493 2184 tuum

101 2209 185 2254 illis
210 2208 478 2269 imposuisti?
499 2210 613 2254 Non.
640 2208 714 2252 Ait
733 2208 848 2252 enim
876 2226 885 2253 ε
921 2211 1047 2252 «Aut
1077 2208 1123 2251 in
1152 2210 1330 2253 nomine
1363 2209 1490 2255 Pauli

104 2297 125 2322 »
160 2273 368 2340 baptizati
390 2278 488 2323 estis
505 2279 547 2336 ΤΡ
564 2276 897 2323 Delectaverunt
914 2287 956 2322 te
978 2278 1079 2321 filiae
1092 2294 1244 2337 regum
1260 2280 1305 2323 in
1324 2280 1490 2326 honore

106 2368 128 2393 »
161 2356 255 2396 tuo'.
285 2370 302 2393 »
341 2352 528 2406 Tenete,
551 2358 717 2394 servate
744 2352 829 2393 «In
849 2349 1016 2394 honore
1036 2357 1164 2394 tuo.»
1193 2353 1287 2396 Hoc
1316 2361 1379 2396 est
1411 2353 1492 2398 ha-

153 2473 162 2490 ¹
189 2468 285 2499 Deut.
310 2476 373 2498 xxv
389 2490 397 2505 ,
417 2464 449 2497 5.
469 2482 510 2487 -
533 2472 545 2487 ²
565 2465 688 2497 Matth.
709 2476 832 2505 xwm,
860 2475 908 2496 ιο.
931 2481 972 2486 ——
993 2462 1005 2486 3
1025 2464 1102 2496 Psal.
1128 2476 1194 2505 xxi,
1216 2465 1267 2497 13.
1294 2484 1334 2489 --
1351 2465 1368 2497 4
1387 2479 1398 2499 1
1417 2471 1489 2502 Cor.

104 2532 149 2563 ιν,
167 2520 217 2553 15.
242 2537 280 2543 —
297 2518 312 2542 ⁵
330 2520 375 2552 Id.
398 2532 422 2561 1,
447 2520 497 2551 13.
523 2536 564 2541 -
579 2517 594 2541 6
624 2522 691 2551 Hoc
706 2530 769 2551 non
788 2524 836 2550 est
853 2530 963 2550 verum
980 2545 987 2558 ‚
1008 2519 1081 2551 vide
1100 2520 1248 2553 Reti-act.
1269 2533 1302 2563 11,
1318 2533 1350 2554 c2
1374 2532 1433 2566 123
1458 2529 1493 2557 et

104 2577 159 2610 lib.
179 2579 294 2617 Quaest.
309 2576 342 2609 in
358 2578 452 2609 Deut.
474 2577 589 2614 Quaest.
608 2575 662 2617 46.
687 2592 724 2597 —
745 2582 757 2607 7
783 2586 794 2606 1
816 2577 888 2608 Cor.
910 2586 931 2617 ι,
955 2575 1004 2607 ι3.

1290 2632 1356 2671 20.
