1841 3223
413 212 497 249 220
856 216 890 245 s.
929 216 1158 245 Aucus‘mm
1191 217 1373 244 Emscom

404 287 546 347 perint
570 285 631 328 ibi
653 283 871 343 objurgari
904 298 927 327 a
950 283 1095 338 nobis,
1126 282 1192 327 vel
1218 299 1241 327 a
1263 280 1528 344 quibusdam
1556 280 1682 325 bonis
1703 296 1796 326 mc·-

402 357 673 414 lioribusquc
703 353 983 408 Christianis,
1014 369 1148 415 quare
1170 353 1249 397 ista
1273 352 1432 397 faciant
1448 387 1458 406 ‚
1491 350 1758 411 respondent
1782 367 1792 393 ι

406 430 509 472 Haec
528 434 703 485 propter
718 433 889 484 tempus
912 425 994 470 hoc
1012 425 1246 470 necessaria
1265 433 1382 478 sunt,
1401 423 1632 468 Christiani
1651 431 1797 467 autem

404 512 552 542 sumus
588 504 764 555 propter
792 497 927 540 vitam
957 506 1164 540 aeternam
1191 516 1198 541 :
1235 504 1464 555 propterea
1496 495 1543 538 in
1575 494 1797 539 Christum

404 566 690 622 credidimus,
722 576 772 611 ut
800 566 875 611 det
902 567 1028 611 nobis
1051 567 1183 611 vitam
1205 569 1441 623 aetcrnam'3
1466 580 1567 609 nam
1597 565 1683 609 vita
1718 565 1798 609 ista

404 636 670 697 temporalis,
687 637 731 680 in
747 653 833 697 qua
849 652 1086 691 versamur,
1105 636 1159 681 ad
1173 651 1321 680 curam
1339 636 1471 695 ipsius
1485 651 1573 680 non
1590 634 1794 694 pertinet.

405 708 708 769 Relinquitur,
740 718 790 753 ut
822 697 905 752 hoc
940 708 1130 751 breviter
1161 706 1334 762 dicant,
1373 716 1423 751 ut
1456 715 1633 766 propter
1664 706 1799 750 vitam

405 790 611 825 :eternam
636 784 771 835 Deus,
796 790 838 823 ct
859 789 1037 839 propter
1061 780 1192 823 vitam
1222 788 1481 839 praesentem
1503 777 1704 822 diabolus
1726 793 1801 822 co-

405 853 535 896 latur.
553 851 807 911 Respondet
830 851 912 895 illis
935 852 1025 911 ipse
1039 851 1256 896 Christus:
1281 870 1300 893 «
1321 853 1417 896 Non
1433 851 1609 910 potestis
1627 849 1801 894 duobus

409 941 428 964 »
466 922 654 967 dominis
692 922 850 965 servire
867 923 897 965 ¹.
934 940 953 962 >›
989 924 1044 965 Et
1077 921 1209 965 alium
1251 921 1354 965 colis
1389 929 1566 980 propter
1604 919 1648 963 id
1682 919 1802 980 quod

406 1003 605 1054 expectas
632 994 677 1037 in
701 993 836 1049 coelo,
859 1003 902 1038 et
921 993 1055 1037 alium
1078 993 1183 1038 colis
1200 1003 1378 1053 propter
1394 992 1439 1037 id
1462 993 1582 1053 quod
1605 1001 1802 1051 expectas

406 1065 451 1108 in
476 1073 585 1108 terra
612 1084 620 1108 :
646 1073 812 1125 quanto
834 1063 986 1108 melius
1008 1079 1149 1109 unum
1172 1063 1276 1109 colis
1293 1100 1303 1119 ,
1335 1064 1412 1125 qui
1435 1063 1540 1107 fecit
1567 1061 1731 1107 coelum
1760 1070 1804 1106 et

407 1137 592 1180 terram?
609 1135 694 1188 Qui
709 1135 877 1180 curavit
893 1144 942 1179 ut
958 1144 1066 1179 essct
1083 1145 1195 1179 terra
1209 1170 1219 1190 ,
1236 1135 1470 1194 imaginem
1485 1148 1607 1178 suam
1625 1132 1803 1190 negligit

408 1206 454 1250 in
469 1207 611 1250 terra?
626 1209 757 1266 Ergo,
769 1209 1032 1251 «Conservet
1045 1221 1145 1250 eum
1154 1205 1381 1260 Dominus,
1394 1214 1437 1249 et
1448 1204 1639 1249 vivificet
1652 1218 1797 1257 eum,»

408 1276 724 1336 intelligentem
739 1293 869 1336 super
883 1292 1070 1336 egenum
1085 1286 1128 1320 et
1140 1291 1390 1336 pauperem.
1405 1277 1590 1334 Insuper
1604 1273 1802 1334 quamvis

411 1347 457 1390 in
473 1357 687 1391 aeternum
708 1348 913 1403 vivificet,
945 1367 963 1389 «
984 1349 1166 1392 Beatum
1188 1345 1317 1391 faciat
1334 1361 1434 1389 eum
1459 1345 1503 1389 in
1522 1355 1651 1389 terra.
1674 1363 1692 1385 n

469 1420 544 1461 IV.
577 1437 596 1459 t<
614 1421 671 1462 Et
689 1434 779 1462 non
798 1419 940 1462 tradat
958 1433 1057 1461 eum
1080 1418 1125 1462 in
1147 1433 1301 1461 manus
1321 1416 1485 1460 inimici
1508 1416 1643 1476 ejus‘2.
1664 1433 1684 1457 »
1712 1415 1804 1458 Ini-

409 1488 545 1532 micus
577 1487 649 1531 ille
684 1486 885 1532 diabolus
920 1497 998 1532 est.
1034 1491 1171 1534 Nemo
1201 1486 1398 1532 attendat
1428 1487 1653 1531 inimicum
1676 1500 1804 1529 suum

410 1559 630 1603 hominem
646 1595 656 1613 ,
686 1559 865 1619 quando
889 1559 1012 1603 audit
1042 1560 1174 1603 verba
1196 1559 1291 1603 ista.
1325 1561 1421 1602 Jam
1444 1558 1558 1602 forte
1586 1556 1640 1601 de
1661 1557 1805 1601 vicino

408 1645 487 1673 suo
512 1630 731 1687 cogitabat
747 1664 758 1684 ,
779 1628 833 1673 de
850 1628 924 1673 illo
947 1629 1023 1689 qui
1045 1644 1145 1672 cum
1167 1627 1241 1673 illo
1264 1628 1383 1672 litem
1407 1628 1452 1671 in
1470 1627 1564 1671 foro
1585 1626 1801 1683 habebat,

409 1700 463 1745 de
476 1700 551 1745 illo
565 1701 641 1761 qui
654 1700 716 1744 illi
733 1700 830 1744 vult
844 1699 1013 1744 auferre
1026 1700 1352 1760 possessionem,
1372 1699 1447 1759 qui
1463 1699 1586 1742 illum
1602 1698 1698 1742 vult
1713 1713 1805 1757 pre-

410 1787 527 1816 mere
545 1780 594 1815 ut
615 1771 777 1815 vendat
794 1770 856 1814 illi
875 1770 1053 1815 domum
1076 1785 1213 1814 suain.
1239 1769 1383 1814 Nolite
1402 1769 1478 1812 ista
1496 1768 1685 1827 cogitare
1705 1784 1712 1809 :
1731 1768 1805 1811 scd

409 1842 533 1886 illum
568 1842 793 1886 inimicum
818 1841 1029 1900 cogitate,
1056 1841 1110 1884 de
1141 1856 1230 1900 quo
1254 1838 1357 1883 dicit
1380 1839 1590 1883 Dominus
1617 1858 1625 1884 :
1658 1857 1677 1880 «
1711 1839 1803 1881 Ini—

414 1932 432 1954 »
469 1914 605 1957 micus
630 1913 760 1957 homo
783 1913 866 1956 hoc
884 1911 988 1956 fecit
1003 1913 1034 1954 ³.
1059 1929 1078 1951 »
1108 1914 1202 1970 Ipse
1225 1919 1289 1954 est
1305 1910 1421 1953 enim
1443 1909 1519 1970 qui
1544 1909 1734 1968 suggerit
1756 1917 1806 1953 ut

408 1994 587 2045 propter
629 1999 695 2027 res
725 1993 918 2027 terrenas
949 1982 1143 2039 colatur3
1179 1982 1280 2041 quia
1314 1997 1403 2025 non
1433 1989 1577 2040 potest
1613 1989 1805 2025 evertere

411 2071 570 2101 nomen
607 2055 892 2100 christianum
921 2054 1121 2097 inimicus
1149 2053 1228 2096 iste
1255 2073 1263 2097 t
1289 2051 1400 2096 vidit
1422 2052 1539 2096 enim
1563 2068 1606 2096 se
1639 2052 1805 2096 victum

410 2126 524 2171 fama
548 2136 591 2170 et
612 2125 817 2170 laudibus
834 2125 1010 2178 Christi,
1025 2123 1136 2167 vidit
1153 2124 1196 2167 in
1212 2139 1262 2167 eo
1278 2122 1399 2184 quod
1417 2121 1575 2167 occidit
1593 2125 1804 2180 Martyres

411 2198 592 2253 Christi,
619 2195 715 2241 illos
739 2204 982 2249 coronatos,
1006 2204 1048 2239 et
1070 2210 1113 2237 se
1137 2194 1470 2253 triumphatum,
1498 2202 1541 2237 et
1558 2193 1692 2253 coepit
1714 2208 1805 2236 non

410 2283 534 2328 posse
551 2269 635 2311 hoc
657 2266 917 2326 persuadere.
939 2264 1213 2319 hominibus,
1235 2263 1355 2324 quod
1377 2263 1485 2307 nihil
1507 2264 1561 2307 sit
1577 2264 1800 2308 Christus:

412 2349 454 2383 et
476 2339 578 2399 quia
601 2336 891 2398 vituperando
913 2337 1133 2381 Christum
1151 2370 1161 2389 ,
1179 2337 1270 2395 jam
1293 2334 1472 2378 dillicile
1494 2333 1680 2393 decipit3
1706 2333 1804 2377 lau-

413 2409 559 2453 dando
577 2409 798 2454 Christum
813 2444 823 2463 ,
850 2416 1032 2452 conatur
1062 2406 1274 2465 decipere.
1307 2408 1445 2449 Antea
1469 2404 1575 2465 quid
1597 2403 1804 2449 dicebat?

413 2483 553 2533 Quem
586 2479 753 2523 colitis?
791 2478 996 2523 Judaeum
1028 2486 1251 2521 mortuum
1267 2511 1277 2530 ,
1315 2476 1597 2532 crucifixum,
1638 2473 1803 2519 nullius

462 2573 469 2588 ¹
488 2565 602 2597 Matth.
627 2576 669 2606 vi,
688 2564 741 2607 91.
763 2582 801 2588 —
825 2563 1003 2603 21¹sahxt,
1022 2562 1050 2594 3.
1074 2578 1113 2584 -
1135 2559 1279 2593 31t1auh.
1301 2571 1369 2602 xm,
1390 2560 1447 2593 28.
