1841 3223
391 194 445 230 02
827 202 861 229 s.
898 202 1128 229 Aeous'rim
1161 201 1341 228 EPISCOPI

387 268 551 312 modo?
573 266 702 312 «Noli
720 265 914 310 :emulari
936 265 982 308 in
1000 264 1363 324 malignantibus,
1394 279 1538 326 neque
1559 263 1777 309 aemuleris

390 357 411 379 »
447 338 651 382 facientes
678 335 969 395 iniquitatem.
1004 337 1221 388 Quoniam
1252 345 1462 396 tanquam
1486 335 1658 379 foenum
1690 335 1778 379 cito

392 427 413 451 »
449 417 662 460 arescent,
686 415 729 450 et
742 406 854 450 sicut
877 405 993 450 olera
1013 407 1123 466 prati
1148 407 1233 451 cito
1256 407 1428 451 cadent.
1458 425 1478 447 »

453 480 527 521 IV.
550 476 667 529 Quid
685 491 786 533 ergo
808 486 857 520 tu
872 479 889 520 P
907 495 926 518 «
950 479 1081 536 Spera
1094 477 1139 520 in
1162 477 1411 521 Dominum.
1433 494 1453 518 »
1470 474 1538 520 Illi
1555 474 1668 519 enim
1688 489 1780 534 spe·

389 557 487 591 rant
504 562 592 590 non
614 547 658 590 in
678 548 933 591 Dominum:
951 562 1045 606 spes
1067 546 1242 590 illorum
1264 545 1472 601 mortalis,
1488 560 1583 605 spes
1604 544 1782 589 illorum

390 616 569 671 caduca,
591 616 764 675 fragilis,
785 616 986 672 volatica,
1006 617 1266 671 transitoria,
1283 618 1421 661 inanis
1440 617 1535 660 erit.
1552 635 1572 657 «
1591 618 1722 675 Spera
1735 614 1783 659 in

394 706 415 729 »
452 688 737 732 Dominum.»
755 692 867 733 Ecce
885 704 1024 748 spero,
1043 687 1150 748 quid
1171 690 1277 746 ago?
1295 707 1316 730 «
1333 690 1388 731 Et
1402 686 1469 731 fae
1483 686 1738 730 bonitate-m.
1756 702 1779 727 v)

391 758 490 803 Noli
530 758 763 814 malitiam,
794 774 925 819 quam
958 758 1129 817 respicis
1156 758 1201 801 in
1228 756 1312 801 illis
1344 756 1456 801 male
1489 756 1744 800 florentibus
1769 773 1781 800 ς

396 849 416 872 «
452 833 538 873 Fac
565 830 829 885 bonitatem,
852 839 894 874 et
913 829 1110 873 inhabita
1138 830 1335 873 terram1.
1356 830 1456 873 »Ne
1474 826 1585 872 forte
1607 827 1784 872 bonita-

394 910 482 943 tem
510 910 626 944 extra
645 900 1008 944 inhabitationem
1033 909 1158 943 terrae
1181 899 1328 944 facias.
1353 901 1480 942 Terra
1504 899 1618 942 enim
1642 897 1787 942 Domi-

393 970 454 1025 ni,
480 970 669 1014 Ecclesia
691 972 783 1030 ejus
806 979 892 1014 est:
912 971 1049 1029 ipsam
1067 971 1199 1029 rigat,
1224 970 1360 1030 ipsam
1383 969 1488 1014 colit
1504 968 1577 1012 ille
1599 967 1786 1026 agricola

394 1043 564 1084 Patcr'2.
591 1040 719 1085 Multi
748 1041 864 1084 enim
886 1041 1011 1100 quasi
1040 1050 1240 1085 exercent
1273 1042 1386 1085 bona
1409 1056 1562 1100 opera,
1588 1039 1663 1084 sed
1684 1038 1786 1099 quia

393 1125 482 1154 non
507 1111 756 1154 inhabitant
778 1121 933 1154 teri-am
947 1146 956 1163 7
978 1127 1065 1156 non
1090 1111 1310 1170 pertinent
1333 1111 1388 1155 ad
1405 1109 1652 1170 agricolam.
1670 1112 1787 1167 Ergo

393 1180 461 1226 fac
489 1182 749 1237 bonitatem,
771 1199 861 1227 non
884 1192 1001 1226 extra
1022 1192 1199 1238 terram,
1217 1182 1295 1226 sed
1311 1183 1507 1226 inhabita
1530 1191 1704 1226 terram.
1730 1183 1789 1225 Et

396 1252 503 1312 quid
521 1253 725 1297 habebo?
747 1273 766 1294 «
787 1256 843 1296 Et
860 1253 1044 1312 pasceris
1068 1255 1110 1297 in
1129 1253 1286 1297 divitiis
1304 1254 1412 1314 ejus.
1435 1271 1454 1294 υ
1475 1255 1582 1306 Quae
1599 1261 1701 1296 sunt
1717 1250 1787 1295 di-

395 1323 510 1366 vitiae
534 1325 625 1383 ejus
648 1326 806 1367 terrae?
830 1324 999 1368 Divitiae
1019 1325 1110 1384 ejus
1137 1324 1343 1368 Dominus
1368 1325 1480 1383 ejus,
1513 1322 1674 1367 divitiae
1696 1322 1789 1382 ejus

396 1396 512 1437 Deus
530 1395 638 1452 ejus.
660 1397 756 1453 Ipse
769 1403 831 1437 est
848 1393 920 1437 ille
936 1394 1005 1437 cui
1021 1394 1204 1438 dicitur:
1226 1414 1245 1435 (ε
1266 1398 1367 1438 Pars
1389 1409 1480 1437 mea
1494 1429 1505 1449 ,
1523 1392 1748 1438 Domine-³.
1764 1410 1785 1434 »

400 1466 499 1522 Ipse
522 1473 585 1507 est
609 1463 682 1507 ille
716 1464 770 1507 de
793 1480 881 1524 quo
912 1464 1071 1508 dieitur
1096 1485 1104 1509 ;
1134 1485 1153 1506 «
1173 1465 1384 1509 Dominus
1407 1480 1503 1524 pars
1524 1463 1791 1508 haereditatis

399 1551 420 1574 »
457 1549 564 1577 meae
577 1543 621 1578 et
637 1533 781 1578 calicis
799 1535 924 1578 mei&
945 1552 964 1575 »
981 1536 1161 1579 Recenti
1179 1551 1376 1579 sermone
1389 1534 1791 1579 commendavimus

398 1604 611 1648 Charitati
634 1607 798 1648 Vestrae
811 1607 890 1662 (3),
912 1614 955 1648 et
977 1608 1116 1648 Deum
1133 1621 1222 1649 esse
1238 1606 1549 1665 possessionem
1568 1614 1757 1649 nostram
1775 1623 1789 1663 3

396 1684 440 1718 et
458 1691 537 1719 nos
555 1691 644 1719 esse
658 1676 970 1734 possessionem
984 1676 1077 1719 Dei.
1092 1676 1207 1721 Audi
1223 1678 1323 1737 quia
1340 1677 1502 1722 divitiae
1518 1686 1643 1723 terrae
1660 1676 1791 1737 hujus

396 1747 487 1805 ipse
509 1755 572 1790 est
600 1766 608 1791 :
633 1746 734 1790 vide
767 1746 874 1806 quid
907 1747 1102 1807 sequitur
1127 1767 1136 1792 ε
1168 1767 1188 1790 «
1213 1748 1437 1792 Delectare
1463 1748 1510 1791 in
1539 1749 1740 1793 Domino.
1765 1765 1787 1789 »

399 1819 623 1876 Tanquam
651 1817 870 1877 quaesieris
889 1852 900 1872 ‚
932 1826 975 1860 et
997 1816 1159 1862 dixeris
1187 1838 1194 1862 :
1226 1837 1246 1860 «
1269 1818 1460 1862 Ostende
1485 1818 1594 1862 mihi
1619 1817 1792 1862 divitias
1840 1838 1841 1865 ἕ

398 1895 524 1930 terrae
545 1886 682 1942 illius,
709 1887 755 1930 in
786 1903 873 1947 qua
901 1903 970 1931 me
996 1888 1124 1947 jubes
1157 1888 1370 1932 habitare.
1401 1908 1421 1930 «
1446 1889 1694 1944 Delectare‚
1719 1888 1791 1933 in-

400 1974 421 1997 »
456 1959 554 2016 quit
569 1992 579 2011 7
605 1957 649 2000 in
671 1956 878 2012 Domino,
896 1967 940 2001 et
960 1956 1083 2001 dabit
1104 1957 1184 2001 tibi
1198 1958 1427 2017 petitiones
1445 1958 1587 2003 cordis
1607 1959 1713 2002 tui⁵.
1737 1976 1758 1999 »

457 2029 511 2071 V.
541 2027 770 2085 Signanter
795 2028 942 2087 accipe
968 2047 988 2069 «
1015 2028 1247 2072 Petitiones
1269 2029 1409 2073 cordis
1432 2029 1511 2073 tui.
1541 2048 1561 2071 »
1588 2029 1792 2074 Discerne

399 2097 630 2156 petitiones
650 2097 793 2142 cordis
816 2098 879 2141 tui
902 2114 924 2141 a
941 2097 1221 2157 petitionibus
1239 2099 1377 2143 carnis
1390 2133 1401 2155 ‚
1428 2099 1626 2143 discerne
1647 2114 1792 2159 quan·

403 2176 498 2211 tum
534 2176 672 2227 potes.
709 2170 798 2212 Nec
819 2168 980 2211 frustra
1010 2167 1175 2211 dictum
1199 2178 1261 2212 est
1292 2169 1338 2212 in
1370 2169 1562 2229 quodam
1591 2169 1788 2214 Psalmo:

404 2257 425 2280 «
455 2242 574 2282 Deus
596 2238 740 2284 cordis
762 2240 862 2282 mei.
882 2257 901 2279 »
921 2239 986 2282 Ibi
1008 2239 1122 2282 enim
1138 2240 1335 2299 sequitur
1351 2249 1394 2284 et
1415 2239 1547 2285 dicit:
1577 2260 1596 2283 «
1616 2244 1674 2285 Et
1694 2256 1792 2301 pars

402 2327 422 2350 »
459 2325 554 2354 mea
579 2314 693 2354 Deus
720 2325 843 2353 meus
866 2309 911 2352 in
934 2309 1136 2354 saeculass.
1165 2328 1185 2351 »
1213 2311 1344 2355 Verbi
1367 2311 1501 2370 gratia
1520 2347 1531 2366 ‚
1561 2328 1702 2357 caecus
1729 2321 1792 2356 est

401 2394 582 2439 corpore
596 2415 607 2435 ,
628 2389 752 2439 rogat
765 2390 815 2424 ut
831 2379 1119 2424 illuminetur.
1148 2383 1231 2424 Ista
1250 2391 1386 2440 roget,
1407 2382 1507 2442 quia
1527 2391 1571 2427 et
1586 2382 1665 2427 ista
1679 2385 1792 2427 Deus

448 2481 457 2498 ¹
476 2476 556 2508 Psal.
578 2487 692 2518 xum,
712 2477 743 2509 3.
757 2493 798 2501 —-
812 2484 825 2500 ²
848 2489 860 2509 1
878 2479 968 2509 Joan.
993 2488 1048 2519 xv,
1073 2488 1102 2509 1.
1120 2494 1161 2501 --
1180 2475 1194 2502 3
1208 2477 1287 2511 Psal.
1310 2490 1409 2522 mxii,
1429 2478 1484 2512 26.
1500 2496 1543 2502 —
1559 2477 1577 2510 4
1593 2480 1642 2514 Id,
1664 2479 1789 2523 xv,51.

400 2546 441 2553 -·
459 2528 474 2556 ⁵
492 2531 539 2567 ld.
564 2542 673 2575 xxxin,
693 2531 725 2574 4.
744 2549 785 2557 -
804 2531 819 2556 6
837 2532 886 2566 Id.
902 2543 998 2575 mxxii,
1018 2533 1071 2566 26.
