1841 3223
571 289 906 319 ΑΝΝοΤΑΤιοΝΕε.
1348 280 1426 319 571

432 435 675 466 ΑΝΝοΤΑΤῙο
696 423 788 478 (12)
808 434 906 480 pag.
925 427 1025 466 216.

114 553 236 599 Cum
251 553 467 600 viderent
484 555 643 613 Pagani
662 590 673 610 ,
698 555 841 615 inquit
859 556 1127 614 Augustinus
1143 557 1190 601 in
1215 555 1293 601 lib.
1320 574 1432 603 xv111

48 625 104 671 de
125 626 308 671 Civitate
327 626 429 682 Dei,
453 642 491 670 c.
519 631 572 670 53
591 661 602 681 ,
629 641 716 670 nec
744 634 813 670 tot
835 627 1076 685 tantisque
1089 628 1432 686 persecutioni-

50 696 135 741 bus
161 697 442 742 christianam
470 697 724 757 religionem
744 698 957 757 potuisse
979 699 1220 755 consumi,
1251 697 1341 743 secl
1358 697 1433 745 lu's

43 768 204 828 potius
234 768 360 812 mira
394 769 691 812 incrementa
722 768 979 828 sumpsisse
991 804 1007 825 ,
1037 769 1433 830 excogitaverunt

47 840 209 884 nescio
228 855 346 896 quos
373 855 536 884 versus
556 855 742 901 graecos
758 875 770 892 ,
796 849 1032 899 tanquam
1052 838 1320 886 consulenti
1339 842 1434 886 cui-

47 908 185 965 dam,
211 908 370 955 divino
391 908 589 955 oraculo
595 908 762 972 fusos,
787 908 940 955 abt...
966 910 1168 956 Petrum
1189 909 1430 973 maleficta

37 981 220 1042 jecisse
251 978 546 1043 subjungunt
580 989 631 1025 ut
657 978 893 1025 coleretur
928 980 1113 1026 Clm'stt
1143 996 1316 1026 nomen
1344 997 1438 1042 per

46 1060 279 1097 trecentos
295 1053 784 1114 sexaginta-quinque
806 1067 988 1109 annos,
1006 1051 1178 1098 deinde
1197 1051 1433 1113 completo

45 1132 312 1168 memorato
326 1138 523 1168 numero
535 1138 774 1167 annorum
786 1124 888 1167 sine
900 1138 1038 1168 mora
1050 1133 1257 1168 sumeret
1256 1125 1428 1186 finem.

47 1195 212 1237 Verum
242 1209 357 1238 anno
384 1193 544 1238 Christi
575 1199 658 1238 399
680 1194 725 1236 in
747 1210 835 1254 quo
862 1193 1094 1253 praedictus
1117 1210 1331 1239 annorum
1354 1210 1435 1238 nu-

46 1279 190 1308 merus
207 1299 218 1320 ,
253 1266 288 1309 si
316 1280 340 1309 a
368 1264 484 1308 Petri
506 1265 551 1307 in
581 1263 651 1308 die
672 1267 948 1309 Pentecostes
970 1264 1278 1325 praedicatione
1308 1280 1432 1310 com-

45 1343 250 1395 putatur,
275 1335 471 1379 desinere
494 1334 739 1379 ostenditur
757 1370 767 1389 ,
789 1334 897 1380 adeo
919 1351 1008 1380 non
1025 1335 1172 1380 deficit
1189 1335 1332 1380 cultus
1354 1351 1435 1380 no-

46 1405 174 1450 minis
214 1405 399 1461 Christi,
437 1414 489 1449 ut
513 1404 617 1448 inde
651 1405 835 1450 maxime
854 1440 865 1461 ‚
903 1406 1059 1451 eversis
1078 1441 1088 1461 ,
1129 1422 1230 1467 quae
1266 1406 1435 1466 reliqua

47 1484 195 1530 erant,
229 1475 413 1520 deorum
440 1475 613 1535 templis
635 1485 678 1520 et
700 1474 846 1520 fractis
872 1476 1138 1532 simulacris,
1168 1478 1426 1532 increverit,

47 1562 97 1591 ex
118 1545 272 1592 eodem
292 1545 372 1592 lib.
398 1546 454 1590 de
474 1545 661 1591 Civitate
682 1546 759 1590 Dei
777 1581 788 1601 ‚
811 1561 850 1591 c.
876 1550 946 1591 54.

432 1709 675 1739 ΑΝΝοΤΑΉο
692 1695 786 1753 (13)
802 1709 903 1754 pag.
930 1700 1010 1739 281
1022 1729 1031 1738 .

108 1830 160 1871 In
177 1827 427 1873 Corbeiensi
443 1828 741 1888 manuscripto
761 1827 915 1872 titulus
933 1828 1012 1872 iste
1034 1837 1098 1873 est
1126 1847 1135 1874 :
1159 1827 1303 1874 IIII.
1328 1828 1384 1876 N
1386 1845 1438 1875 o-

47 1914 139 1944 nas
169 1898 465 1959 Septembris
489 1907 669 1958 quarta
683 1953 689 1960 .
694 1899 829 1959 feria
852 1899 1022 1945 Sermo
1049 1897 1243 1944 habitus
1271 1900 1320 1945 in
1349 1899 1438 1945 ba-

47 1967 188 2014 silica
231 1969 471 2014 Restituta
508 1968 568 2014 cle
602 1968 806 2015 Psalmo
842 1989 961 2015 xmv.
1005 1973 1057 2015 In
1087 1971 1217 2030 hujus
1249 1969 1439 2016 basilicae

49 2041 277 2085 secretario
295 2049 388 2085 acta
410 2049 711 2100 praenotantur
733 2041 1091 2099 Carthaginensia
1107 2041 1311 2102 quaedam
1333 2056 1440 2087 con-

50 2110 148 2157 cilia
164 2146 175 2167 ‚
211 2111 325 2156 inter
346 2111 427 2157 alia
449 2112 790 2170 Carthaginense
812 2111 1012 2171 generale
1032 2127 1148 2157 anno
1172 2116 1252 2156 401
1280 2111 1350 2157 die
1367 2112 1440 2157 de-

51 2181 316 2227 cima-tertia
335 2182 600 2242 Septembris
621 2181 906 2238 celebratum,
922 2183 968 2226 in
990 2182 1279 2227 vetustissimo
1297 2183 1440 2227 Remi-

53 2253 187 2312 giensi
203 2252 318 2298 libro
334 2253 528 2298 Psalmus
545 2272 648 2299 xmv
670 2254 874 2298 eumdem
896 2252 1074 2299 titulum
1097 2253 1223 2313 gerit,
1239 2269 1371 2314 quem
1393 2254 1439 2298 in

52 2324 304 2369 Corbeiensi
319 2359 330 2380 ,
354 2324 516 2370 scilicet
532 2323 713 2385 Incipit
735 2323 794 2369 cle
816 2322 1018 2368 Psalmo
1037 2342 1154 2368 xmv.
1174 2322 1317 2369 IIII.
1337 2323 1397 2371 N
1394 2340 1443 2369 o-

53 2409 145 2439 nas
161 2393 457 2454 Septembris
475 2430 486 2448 ,
511 2405 690 2454 quarta
709 2395 853 2457 feria
874 2393 1045 2441 Sermo
1067 2392 1261 2440 habitas·
1278 2395 1328 2439 in
1351 2394 1439 2441 ba-

55 2463 192 2510 silica
208 2465 465 2514 Restituta.
