1841 3223
361 183 448 222 296
811 192 845 220 S.
881 193 1110 221 ΑιτουετιΝι
1144 193 1324 222 Emscol'x

358 260 588 305 hominum
611 273 685 317 per
701 273 848 302 semen
873 259 1060 303 Abrahae
1079 280 1090 318 3
1118 258 1218 304 feeit
1239 260 1379 319 ipsum
1399 273 1571 303 servum
1593 271 1720 302 suum
1735 290 1746 311 ,

355 345 489 390 quem
514 328 739 383 mittebat,
760 327 818 372 ita
841 329 920 373 sibi
936 331 1083 390 jurare
1113 349 1122 375 :
1153 349 1172 372 «
1201 333 1341 385 Pone,
1369 329 1511 390 inquit
1528 364 1538 383 ,
1570 342 1750 372 manum

358 419 381 443 »
419 410 537 444 tuam
572 399 653 443 sub
680 399 844 444 femore
871 416 990 456 meo,
1024 410 1067 445 et
1095 401 1152 446 sic
1176 403 1319 461 jura¹.
1350 420 1369 442 »
1402 400 1532 454 Quasi
1562 399 1746 453 diceret,

325 514 329 523 ,
362 475 481 516 Pone
503 486 681 515 manum
705 481 824 516 tuam
849 471 902 515 ad
921 471 1074 528 altare,
1101 482 1177 516 aut
1197 473 1250 516 ad
1272 472 1575 530 Evangelium,
1598 479 1671 514 aut
1695 469 1751 513 ad

356 543 621 602 Prophetam
638 578 648 597 ,
675 552 750 587 aut
777 543 831 586 ad
864 542 1028 603 aliquid
1051 552 1265 587 sanetum.
1306 542 1396 588 Sub
1435 541 1599 586 femore
1620 555 1746 595 meo,

356 614 523 674 inquit,
549 629 662 673 pone
683 629 860 658 manum
879 630 886 654 :
908 614 1074 658 liabens
1098 613 1320 669 fiduciam,
1346 629 1426 658 nec
1448 627 1648 657 reverens
1663 620 1752 656 tur-

354 684 600 744 pitudinem
620 719 630 739 ,
656 684 731 728 sed
760 684 1006 743 intelligens
1035 684 1277 728 veritatem.
1314 688 1546 744 Propterea
1578 702 1587 728 :
1616 702 1636 724 «
1661 685 1750 726 Ac-

358 772 380 796 »
416 756 587 814 cingere
606 754 800 815 gladium
828 764 955 799 tuum
980 754 1091 799 eirca
1115 754 1258 798 femur
1275 754 1589 814 potentissime.
1616 771 1636 794 »
1663 756 1749 797 Ρο-

353 826 593 870 tentissimo
616 827 745 870 etiam
773 825 885 870 circa
911 824 1078 869 femur:
1105 845 1125 868 «
1150 826 1260 879 Quia
1283 826 1404 885 quod
1433 825 1659 869 infirmum
1688 831 1751 868 est

356 914 377 938 υ
415 898 514 950 Dei,
542 896 693 941 t'ortius
712 905 774 939 est
793 896 1089 940 hominibus‘2.
1112 896 1431 941 Potentissime.
1457 913 1478 936 »

411 970 531 1013 XIV.
557 967 746 1027 «Specie
763 975 838 1011 tua
862 976 905 1011 et
926 966 1255 1026 pulchritudine
1278 976 1369 1011 tua.
1393 985 1413 1008 »
1436 969 1460 1011 J
1466 965 1656 1010 ustitiam
1679 979 1751 1010 ac·
1810 961 1815 966 ⁴

352 1039 473 1099 cipe,
507 1054 593 1099 qua
621 1053 791 1098 semper
819 1053 864 1082 es
891 1038 1108 1097 speciosus
1128 1046 1171 1082 et
1193 1037 1401 1098 pulcher:
1427 1056 1447 1079 «
1467 1039 1525 1081 Et
1542 1034 1720 1080 intende
1736 1070 1747 1089 ,

356 1128 377 1152 υ
413 1120 457 1154 et
496 1125 700 1169 prospere
733 1108 952 1168 procede,
987 1117 1031 1153 et
1059 1110 1231 1166 regua3.
1268 1127 1287 1149 »
1325 1110 1481 1153 Nonne
1511 1106 1751 1150 videmus?

353 1183 482 1227 Certe
497 1182 590 1241 jam
613 1179 777 1225 factum
795 1189 874 1224 est.
908 1178 1134 1224 Attendite
1158 1179 1308 1224 orbem
1333 1188 1547 1223 terrarum
1574 1197 1583 1222 ε
1609 1176 1750 1221 inten-

353 1253 444 1307 dit,
470 1267 675 1312 prospere
707 1251 940 1311 processit,
976 1259 1020 1295 et
1046 1259 1218 1308 regnat,
1254 1250 1443 1294 subditae
1471 1257 1574 1293 suut
1600 1262 1750 1292 omnes

355 1333 518 1383 gentes.
546 1322 663 1376 Quid
685 1331 776 1366 erat
803 1320 916 1366 illud
936 1320 1085 1366 videre
1112 1322 1157 1365 in
1180 1321 1365 1382 spiritui>
1392 1319 1522 1374 Quod
1551 1334 1668 1363 nune
1687 1327 1752 1363 est

353 1394 537 1454 experiri
556 1395 601 1438 in
621 1394 816 1439 veritate.
839 1392 1028 1447 Quando
1046 1392 1305 1437 dicebantur
1327 1393 1444 1446 haec,
1469 1389 1667 1435 nondum
1692 1390 1750 1434 ita

353 1466 566 1525 regnabat
587 1465 806 1520 Christus,
831 1463 1030 1509 nondum
1052 1462 1327 1518 intenderat,
1352 1461 1552 1507 nondum
1573 1475 1750 1520 proees-

353 1546 496 1582 serat:
524 1537 891 1597 praedicabantur,
929 1535 1120 1579 exhibita
1150 1544 1279 1590 sunt,
1309 1535 1399 1595 jam
1434 1549 1483 1578 ea
1516 1542 1746 1577 tenemus:

352 1607 399 1651 in
431 1607 580 1652 multis
603 1606 867 1651 redditorem
892 1606 1103 1650 habemus
1140 1608 1300 1660 Deum,
1331 1605 1377 1648 in
1399 1603 1549 1664 paucis
1577 1603 1751 1648 debito-

352 1695 460 1724 rem.
487 1699 506 1721 «
535 1678 719 1723 Intende
736 1713 747 1734 ,
768 1688 812 1723 et
833 1693 1037 1738 prospere
1055 1676 1265 1737 procede,
1292 1685 1335 1721 et
1352 1691 1501 1735 regna.
1528 1694 1547 1717 »

413 1754 511 1795 XV.
549 1771 568 1794 «
600 1753 786 1810 Propter
809 1751 1038 1794 veritatem
1066 1759 1109 1794 et
1131 1747 1528 1801 mansuetudinem,
1561 1756 1604 1791 et
1626 1746 1755 1805 justi-

358 1841 379 1862 »
414 1823 567 1865 tiam⁴.
595 1837 615 1859 )›
645 1819 831 1862 Reddita
865 1826 929 1861 est
961 1816 1146 1871 veritas,
1178 1815 1355 1877 quando
1384 1816 1541 1861 veritas
1565 1815 1620 1860 de
1642 1826 1755 1861 terra

359 1909 380 1933 »
417 1899 509 1935 orta
533 1898 624 1944 est,
657 1898 700 1933 ct
717 1888 883 1948 justitia
908 1888 962 1932 de
988 1886 1101 1932 coelo
1130 1886 1387 1947 prospexit-5.
1419 1906 1438 1928 »
1465 1891 1754 1932 Praesentariis

356 1971 421 2007 est
455 1961 651 2006 Christus
683 1958 970 2019 expectationi
995 1958 1163 2017 generis
1192 1957 1399 2013 humani,
1433 1967 1481 2003 ut
1515 1958 1562 2002 in
1591 1959 1754 2002 semine

356 2033 547 2080 Abrahae
583 2029 946 2075 benedicerentur
982 2045 1132 2074 omnes
1165 2040 1326 2087 gentes.
1365 2029 1656 2074 Praedicatum
1690 2039 1755 2074 est

356 2102 674 2162 Evangelium3
707 2101 862 2146 veritas
896 2110 973 2145 est.
1006 2100 1122 2153 Quid
1158 2099 1477 2145 mansuetudo?
1512 2100 1624 2144 Passi
1653 2109 1754 2144 sunt

357 2178 586 2232 Martyres,
608 2183 650 2217 et
664 2173 766 2216 inde
782 2171 969 2216 multum
986 2172 1208 2231 processit,
1226 2181 1269 2215 et
1286 2172 1591 2230 promovitper
1604 2186 1753 2216 omnes

356 2255 508 2304 gentes
532 2259 715 2302 regnum
734 2244 811 2289 Dei
837 2262 846 2288 ε
867 2244 967 2304 quia
984 2243 1260 2302 patiebantur
1278 2246 1490 2300 Martyres
1504 2277 1515 2297 ,
1541 2257 1622 2286 nee
1643 2242 1753 2286 defi-

357 2317 558 2370 ciebant,
585 2331 664 2359 nec
685 2302 963 2372 resistebant,
986 2313 1176 2358 dieentes
1198 2314 1366 2368 omnia,
1392 2312 1502 2357 nihil
1523 2312 1751 2357 occultan-

358 2396 444 2444 tes,
460 2386 596 2446 parati
615 2385 844 2441 adomnia,
861 2384 969 2429 nihil
984 2394 1243 2429 recusantes.
1266 2387 1423 2444 Magna
1441 2383 1747 2428 mansuetudo.

411 2488 420 2504 ¹
446 2484 524 2529 Gen.
542 2493 596 2522 xii,
617 2482 648 2521 3,
675 2493 760 2522 xxiv,
780 2492 813 2522 2,
834 2481 866 2523 3,
886 2486 920 2514 et
937 2492 1024 2523 xxvr,
1042 2481 1072 2523 si.
1091 2499 1132 2505 -—
1159 2489 1171 2503 ⁷
1197 2494 1207 2513 r
1226 2483 1298 2514 Cor.
1316 2493 1338 2523 i,
1357 2481 1412 2513 95.
1436 2499 1477 2504 -—
1494 2479 1506 2502 3
1521 2480 1599 2513 psal.
1618 2491 1702 2521 μιν,
1718 2481 1747 2512 5.

363 2536 434 2561 -—'·
459 2537 537 2568 ibid.
564 2554 604 2558 —-
624 2535 847 2577 51‹1.1.xx-x1v‚
879 2546 926 2568 19.
