1841 3223
344 169 400 206 32
779 181 812 206 s.
849 178 1078 207 Aucus‘ruw
1112 179 1292 206 El‘lsCOP1

341 243 506 304 patiens
530 243 722 288 haerebat
744 243 787 287 in
810 259 937 288 cruce
961 263 969 288 :
996 260 1084 289 non
1107 244 1344 304 potentiam
1366 242 1630 303 perdiderat,
1653 244 1728 289 sed

341 315 594 374 patientiam
616 313 953 359 demonstrabat.
980 315 1096 368 Quid
1118 315 1234 359 enim
1256 314 1317 358 illi
1340 324 1431 358 erat
1448 329 1654 372 magnum
1674 313 1729 358 de

341 401 468 429 cruce
497 384 784 440 descendere,
820 385 895 444 qui
927 385 1070 445 potuit
1103 395 1249 445 postea
1283 383 1337 429 de
1365 385 1565 445 sepulcro
1588 399 1731 429 resur-

341 458 469 513 gere?
489 455 571 500 Sed
598 454 768 498 cessisse
784 455 1005 500 videretur
1023 455 1331 501 insultantibus
1350 471 1358 498 :
1381 466 1424 500 et
1445 455 1528 501 hoc
1552 464 1729 516 oporte-

339 526 437 580 bat,
455 534 504 569 ut
526 540 752 584 resurgens
769 526 854 570 suis
871 541 914 570 se
932 525 1193 581 ostenderet,
1210 536 1253 572 et
1275 543 1363 572 non
1386 525 1484 582 illis,
1506 526 1550 570 in
1573 541 1730 584 magno

338 605 607 641 sacramento
634 615 644 642 ι
671 597 773 657 quia
793 599 1048 643 resurrectio
1071 598 1202 658 ipsius
1223 598 1357 643 vitam
1385 612 1544 642 novam
1562 597 1730 656 signifi-

337 668 486 723 cabat,
511 668 598 713 vita
617 676 761 712 autem
784 683 895 713 nova
919 670 1064 714 amieis
1087 678 1189 714 nota
1208 679 1294 725 est,
1322 684 1409 713 non
1431 668 1630 712 inimicis.

397 742 500 783 XII.
533 758 549 779 «
577 739 757 795 Vidisti,
785 740 991 795 Domine,
1026 755 1080 784 ne
1108 738 1276 784 sileas¹.
1308 760 1326 781 »
1353 737 1471 792 Quid
1505 747 1590 794 est,
1621 756 1639 778 «
1666 739 1729 783 Ne

344 830 361 852 »
397 810 544 854 sileas?
562 831 579 851 »
597 813 621 854 J
626 810 765 855 udiea.
785 814 845 855 De
858 810 1025 871 judicio
1043 810 1203 854 etenim
1219 809 1378 854 dicitur
1395 808 1587 870 quodam
1606 808 1725 853 loco:

343 900 360 921 «
400 882 556 937 Tacui,
598 881 817 942 numquid
851 897 1019 941 semper
1061 881 1212 926 tacebo
1226 883 1275 926 ²?
1303 901 1320 923 >›
1354 884 1411 925 Et
1435 880 1489 924 de
1523 880 1730 925 dilatione

333 953 487 1012 judicii
505 951 685 996 discitur
707 952 950 1011 peccatori:
982 971 999 993 «
1029 954 1132 997 Haec
1155 951 1318 1004 fecisti,
1350 961 1393 997 et
1414 952 1529 997 tacui
1551 970 1561 1009 3
1594 951 1731 1011 suspi-

344 1042 361 1063 »
397 1032 516 1067 catus
535 1038 578 1067 es
600 1023 891 1083 iniquitatem,
909 1021 1030 1083 quod
1047 1038 1120 1068 ero
1146 1023 1226 1068 tibi
1247 1021 1436 1067 similis³.
1460 1043 1477 1064 »
1497 1021 1729 1076 Quomodo

339 1101 452 1137 tacet
469 1093 544 1154 qui
566 1092 762 1154 loquitur
784 1109 861 1153 per
886 1094 1146 1153 Prophetas,
1167 1095 1243 1154 qui
1264 1094 1460 1154 loquitur
1483 1108 1556 1137 ore
1583 1108 1661 1137 suo
1683 1093 1730 1137 in

338 1164 575 1223 Evangelio
594 1199 605 1220 ,
637 1164 713 1225 qui
744 1164 939 1225 loquitur
970 1180 1047 1225 per
1075 1164 1394 1224 Evangelistas,
1430 1164 1505 1224 qui
1534 1163 1731 1225 loquitur

338 1252 414 1296 per
436 1252 513 1281 nos
536 1235 715 1297 quando
735 1252 888 1281 verum
909 1236 1123 1281 dicimus?
1145 1236 1261 1290 Quid
1283 1238 1416 1295 ergo?
1442 1235 1546 1281 Silet
1568 1252 1590 1280 a
1606 1234 1730 1296 judi-

338 1307 421 1361 cio,
442 1323 532 1352 non
551 1323 573 1351 a
596 1316 831 1367 praecepto,
853 1323 941 1351 non
963 1323 986 1351 a
1007 1306 1218 1352 doctrina.
1236 1310 1329 1352 Hoc
1351 1316 1497 1351 autem
1514 1306 1730 1366 judicium

338 1378 470 1438 ipsius
493 1379 666 1423 invocat
687 1378 878 1440 quodam
893 1377 1024 1423 niodo
1040 1379 1273 1438 Propheta,
1295 1387 1338 1422 et
1355 1376 1552 1438 praedicit
1573 1396 1582 1422 ε
1607 1396 1626 1417 «
1651 1376 1731 1421 Vi-

343 1467 361 1489 »
397 1448 519 1504 disti,
546 1449 753 1504 Domine,
779 1465 833 1492 ne
856 1449 1040 1493 tacueris
1061 1468 1069 1493 :
1098 1469 1115 1490 »
1141 1447 1188 1493 id
1210 1457 1299 1503 est,
1325 1449 1535 1509 quianon
1563 1447 1727 1503 silebis,

338 1518 441 1579 quia
463 1534 636 1564 11666556
653 1528 717 1564 est
738 1529 787 1564 ut
805 1518 990 1579 judices.
1013 1538 1029 1560 «
1049 1519 1249 1574 Domine,
1276 1534 1331 1562 ne
1347 1518 1541 1563 discedas
1559 1534 1582 1562 a
1604 1533 1688 1561 me.
1709 1537 1727 1560 »

338 1593 488 1635 Donec
513 1591 658 1634 veniat
672 1589 889 1651 judicium
911 1605 967 1634 116
985 1589 1180 1634 discedas
1197 1605 1220 1634 a
1237 1604 1324 1646 me,
1345 1589 1455 1634 sieut
1470 1588 1702 1649 promisisti
1719 1606 1727 1633 :

343 1679 360 1701 «
397 1664 511 1706 Ecce
525 1676 605 1721 ego
627 1661 856 1706 vobiscum
878 1676 973 1705 sum
991 1660 1194 1722 usquein
1211 1660 1632 1705 consummationem
1649 1675 1732 1705 536-

346 1751 363 1773 »
401 1732 530 1777 culi&
557 1752 574 1775 »

397 1806 494 1848 XV.
527 1821 544 1844 «
571 1805 765 1862 Exurge,
788 1802 997 1858 Domine,
1019 1811 1062 1847 et
1078 1801 1258 1847 intende
1265 1800 1432 1862 judicio
1453 1803 1595 1847 meo⁵.
1616 1802 1732 1848 »Cui

334 1874 534 1934 judicio?
568 1873 678 1927 Quia
703 1873 935 1917 tribulatus
958 1889 1001 1917 65
1017 1907 1028 1929 ,
1053 1873 1155 1933 quia
1189 1871 1411 1917 laboribus
1443 1881 1486 1916 et
1508 1871 1732 1917 doloribus

340 1945 555 1989 cruciatus
573 1946 647 1988 es?
668 1946 822 1990 Nonne
844 1944 923 1988 ista
947 1944 1078 1987 etiam
1101 1942 1229 1987 multi
1252 1943 1355 1987 mali
1376 1943 1630 2002 patiuntur?
1651 1943 1733 1988 Cui

333 2013 533 2075 judicio?
570 2012 674 2059 Ideo
702 2014 868 2075 justus,
898 2014 1000 2074 quia
1022 2014 1101 2058 ista
1123 2013 1310 2073 pateris?
1339 2015 1450 2058 Non.
1489 2012 1569 2058 Sed
1595 2012 1734 2074 quid?
1797 2069 1800 2072 Δ

344 2103 362 2124 «
400 2085 572 2130 Judicio
605 2101 725 2138 meo,
751 2104 771 2127 »
799 2084 1030 2138 Quomodo
1058 2085 1283 2144 sequitur?
1310 2102 1327 2125 «
1356 2083 1542 2129 Intende
1566 2083 1733 2144 judicio

345 2176 362 2198 »
400 2172 515 2212 11160,
533 2160 647 2202 Deus
665 2173 786 2201 meus
805 2166 848 2201 et
867 2157 1075 2201 Dominus
1090 2171 1226 2211 meus,
1243 2156 1288 2199 in
1310 2172 1483 2200 causam
1505 2157 1688 2200 meamG.
1711 2176 1729 2198 »

340 2229 437 2273 Non
460 2228 506 2272 in
528 2244 707 2288 poenam
734 2243 902 2283 meam,
929 2226 1004 2271 sed
1031 2227 1077 2270 in
1099 2241 1271 2271 eausam
1293 2241 1435 2270 meam
1463 2241 1472 2267 :
1509 2242 1599 2271 non
1620 2226 1666 2270 in
1687 2223 1734 2271 id

342 2299 463 2359 quod
496 2315 666 2344 meeum
691 2300 826 2344 habet
854 2298 966 2343 latro
995 2313 1249 2352 commune,
1283 2297 1357 2342 sed
1387 2298 1433 2341 in
1469 2297 1581 2342 illud
1613 2297 1734 2359 quod

347 2388 364 2411 «
401 2371 520 2415 Beati
543 2372 618 2432 qui
638 2371 980 2431 persecutionem
999 2371 1227 2431 patiuntur
1244 2378 1422 2430 propter
1437 2370 1650 2430 justitiam
1662 2371 1692 2413 ⁷.
1711 2388 1728 2411 »

392 2472 401 2489 ¹
422 2467 505 2499 Psal.
527 2478 635 2508 xxxiv,
649 2475 703 2500 22.
721 2484 762 2490 —
781 2472 793 2490 2
806 2467 877 2500 Isai‘.
899 2466 953 2509 42.
975 2464 1024 2508 14.
1048 2483 1090 2489 —-
1106 2463 1119 2489 3
1135 2465 1213 2498 Psal.
1234 2476 1321 2508 xux,
1336 2475 1389 2498 21.
1412 2482 1454 2488 —
1472 2463 1488 2496 4
1502 2465 1727 2507 Matth.xx11r,

343 2532 398 2555 20.
420 2540 461 2545 -—-
479 2522 493 2546 5
513 2523 592 2556 Psat.
610 2534 720 2565 xxxiv,
739 2524 793 2556 23.
818 2539 860 2546 --
878 2522 892 2546 6
915 2523 993 2555 Ibid.
1022 2539 1063 2546 --
1079 2529 1092 2555 7
1118 2523 1230 2555 Manli,
1258 2533 1298 2564 v,
1318 2533 1365 2554 10.
