1841 3223
224 295 467 326 ENAnnAno
500 298 533 324 11
563 298 610 325 nv
642 295 846 325 PsALMUM
877 294 1043 332 vam,
1078 291 1204 321 sssmr.
1240 294 1289 319 11.
1363 276 1447 318 395

62 363 290 409 sentiebat.
317 362 429 416 Quid
458 376 582 420 ergo,
606 361 758 406 fratres
783 382 792 406 2
818 360 966 405 dicant
987 358 1068 403 sibi
1089 357 1287 403 homines
1303 392 1313 412 ,
1338 359 1450 401 Ero-

65 442 190 495 get'ur
207 433 262 478 ad
283 441 468 478 mortem
490 447 655 489 meam3
677 447 811 492 quare
833 431 1006 475 dimitto
1028 428 1223 473 haeredes
1241 442 1360 472 meos
1379 426 1449 471 di-

60 506 200 551 vites?
215 503 355 549 Multa
377 503 608 547 habebunt
623 502 678 546 de
694 518 792 547 meo
808 537 818 555 ,
843 502 1027 545 babeam
1049 510 1091 545 et
1106 516 1186 559 ego
1210 499 1374 559 aliquid
1395 497 1450 542 de

62 590 176 629 meo,
198 574 244 618 in
262 588 441 633 corpore
454 589 551 617 meo
570 593 578 617 :
596 572 703 633 quid
717 571 897 616 habebit
913 587 1071 631 corpus
1085 571 1327 615 mortuum?
1341 567 1450 628 quid

61 645 243 691 habebit
264 659 363 689 caro
384 646 664 704 putrescens?
680 643 788 704 quid
802 642 982 686 habebit
1004 657 1104 687 caro
1126 656 1214 685 non
1233 640 1450 684 sentiens?

65 715 109 761 Si
131 714 296 775 aliquid
316 714 472 758 habuit
493 713 612 757 dives
631 712 720 768 ille,
741 713 863 772 cujus
886 711 1034 771 lingua
1056 712 1166 756 sicca
1184 712 1318 765 erat1,
1343 719 1449 753 tunc

61 786 196 830 habet
225 785 357 830 homo
385 785 550 845 aliquid
579 786 633 830 de
654 801 749 831 suo.
787 789 986 838 Fratres,
1012 779 1231 843 numquid
1259 781 1317 825 sic
1338 780 1448 838 legi-

62 870 160 900 mus
181 856 226 899 in
247 856 486 914 Evangelio
500 891 511 911 ,
532 856 634 916 quia
657 855 776 900 dives
792 854 866 900 ille
888 870 990 900 cum
1010 852 1261 898 holosericis
1278 860 1321 895 et
1344 850 1449 908 bys-

63 925 162 971 sinis
183 924 446 984 tegumentis
469 926 707 986 apparebat
725 927 771 970 in
790 927 914 985 igne?
948 923 1173 985 Numquid
1201 921 1340 984 qualis
1362 930 1452 965 erat

62 996 106 1039 in
124 994 264 1055 epulis
285 994 342 1039 ad
361 1010 554 1040 mensam
568 1031 578 1051 ,
600 995 695 1040 talis
712 1006 804 1041 erat
826 1005 868 1040 et
888 995 1000 1053 apud
1020 993 1206 1039 inferos?
1224 995 1335 1038 Cum
1357 991 1451 1036 siti—

62 1075 129 1110 ret
144 1101 156 1121 ,
180 1075 224 1110 et
239 1062 396 1110 stillam
420 1065 708 1122 desideraret,
730 1078 819 1112 non
842 1067 902 1110 ibi
925 1074 1049 1111 erant
1070 1065 1144 1109 illa
1167 1064 1326 1110 omnia.
1352 1065 1451 1107 Non

62 1151 165 1196 ergo
187 1151 335 1180 secum
352 1136 509 1196 accipit
528 1137 662 1181 homo
682 1138 849 1192 omnia,
874 1152 955 1181 nec
977 1135 1098 1197 quod
1120 1133 1234 1180 tollit
1250 1133 1450 1193 sepultu-

62 1218 124 1262 ra,
145 1205 261 1251 tollit
277 1221 426 1251 secum
445 1215 658 1265 mortuus
687 1207 771 1252 Ubi
794 1208 910 1251 enim
928 1223 1097 1262 sensus,
1113 1207 1174 1250 ibi
1195 1206 1350 1250 homo:
1372 1203 1449 1248 ubi

61 1277 209 1323 nullus
230 1292 402 1333 sensus,
433 1288 524 1322 non
546 1287 610 1322 est
632 1279 778 1324 homo.
804 1282 827 1323 J
832 1289 924 1323 acet
948 1295 1020 1323 vas
1048 1278 1168 1339 quod
1199 1276 1451 1322 continebat

61 1349 300 1405 hominem,
320 1348 476 1394 domus
494 1365 594 1410 quae
610 1350 801 1394 habebat
814 1350 1052 1395 hominem.
1074 1352 1242 1410 Corpus
1254 1348 1450 1393 dicamus

61 1419 264 1475 domum,
295 1420 492 1477 spiritum
519 1421 712 1465 dicamus
739 1421 1032 1465 habitatorem
1059 1419 1228 1465 domus.
1266 1419 1449 1479 Spiritus

61 1499 291 1550 torquetur
320 1490 438 1550 apud
464 1490 626 1535 inferos
653 1511 661 1536 ε
694 1490 802 1552 quid
824 1491 886 1535 illi
916 1490 1118 1551 prodest,
1149 1491 1251 1551 quia
1291 1504 1448 1548 corpus

55 1561 170 1621 jacet
190 1560 236 1604 in
255 1561 464 1605 cinnamis
483 1571 527 1605 et
543 1558 808 1606 aromatibus
825 1597 835 1616 ,
864 1561 1112 1606 involutum
1140 1560 1337 1620 pretiosis
1359 1559 1448 1603 lin-

61 1632 166 1676 teis?
184 1635 408 1693 Tanquam
425 1633 460 1676 si
477 1631 680 1677 dominus
699 1633 856 1677 domus
881 1634 1080 1677 mittatur
1104 1633 1149 1677 in
1174 1631 1349 1676 exilium
1366 1667 1377 1686 ,
1405 1640 1449 1675 et

61 1710 110 1748 tu
132 1717 256 1748 ornes
274 1703 458 1763 parietes
478 1704 627 1763 ipsius.
644 1703 723 1748 Ille
742 1704 789 1748 in
809 1704 935 1749 exilio
957 1713 1070 1764 eget,
1090 1712 1133 1748 et
1150 1703 1263 1748 fame
1282 1702 1445 1758 deficit,

59 1774 131 1818 vix
151 1773 231 1818 sibi
251 1788 386 1818 unam
406 1772 562 1818 cellam
584 1774 751 1819 invenit
772 1775 851 1819 ubi
879 1776 1098 1819 somnium
1129 1774 1270 1834 capiat
1286 1809 1296 1829 ,
1324 1782 1367 1818 et
1399 1782 1448 1817 tu

60 1842 164 1888 dicis
185 1863 194 1889 :
221 1844 341 1888 Felix
358 1853 421 1889 est
436 1880 446 1899 ,
466 1860 568 1889 nam
591 1854 742 1890 ornata
765 1855 828 1890 est
850 1845 1006 1890 domus
1027 1845 1158 1889 illius.
1180 1845 1282 1898 Quis
1301 1853 1344 1888 te
1358 1859 1447 1888 non

0 1960 2 1974 ,
60 1923 136 1959 aut
147 1915 302 1974 jocari,
326 1923 402 1958 aut
416 1915 604 1958 insanire
630 1917 891 1959 arbitretur?
912 1918 1050 1960 Ornas
1073 1931 1252 1975 corpus,
1273 1924 1447 1975 torque-

0 2013 1 2018 =
59 1991 132 2028 tur
152 1984 340 2044 spiritus.
357 1988 419 2029 Da
437 1983 604 2045 aliquid
620 1985 805 2044 spiritui,
826 1994 869 2029 et
889 1985 1045 2029 dedisti
1068 1985 1234 2045 aliquid
1254 1994 1444 2030 mortuo.

0 2036 2 2116 ὲ
63 2053 148 2099 Sed
164 2053 271 2114 quid
286 2053 352 2098 illi
374 2053 519 2109 dabis,
542 2054 719 2114 quando
741 2071 875 2099 unam
899 2065 1066 2114 guttam
1089 2054 1375 2108 desideravit,
1404 2065 1448 2101 et

0 2120 3 2179 ἶ,
60 2134 151 2169 non
173 2124 360 2184 accipit?
377 2124 456 2168 Hic
480 2125 595 2168 enim
609 2125 869 2185 contempsit
888 2125 1060 2169 mittere
1078 2134 1177 2170 ante
1200 2141 1244 2170 se
1262 2125 1443 2186 aliquid.

0 2181 2 2272 ἱ
61 2199 201 2248 Quare
221 2196 508 2255 contempsit?
522 2196 630 2249 Quia
641 2196 735 2240 haec
749 2196 817 2240 via
829 2212 979 2241 eorum
995 2195 1248 2241 scandalum
1265 2206 1328 2240 est
1343 2195 1443 2241 illis.

0 2275 3 2284 ”
60 2267 159 2311 Non
195 2266 365 2326 putavit
392 2266 526 2311 vitam
564 2267 647 2310 nisi
679 2276 937 2327 praesentem
955 2302 965 2322 ,
1004 2283 1096 2311 non
1125 2267 1328 2325 cogitavit
1364 2267 1447 2312 nisi

61 2335 433 2397 quemadmodum
455 2337 651 2396 pretiosis
679 2337 872 2382 vestibus
911 2337 1146 2381 obvolutus
1174 2336 1442 2396 sepeliretur.

0 2408 4 2476 j
61 2406 218 2452 Ablata
232 2415 296 2452 est
311 2408 366 2452 ab
388 2407 464 2452 illo
487 2409 629 2452 anima
646 2409 752 2469 ejus,
780 2410 891 2453 sicut
912 2408 1121 2453 Dominus
1138 2407 1268 2453 dicit:
1289 2428 1309 2450 «
1324 2409 1445 2453 Stul-

0 2491 3 2541 3
66 2485 87 2520 ἱ»
120 2487 184 2533 te,
208 2479 290 2523 hac
307 2487 434 2523 nocte
457 2480 677 2524 auferetur
697 2481 838 2524 anima
862 2489 957 2534 tua,
988 2491 1031 2524 et
1050 2496 1148 2541 quae
1164 2480 1412 2539 praeparasti
1431 2516 1442 2535 ,

2 2559 4 2579 ²
66 2555 87 2590 »ὲ
121 2549 243 2608 cujus
262 2551 452 2593 erunt²P
475 2567 496 2591 »
516 2552 573 2594 Et
592 2550 819 2610 impletum
838 2560 901 2595 est
923 2551 967 2594 in
988 2549 1063 2596 illo
1085 2551 1204 2610 quod
1225 2550 1304 2595 iste
1322 2550 1444 2595 Psal-

112 2639 120 2654 ¹
149 2634 225 2664 Luc.
245 2643 312 2674 xvi,
327 2631 380 2674 24.
397 2650 438 2656 —-
460 2634 540 2666 ²1d.
560 2645 617 2674 xn,
637 2642 687 2666 20.
