<?xml version="1.0" encoding="UTF-8"?>
<!DOCTYPE html PUBLIC "-//W3C//DTD XHTML 1.0 Transitional//EN"
    "http://www.w3.org/TR/xhtml1/DTD/xhtml1-transitional.dtd">
<html xmlns="http://www.w3.org/1999/xhtml" xml:lang="en" lang="en">
 <head>
  <title>
</title>
<meta http-equiv="Content-Type" content="text/html;charset=utf-8" />
  <meta name='ocr-system' content='tesseract 3.04.00' />
  <meta name='ocr-capabilities' content='ocr_page ocr_carea ocr_par ocr_line ocrx_word'/>
</head>
<body>
  <div class='ocr_page' id='page_1' title='image "./operaomniaaccura08auguuoft_0037.png"; bbox 0 0 1841 3223; ppageno 0'>
   <div class='ocr_carea' id='block_1_1' title="bbox 220 235 1430 286">
    <p class='ocr_par' dir='ltr' id='par_1_1' title="bbox 220 235 1430 286">
     <span class='ocr_line' id='line_1_1' title="bbox 220 235 1430 286; baseline -0.002 -10"><span class='ocrx_word' id='word_1_1' title='bbox 220 245 463 277; x_wconf 66' lang='lat' dir='ltr'>munna-no</span> <span class='ocrx_word' id='word_1_2' title='bbox 495 249 529 275; x_wconf 91' lang='lat'>11</span> <span class='ocrx_word' id='word_1_3' title='bbox 559 248 606 276; x_wconf 76' lang='lat' dir='ltr'>m</span> <span class='ocrx_word' id='word_1_4' title='bbox 637 244 842 275; x_wconf 68' lang='lat' dir='ltr'><strong>PSA‘LM&#39;UM</strong></span> <span class='ocrx_word' id='word_1_5' title='bbox 874 242 1041 286; x_wconf 72' lang='lat' dir='ltr'>xxxlv,</span> <span class='ocrx_word' id='word_1_6' title='bbox 1076 245 1203 274; x_wconf 64' lang='lat' dir='ltr'>sunu.</span> <span class='ocrx_word' id='word_1_7' title='bbox 1240 249 1289 274; x_wconf 92' lang='lat'>11.</span> <span class='ocrx_word' id='word_1_8' title='bbox 1375 235 1430 273; x_wconf 78' lang='lat'>27</span> 
     </span>
    </p>
   </div>
   <div class='ocr_carea' id='block_1_2' title="bbox 41 306 1443 2498">
    <p class='ocr_par' dir='ltr' id='par_1_2' title="bbox 41 306 1443 2498">
     <span class='ocr_line' id='line_1_2' title="bbox 46 306 1432 373; baseline -0.001 -16"><span class='ocrx_word' id='word_1_9' title='bbox 46 334 66 357; x_wconf 61' lang='grc' dir='ltr'><em>η</em></span> <span class='ocrx_word' id='word_1_10' title='bbox 100 306 382 359; x_wconf 84' lang='lat' dir='ltr'>convertetur</span> <span class='ocrx_word' id='word_1_11' title='bbox 403 313 541 358; x_wconf 85' lang='lat' dir='ltr'>oratio</span> <span class='ocrx_word' id='word_1_12' title='bbox 562 328 673 356; x_wconf 88' lang='lat' dir='ltr'>mea.</span> <span class='ocrx_word' id='word_1_13' title='bbox 696 333 713 353; x_wconf 90' lang='lat'>»</span> <span class='ocrx_word' id='word_1_14' title='bbox 730 312 883 358; x_wconf 86' lang='lat' dir='ltr'>Nescio</span> <span class='ocrx_word' id='word_1_15' title='bbox 898 311 1003 373; x_wconf 87' lang='lat' dir='ltr'>quid</span> <span class='ocrx_word' id='word_1_16' title='bbox 1021 312 1174 356; x_wconf 90' lang='lat' dir='ltr'>melius</span> <span class='ocrx_word' id='word_1_17' title='bbox 1191 309 1432 370; x_wconf 81' lang='lat' dir='ltr'>intelligam</span> 
     </span>
     <span class='ocr_line' id='line_1_3' title="bbox 42 382 1434 443; baseline -0.002 -14"><span class='ocrx_word' id='word_1_18' title='bbox 42 383 99 429; x_wconf 87' lang='lat' dir='ltr'>de</span> <span class='ocrx_word' id='word_1_19' title='bbox 119 385 331 430; x_wconf 88' lang='lat' dir='ltr'>Domino:</span> <span class='ocrx_word' id='word_1_20' title='bbox 352 383 526 427; x_wconf 82' lang='lat' dir='ltr'>interim</span> <span class='ocrx_word' id='word_1_21' title='bbox 549 397 668 427; x_wconf 88' lang='lat' dir='ltr'>nunc</span> <span class='ocrx_word' id='word_1_22' title='bbox 683 382 803 443; x_wconf 87' lang='lat' dir='ltr'>quod</span> <span class='ocrx_word' id='word_1_23' title='bbox 825 383 1014 427; x_wconf 79' lang='lat' dir='ltr'>occurrit</span> <span class='ocrx_word' id='word_1_24' title='bbox 1029 419 1040 438; x_wconf 93' lang='lat'>,</span> <span class='ocrx_word' id='word_1_25' title='bbox 1058 382 1168 428; x_wconf 88' lang='lat' dir='ltr'>forte</span> <span class='ocrx_word' id='word_1_26' title='bbox 1187 382 1340 426; x_wconf 88' lang='lat' dir='ltr'>melius</span> <span class='ocrx_word' id='word_1_27' title='bbox 1359 382 1434 427; x_wconf 84' lang='lat' dir='ltr'>ali-</span> 
     </span>
     <span class='ocr_line' id='line_1_4' title="bbox 41 453 1441 517; baseline -0.002 -16"><span class='ocrx_word' id='word_1_28' title='bbox 41 456 148 517; x_wconf 86' lang='lat' dir='ltr'>quid</span> <span class='ocrx_word' id='word_1_29' title='bbox 168 465 316 516; x_wconf 82' lang='lat' dir='ltr'>postea</span> <span class='ocrx_word' id='word_1_30' title='bbox 339 464 554 509; x_wconf 81' lang='lat' dir='ltr'>occurret,</span> <span class='ocrx_word' id='word_1_31' title='bbox 574 453 643 498; x_wconf 85' lang='lat' dir='ltr'>vel</span> <span class='ocrx_word' id='word_1_32' title='bbox 665 454 787 508; x_wconf 79' lang='lat' dir='ltr'>mihi,</span> <span class='ocrx_word' id='word_1_33' title='bbox 808 453 879 498; x_wconf 91' lang='lat' dir='ltr'>vel</span> <span class='ocrx_word' id='word_1_34' title='bbox 901 455 1105 514; x_wconf 78' lang='lat' dir='ltr'>cuiquam</span> <span class='ocrx_word' id='word_1_35' title='bbox 1128 453 1319 508; x_wconf 84' lang='lat' dir='ltr'>meliori,</span> <span class='ocrx_word' id='word_1_36' title='bbox 1346 472 1362 493; x_wconf 88' lang='lat'>«</span> <span class='ocrx_word' id='word_1_37' title='bbox 1381 457 1441 497; x_wconf 41' lang='lat' dir='ltr'>In*</span> 
     </span>
     <span class='ocr_line' id='line_1_5' title="bbox 46 523 1433 583; baseline -0.001 -13"><span class='ocrx_word' id='word_1_38' title='bbox 46 547 66 570; x_wconf 84' lang='lat'><strong>»</strong></span> <span class='ocrx_word' id='word_1_39' title='bbox 96 528 239 572; x_wconf 87' lang='lat' dir='ltr'>sinum</span> <span class='ocrx_word' id='word_1_40' title='bbox 269 541 417 571; x_wconf 89' lang='lat' dir='ltr'>meum</span> <span class='ocrx_word' id='word_1_41' title='bbox 447 534 728 571; x_wconf 81' lang='lat' dir='ltr'>convertetur</span> <span class='ocrx_word' id='word_1_42' title='bbox 759 525 897 569; x_wconf 80' lang='lat' dir='ltr'>oratio</span> <span class='ocrx_word' id='word_1_43' title='bbox 926 540 1048 579; x_wconf 87' lang='lat' dir='ltr'>mea,</span> <span class='ocrx_word' id='word_1_44' title='bbox 1079 546 1095 566; x_wconf 86' lang='lat'>»</span> <span class='ocrx_word' id='word_1_45' title='bbox 1127 525 1211 569; x_wconf 88' lang='lat' dir='ltr'>hoe</span> <span class='ocrx_word' id='word_1_46' title='bbox 1233 523 1433 583; x_wconf 73' lang='lat' dir='ltr'>intelligo</span> 
     </span>
     <span class='ocr_line' id='line_1_6' title="bbox 42 594 1436 657; baseline -0.003 -16"><span class='ocrx_word' id='word_1_47' title='bbox 42 596 227 651; x_wconf 85' lang='lat' dir='ltr'>dictum,</span> <span class='ocrx_word' id='word_1_48' title='bbox 253 595 355 657; x_wconf 86' lang='lat' dir='ltr'>quia</span> <span class='ocrx_word' id='word_1_49' title='bbox 370 597 416 641; x_wconf 92' lang='lat' dir='ltr'>in</span> <span class='ocrx_word' id='word_1_50' title='bbox 437 597 535 640; x_wconf 86' lang='lat' dir='ltr'>sinu</span> <span class='ocrx_word' id='word_1_51' title='bbox 556 611 635 639; x_wconf 91' lang='lat' dir='ltr'>suo</span> <span class='ocrx_word' id='word_1_52' title='bbox 653 594 842 639; x_wconf 87' lang='lat' dir='ltr'>habebat</span> <span class='ocrx_word' id='word_1_53' title='bbox 866 598 1050 638; x_wconf 86' lang='lat' dir='ltr'>Patrem.</span> <span class='ocrx_word' id='word_1_54' title='bbox 1072 597 1187 638; x_wconf 90' lang='lat' dir='ltr'>Deus</span> <span class='ocrx_word' id='word_1_55' title='bbox 1205 594 1319 638; x_wconf 88' lang='lat' dir='ltr'>enim</span> <span class='ocrx_word' id='word_1_56' title='bbox 1344 602 1436 638; x_wconf 88' lang='lat' dir='ltr'>erat</span> 
     </span>
     <span class='ocr_line' id='line_1_7' title="bbox 41 665 1434 725; baseline -0.003 -13"><span class='ocrx_word' id='word_1_57' title='bbox 41 668 87 712; x_wconf 89' lang='lat' dir='ltr'>in</span> <span class='ocrx_word' id='word_1_58' title='bbox 107 668 280 713; x_wconf 87' lang='lat' dir='ltr'>Christo</span> <span class='ocrx_word' id='word_1_59' title='bbox 291 667 504 712; x_wconf 87' lang='lat' dir='ltr'>mundum</span> <span class='ocrx_word' id='word_1_60' title='bbox 523 665 802 712; x_wconf 88' lang='lat' dir='ltr'>reconcilians</span> <span class='ocrx_word' id='word_1_61' title='bbox 819 666 900 710; x_wconf 85' lang='lat' dir='ltr'>sibi</span> <span class='ocrx_word' id='word_1_62' title='bbox 915 668 945 710; x_wconf 84' lang='lat'>¹.</span> <span class='ocrx_word' id='word_1_63' title='bbox 968 668 1019 710; x_wconf 91' lang='lat' dir='ltr'>In</span> <span class='ocrx_word' id='word_1_64' title='bbox 1034 681 1078 709; x_wconf 91' lang='lat' dir='ltr'>se</span> <span class='ocrx_word' id='word_1_65' title='bbox 1091 665 1284 709; x_wconf 86' lang='lat' dir='ltr'>habebat</span> <span class='ocrx_word' id='word_1_66' title='bbox 1302 681 1434 725; x_wconf 85' lang='lat' dir='ltr'>quem</span> 
     </span>
     <span class='ocr_line' id='line_1_8' title="bbox 42 734 1431 798; baseline -0.002 -16"><span class='ocrx_word' id='word_1_67' title='bbox 42 737 348 798; x_wconf 84' lang='lat' dir='ltr'>deprecaretur</span> <span class='ocrx_word' id='word_1_68' title='bbox 370 758 379 783; x_wconf 90' lang='grc'>;</span> <span class='ocrx_word' id='word_1_69' title='bbox 404 754 494 783; x_wconf 92' lang='lat' dir='ltr'>non</span> <span class='ocrx_word' id='word_1_70' title='bbox 516 746 608 782; x_wconf 89' lang='lat' dir='ltr'>erat</span> <span class='ocrx_word' id='word_1_71' title='bbox 632 737 687 781; x_wconf 89' lang='lat' dir='ltr'>ab</span> <span class='ocrx_word' id='word_1_72' title='bbox 709 735 785 781; x_wconf 90' lang='lat' dir='ltr'>illo</span> <span class='ocrx_word' id='word_1_73' title='bbox 809 736 958 794; x_wconf 82' lang='lat' dir='ltr'>longe,</span> <span class='ocrx_word' id='word_1_74' title='bbox 990 736 1092 796; x_wconf 92' lang='lat' dir='ltr'>quia</span> <span class='ocrx_word' id='word_1_75' title='bbox 1120 736 1210 795; x_wconf 89' lang='lat' dir='ltr'>ipse</span> <span class='ocrx_word' id='word_1_76' title='bbox 1241 734 1431 779; x_wconf 81' lang='lat' dir='ltr'>dixerat:</span> 
     </span>
     <span class='ocr_line' id='line_1_9' title="bbox 46 804 1436 868; baseline -0.003 -15"><span class='ocrx_word' id='word_1_77' title='bbox 46 825 66 849; x_wconf 85' lang='lat'>«</span> <span class='ocrx_word' id='word_1_78' title='bbox 99 811 194 868; x_wconf 85' lang='lat' dir='ltr'>Ego</span> <span class='ocrx_word' id='word_1_79' title='bbox 215 809 261 853; x_wconf 89' lang='lat' dir='ltr'>in</span> <span class='ocrx_word' id='word_1_80' title='bbox 284 812 433 863; x_wconf 85' lang='lat' dir='ltr'>Patre,</span> <span class='ocrx_word' id='word_1_81' title='bbox 454 818 497 852; x_wconf 87' lang='lat' dir='ltr'>ct</span> <span class='ocrx_word' id='word_1_82' title='bbox 520 812 645 852; x_wconf 87' lang='lat' dir='ltr'>Pater</span> <span class='ocrx_word' id='word_1_83' title='bbox 667 809 712 851; x_wconf 90' lang='lat' dir='ltr'>in</span> <span class='ocrx_word' id='word_1_84' title='bbox 735 820 805 850; x_wconf 89' lang='lat' dir='ltr'>me</span> <span class='ocrx_word' id='word_1_85' title='bbox 827 810 931 851; x_wconf 77' lang='lat' dir='ltr'>est2.</span> <span class='ocrx_word' id='word_1_86' title='bbox 957 826 974 848; x_wconf 68' lang='grc' dir='ltr'>ι)</span> <span class='ocrx_word' id='word_1_87' title='bbox 999 806 1082 851; x_wconf 88' lang='lat' dir='ltr'>Sed</span> <span class='ocrx_word' id='word_1_88' title='bbox 1100 806 1202 866; x_wconf 87' lang='lat' dir='ltr'>quia</span> <span class='ocrx_word' id='word_1_89' title='bbox 1226 806 1363 850; x_wconf 87' lang='lat' dir='ltr'>oratio</span> <span class='ocrx_word' id='word_1_90' title='bbox 1381 804 1436 849; x_wconf 85' lang='lat' dir='ltr'>ad</span> 
     </span>
     <span class='ocr_line' id='line_1_10' title="bbox 43 873 1437 938; baseline -0.002 -16"><span class='ocrx_word' id='word_1_91' title='bbox 43 879 185 938; x_wconf 86' lang='lat' dir='ltr'>ipsum</span> <span class='ocrx_word' id='word_1_92' title='bbox 214 879 348 938; x_wconf 83' lang='lat' dir='ltr'>magis</span> <span class='ocrx_word' id='word_1_93' title='bbox 379 879 604 923; x_wconf 85' lang='lat' dir='ltr'>hominem</span> <span class='ocrx_word' id='word_1_94' title='bbox 633 878 821 938; x_wconf 84' lang='lat' dir='ltr'>pertinet</span> <span class='ocrx_word' id='word_1_95' title='bbox 854 897 862 923; x_wconf 81' lang='lat' dir='ltr'><strong><em>z</em></strong></span> <span class='ocrx_word' id='word_1_96' title='bbox 897 876 1139 921; x_wconf 87' lang='lat' dir='ltr'>secundum</span> <span class='ocrx_word' id='word_1_97' title='bbox 1171 876 1287 920; x_wconf 89' lang='lat' dir='ltr'>enim</span> <span class='ocrx_word' id='word_1_98' title='bbox 1315 873 1437 936; x_wconf 87' lang='lat' dir='ltr'>quod</span> 
     </span>
     <span class='ocr_line' id='line_1_11' title="bbox 42 946 1433 1004; baseline -0.002 -11"><span class='ocrx_word' id='word_1_99' title='bbox 42 950 237 994; x_wconf 86' lang='lat' dir='ltr'>Verbum</span> <span class='ocrx_word' id='word_1_100' title='bbox 263 959 328 995; x_wconf 88' lang='lat' dir='ltr'>est</span> <span class='ocrx_word' id='word_1_101' title='bbox 348 950 566 1004; x_wconf 88' lang='lat' dir='ltr'>Christus,</span> <span class='ocrx_word' id='word_1_102' title='bbox 593 964 683 994; x_wconf 89' lang='lat' dir='ltr'>non</span> <span class='ocrx_word' id='word_1_103' title='bbox 708 957 822 1003; x_wconf 83' lang='lat' dir='ltr'>orat,</span> <span class='ocrx_word' id='word_1_104' title='bbox 848 947 924 993; x_wconf 89' lang='lat' dir='ltr'>sed</span> <span class='ocrx_word' id='word_1_105' title='bbox 946 948 1148 1004; x_wconf 71' lang='lat' dir='ltr'>exaudit,</span> <span class='ocrx_word' id='word_1_106' title='bbox 1173 958 1216 992; x_wconf 86' lang='lat' dir='ltr'>et</span> <span class='ocrx_word' id='word_1_107' title='bbox 1239 963 1328 992; x_wconf 91' lang='lat' dir='ltr'>non</span> <span class='ocrx_word' id='word_1_108' title='bbox 1351 946 1433 991; x_wconf 82' lang='lat' dir='ltr'>sibi</span> 
     </span>
     <span class='ocr_line' id='line_1_12' title="bbox 41 1017 1437 1082; baseline -0.003 -16"><span class='ocrx_word' id='word_1_109' title='bbox 41 1022 263 1066; x_wconf 86' lang='lat' dir='ltr'>subveniri</span> <span class='ocrx_word' id='word_1_110' title='bbox 284 1023 460 1082; x_wconf 85' lang='lat' dir='ltr'>quaerit,</span> <span class='ocrx_word' id='word_1_111' title='bbox 486 1020 562 1066; x_wconf 90' lang='lat' dir='ltr'>sed</span> <span class='ocrx_word' id='word_1_112' title='bbox 583 1037 684 1066; x_wconf 89' lang='lat' dir='ltr'>cum</span> <span class='ocrx_word' id='word_1_113' title='bbox 706 1025 834 1066; x_wconf 85' lang='lat' dir='ltr'>Patre</span> <span class='ocrx_word' id='word_1_114' title='bbox 855 1020 1058 1065; x_wconf 85' lang='lat' dir='ltr'>omnibus</span> <span class='ocrx_word' id='word_1_115' title='bbox 1076 1019 1304 1076; x_wconf 65' lang='lat' dir='ltr'>subvenit,</span> <span class='ocrx_word' id='word_1_116' title='bbox 1329 1017 1437 1079; x_wconf 86' lang='lat' dir='ltr'>quid</span> 
     </span>
     <span class='ocr_line' id='line_1_13' title="bbox 42 1089 1438 1145; baseline -0.003 -9"><span class='ocrx_word' id='word_1_117' title='bbox 42 1101 131 1136; x_wconf 89' lang='lat' dir='ltr'>est:</span> <span class='ocrx_word' id='word_1_118' title='bbox 162 1110 179 1132; x_wconf 87' lang='lat'>«</span> <span class='ocrx_word' id='word_1_119' title='bbox 200 1092 351 1137; x_wconf 86' lang='lat' dir='ltr'>Oratio</span> <span class='ocrx_word' id='word_1_120' title='bbox 378 1106 472 1136; x_wconf 89' lang='lat' dir='ltr'>mea</span> <span class='ocrx_word' id='word_1_121' title='bbox 492 1092 538 1136; x_wconf 90' lang='lat' dir='ltr'>in</span> <span class='ocrx_word' id='word_1_122' title='bbox 561 1092 704 1136; x_wconf 87' lang='lat' dir='ltr'>sinum</span> <span class='ocrx_word' id='word_1_123' title='bbox 726 1107 872 1135; x_wconf 90' lang='lat' dir='ltr'>meum</span> <span class='ocrx_word' id='word_1_124' title='bbox 894 1100 1188 1145; x_wconf 80' lang='lat' dir='ltr'>convertetur,</span> <span class='ocrx_word' id='word_1_125' title='bbox 1215 1111 1232 1131; x_wconf 84' lang='lat'>»</span> <span class='ocrx_word' id='word_1_126' title='bbox 1260 1089 1365 1144; x_wconf 87' lang='lat' dir='ltr'>nisi,</span> <span class='ocrx_word' id='word_1_127' title='bbox 1390 1089 1438 1133; x_wconf 91' lang='lat' dir='ltr'>in</span> 
     </span>
     <span class='ocr_line' id='line_1_14' title="bbox 42 1161 1358 1223; baseline -0.002 -16"><span class='ocrx_word' id='word_1_128' title='bbox 42 1178 112 1207; x_wconf 91' lang='lat' dir='ltr'>me</span> <span class='ocrx_word' id='word_1_129' title='bbox 128 1163 222 1223; x_wconf 88' lang='lat' dir='ltr'>ipso</span> <span class='ocrx_word' id='word_1_130' title='bbox 243 1161 494 1208; x_wconf 87' lang='lat' dir='ltr'>humanitas</span> <span class='ocrx_word' id='word_1_131' title='bbox 516 1164 562 1207; x_wconf 90' lang='lat' dir='ltr'>in</span> <span class='ocrx_word' id='word_1_132' title='bbox 581 1178 649 1207; x_wconf 92' lang='lat' dir='ltr'>me</span> <span class='ocrx_word' id='word_1_133' title='bbox 665 1163 758 1223; x_wconf 85' lang='lat' dir='ltr'>ipso</span> <span class='ocrx_word' id='word_1_134' title='bbox 780 1161 1029 1222; x_wconf 80' lang='lat' dir='ltr'>interpellat</span> <span class='ocrx_word' id='word_1_135' title='bbox 1053 1162 1358 1205; x_wconf 78' lang='lat' dir='ltr'>Divinitatem?</span> 
     </span>
     <span class='ocr_line' id='line_1_15' title="bbox 101 1232 1438 1295; baseline -0.004 -16"><span class='ocrx_word' id='word_1_136' title='bbox 101 1236 178 1278; x_wconf 81' lang='lat' dir='ltr'>Vl.</span> <span class='ocrx_word' id='word_1_137' title='bbox 209 1252 226 1274; x_wconf 75' lang='lat' dir='ltr'>ct</span> <span class='ocrx_word' id='word_1_138' title='bbox 246 1234 365 1279; x_wconf 84' lang='lat' dir='ltr'>Sicut</span> <span class='ocrx_word' id='word_1_139' title='bbox 386 1235 655 1295; x_wconf 82' lang='lat' dir='ltr'>proximum,</span> <span class='ocrx_word' id='word_1_140' title='bbox 672 1234 782 1278; x_wconf 85' lang='lat' dir='ltr'>sicut</span> <span class='ocrx_word' id='word_1_141' title='bbox 805 1232 981 1277; x_wconf 75' lang='lat' dir='ltr'>fratrem</span> <span class='ocrx_word' id='word_1_142' title='bbox 1003 1242 1215 1286; x_wconf 84' lang='lat' dir='ltr'>nostrum,</span> <span class='ocrx_word' id='word_1_143' title='bbox 1238 1232 1296 1275; x_wconf 87' lang='lat' dir='ltr'>ita</span> <span class='ocrx_word' id='word_1_144' title='bbox 1320 1245 1438 1275; x_wconf 89' lang='lat' dir='ltr'>com-</span> 
     </span>
     <span class='ocr_line' id='line_1_16' title="bbox 47 1301 1436 1365; baseline -0.002 -18"><span class='ocrx_word' id='word_1_145' title='bbox 47 1323 67 1347; x_wconf 85' lang='lat'>»</span> <span class='ocrx_word' id='word_1_146' title='bbox 102 1303 358 1364; x_wconf 81' lang='lat' dir='ltr'>placebam:</span> <span class='ocrx_word' id='word_1_147' title='bbox 385 1314 595 1365; x_wconf 84' lang='lat' dir='ltr'>tanquam</span> <span class='ocrx_word' id='word_1_148' title='bbox 626 1303 778 1362; x_wconf 84' lang='lat' dir='ltr'>lugens</span> <span class='ocrx_word' id='word_1_149' title='bbox 806 1312 849 1347; x_wconf 87' lang='lat' dir='ltr'>et</span> <span class='ocrx_word' id='word_1_150' title='bbox 876 1303 1179 1355; x_wconf 82' lang='lat' dir='ltr'>contristatus,</span> <span class='ocrx_word' id='word_1_151' title='bbox 1209 1302 1267 1345; x_wconf 83' lang='lat' dir='ltr'>ita</span> <span class='ocrx_word' id='word_1_152' title='bbox 1287 1301 1436 1345; x_wconf 87' lang='lat' dir='ltr'>humi-</span> 
     </span>
     <span class='ocr_line' id='line_1_17' title="bbox 48 1372 1437 1435; baseline -0.002 -17"><span class='ocrx_word' id='word_1_153' title='bbox 48 1393 67 1418; x_wconf 77' lang='lat'>»</span> <span class='ocrx_word' id='word_1_154' title='bbox 101 1373 283 1418; x_wconf 66' lang='lat' dir='ltr'>liabarss.</span> <span class='ocrx_word' id='word_1_155' title='bbox 301 1395 319 1417; x_wconf 84' lang='lat'>»</span> <span class='ocrx_word' id='word_1_156' title='bbox 337 1374 405 1420; x_wconf 86' lang='lat' dir='ltr'>Ad</span> <span class='ocrx_word' id='word_1_157' title='bbox 427 1391 584 1435; x_wconf 87' lang='lat' dir='ltr'>corpus</span> <span class='ocrx_word' id='word_1_158' title='bbox 606 1391 732 1419; x_wconf 86' lang='lat' dir='ltr'>suum</span> <span class='ocrx_word' id='word_1_159' title='bbox 758 1374 931 1434; x_wconf 85' lang='lat' dir='ltr'>respicit</span> <span class='ocrx_word' id='word_1_160' title='bbox 958 1393 965 1418; x_wconf 88' lang='lat'>:</span> <span class='ocrx_word' id='word_1_161' title='bbox 985 1375 1073 1434; x_wconf 72' lang='lat' dir='ltr'>jani</span> <span class='ocrx_word' id='word_1_162' title='bbox 1098 1389 1175 1417; x_wconf 89' lang='lat' dir='ltr'>nos</span> <span class='ocrx_word' id='word_1_163' title='bbox 1199 1373 1268 1416; x_wconf 89' lang='lat' dir='ltr'>hic</span> <span class='ocrx_word' id='word_1_164' title='bbox 1286 1372 1437 1416; x_wconf 84' lang='lat' dir='ltr'>videa-</span> 
     </span>
     <span class='ocr_line' id='line_1_18' title="bbox 42 1443 1438 1505; baseline -0.003 -16"><span class='ocrx_word' id='word_1_165' title='bbox 42 1460 155 1489; x_wconf 88' lang='lat' dir='ltr'>mus.</span> <span class='ocrx_word' id='word_1_166' title='bbox 177 1445 623 1505; x_wconf 77' lang='lat' dir='ltr'>Quando&#39;gaudemus</span> <span class='ocrx_word' id='word_1_167' title='bbox 650 1445 696 1488; x_wconf 87' lang='lat' dir='ltr'>in</span> <span class='ocrx_word' id='word_1_168' title='bbox 717 1445 933 1498; x_wconf 86' lang='lat' dir='ltr'>oratione,</span> <span class='ocrx_word' id='word_1_169' title='bbox 953 1443 1133 1504; x_wconf 85' lang='lat' dir='ltr'>quando</span> <span class='ocrx_word' id='word_1_170' title='bbox 1154 1458 1274 1486; x_wconf 89' lang='lat' dir='ltr'>mens</span> <span class='ocrx_word' id='word_1_171' title='bbox 1293 1451 1438 1486; x_wconf 82' lang='lat' dir='ltr'>nostra</span> 
     </span>
     <span class='ocr_line' id='line_1_19' title="bbox 42 1512 1438 1577; baseline -0.004 -17"><span class='ocrx_word' id='word_1_172' title='bbox 42 1526 281 1571; x_wconf 82' lang='lat' dir='ltr'>serenatur,</span> <span class='ocrx_word' id='word_1_173' title='bbox 307 1532 396 1561; x_wconf 91' lang='lat' dir='ltr'>non</span> <span class='ocrx_word' id='word_1_174' title='bbox 413 1517 701 1577; x_wconf 85' lang='lat' dir='ltr'>prosperitate</span> <span class='ocrx_word' id='word_1_175' title='bbox 722 1515 885 1567; x_wconf 79' lang='lat' dir='ltr'>saeculi,</span> <span class='ocrx_word' id='word_1_176' title='bbox 911 1514 986 1558; x_wconf 87' lang='lat' dir='ltr'>sed</span> <span class='ocrx_word' id='word_1_177' title='bbox 1005 1514 1102 1558; x_wconf 79' lang='lat' dir='ltr'>lucc</span> <span class='ocrx_word' id='word_1_178' title='bbox 1120 1513 1312 1558; x_wconf 82' lang='lat' dir='ltr'>veritatis</span> <span class='ocrx_word' id='word_1_179' title='bbox 1330 1528 1338 1553; x_wconf 95' lang='grc'>·.</span> <span class='ocrx_word' id='word_1_180' title='bbox 1361 1512 1438 1572; x_wconf 88' lang='lat' dir='ltr'>qui</span> 
     </span>
     <span class='ocr_line' id='line_1_20' title="bbox 43 1584 1439 1647; baseline -0.004 -16"><span class='ocrx_word' id='word_1_181' title='bbox 43 1586 175 1631; x_wconf 85' lang='lat' dir='ltr'>sentit</span> <span class='ocrx_word' id='word_1_182' title='bbox 194 1587 308 1631; x_wconf 88' lang='lat' dir='ltr'>hanc</span> <span class='ocrx_word' id='word_1_183' title='bbox 330 1586 491 1643; x_wconf 80' lang='lat' dir='ltr'>lucem,</span> <span class='ocrx_word' id='word_1_184' title='bbox 510 1585 764 1647; x_wconf 84' lang='lat' dir='ltr'>novitquod</span> <span class='ocrx_word' id='word_1_185' title='bbox 784 1585 882 1629; x_wconf 89' lang='lat' dir='ltr'>dico</span> <span class='ocrx_word' id='word_1_186' title='bbox 896 1594 939 1629; x_wconf 89' lang='lat' dir='ltr'>et</span> <span class='ocrx_word' id='word_1_187' title='bbox 958 1584 1076 1628; x_wconf 90' lang='lat' dir='ltr'>videt</span> <span class='ocrx_word' id='word_1_188' title='bbox 1099 1584 1168 1628; x_wconf 88' lang='lat' dir='ltr'>hie</span> <span class='ocrx_word' id='word_1_189' title='bbox 1186 1620 1196 1638; x_wconf 97' lang='lat'>,</span> <span class='ocrx_word' id='word_1_190' title='bbox 1222 1584 1439 1643; x_wconf 81' lang='lat' dir='ltr'>agnoscit-</span> 
     </span>
     <span class='ocr_line' id='line_1_21' title="bbox 43 1655 1440 1719; baseline -0.004 -17"><span class='ocrx_word' id='word_1_191' title='bbox 43 1673 131 1719; x_wconf 92' lang='lat' dir='ltr'>que</span> <span class='ocrx_word' id='word_1_192' title='bbox 143 1657 264 1718; x_wconf 89' lang='lat' dir='ltr'>quod</span> <span class='ocrx_word' id='word_1_193' title='bbox 281 1657 447 1702; x_wconf 88' lang='lat' dir='ltr'>dictum</span> <span class='ocrx_word' id='word_1_194' title='bbox 462 1667 545 1701; x_wconf 87' lang='lat' dir='ltr'>est:</span> <span class='ocrx_word' id='word_1_195' title='bbox 567 1677 583 1697; x_wconf 88' lang='lat'>«</span> <span class='ocrx_word' id='word_1_196' title='bbox 605 1657 724 1702; x_wconf 84' lang='lat' dir='ltr'>Sicut</span> <span class='ocrx_word' id='word_1_197' title='bbox 736 1656 999 1715; x_wconf 85' lang='lat' dir='ltr'>proximum,</span> <span class='ocrx_word' id='word_1_198' title='bbox 1015 1656 1125 1699; x_wconf 87' lang='lat' dir='ltr'>sicut</span> <span class='ocrx_word' id='word_1_199' title='bbox 1142 1655 1322 1699; x_wconf 85' lang='lat' dir='ltr'>fratrem</span> <span class='ocrx_word' id='word_1_200' title='bbox 1339 1670 1440 1698; x_wconf 86' lang='lat' dir='ltr'>nos—</span> 
     </span>
     <span class='ocr_line' id='line_1_22' title="bbox 48 1725 1435 1788; baseline -0.003 -16"><span class='ocrx_word' id='word_1_201' title='bbox 48 1748 68 1772; x_wconf 77' lang='lat'><strong>»</strong></span> <span class='ocrx_word' id='word_1_202' title='bbox 88 1737 222 1784; x_wconf 90' lang='lat' dir='ltr'>trum,</span> <span class='ocrx_word' id='word_1_203' title='bbox 235 1728 293 1772; x_wconf 88' lang='lat' dir='ltr'>ita</span> <span class='ocrx_word' id='word_1_204' title='bbox 305 1728 648 1788; x_wconf 86' lang='lat' dir='ltr'>complacebam.</span> <span class='ocrx_word' id='word_1_205' title='bbox 662 1749 677 1766; x_wconf 48' lang='grc' dir='ltr'>ἱι</span> <span class='ocrx_word' id='word_1_206' title='bbox 688 1728 754 1772; x_wconf 89' lang='lat' dir='ltr'>Sic</span> <span class='ocrx_word' id='word_1_207' title='bbox 769 1727 884 1770; x_wconf 87' lang='lat' dir='ltr'>enim</span> <span class='ocrx_word' id='word_1_208' title='bbox 899 1735 1004 1770; x_wconf 88' lang='lat' dir='ltr'>tune</span> <span class='ocrx_word' id='word_1_209' title='bbox 1019 1726 1159 1769; x_wconf 86' lang='lat' dir='ltr'>anima</span> <span class='ocrx_word' id='word_1_210' title='bbox 1176 1725 1317 1785; x_wconf 87' lang='lat' dir='ltr'>placet</span> <span class='ocrx_word' id='word_1_211' title='bbox 1330 1728 1435 1779; x_wconf 90' lang='lat' dir='ltr'>Deo,</span> 
     </span>
     <span class='ocr_line' id='line_1_23' title="bbox 45 1796 1434 1859; baseline -0.005 -16"><span class='ocrx_word' id='word_1_212' title='bbox 45 1815 134 1844; x_wconf 92' lang='lat' dir='ltr'>non</span> <span class='ocrx_word' id='word_1_213' title='bbox 154 1798 285 1858; x_wconf 83' lang='lat' dir='ltr'>longe</span> <span class='ocrx_word' id='word_1_214' title='bbox 297 1799 434 1859; x_wconf 88' lang='lat' dir='ltr'>posita</span> <span class='ocrx_word' id='word_1_215' title='bbox 452 1817 462 1843; x_wconf 72' lang='grc' dir='ltr'><strong><em>ι</em></strong></span> <span class='ocrx_word' id='word_1_216' title='bbox 483 1817 499 1838; x_wconf 86' lang='grc'>«</span> <span class='ocrx_word' id='word_1_217' title='bbox 522 1802 573 1842; x_wconf 92' lang='lat' dir='ltr'>In</span> <span class='ocrx_word' id='word_1_218' title='bbox 590 1797 680 1853; x_wconf 87' lang='lat' dir='ltr'>illo,</span> <span class='ocrx_word' id='word_1_219' title='bbox 700 1797 859 1857; x_wconf 87' lang='lat' dir='ltr'>inquit,</span> <span class='ocrx_word' id='word_1_220' title='bbox 881 1812 1107 1841; x_wconf 87' lang='lat' dir='ltr'>movemur</span> <span class='ocrx_word' id='word_1_221' title='bbox 1127 1804 1170 1840; x_wconf 86' lang='lat' dir='ltr'>et</span> <span class='ocrx_word' id='word_1_222' title='bbox 1192 1796 1365 1840; x_wconf 76' lang='lat' dir='ltr'>sumus4</span> <span class='ocrx_word' id='word_1_223' title='bbox 1386 1814 1394 1841; x_wconf 90' lang='lat'>:</span> <span class='ocrx_word' id='word_1_224' title='bbox 1417 1815 1434 1836; x_wconf 67' lang='lat' dir='ltr'><strong><em>n</em></strong></span> 
     </span>
     <span class='ocr_line' id='line_1_24' title="bbox 45 1867 1440 1931; baseline -0.004 -17"><span class='ocrx_word' id='word_1_225' title='bbox 45 1870 167 1931; x_wconf 86' lang='lat' dir='ltr'>quasi</span> <span class='ocrx_word' id='word_1_226' title='bbox 206 1868 355 1925; x_wconf 84' lang='lat' dir='ltr'>fratri,</span> <span class='ocrx_word' id='word_1_227' title='bbox 390 1869 514 1930; x_wconf 86' lang='lat' dir='ltr'>quasi</span> <span class='ocrx_word' id='word_1_228' title='bbox 552 1870 826 1929; x_wconf 89' lang='lat' dir='ltr'>propinquo,</span> <span class='ocrx_word' id='word_1_229' title='bbox 867 1868 989 1928; x_wconf 84' lang='lat' dir='ltr'>quasi</span> <span class='ocrx_word' id='word_1_230' title='bbox 1024 1867 1178 1912; x_wconf 89' lang='lat' dir='ltr'>amico.</span> <span class='ocrx_word' id='word_1_231' title='bbox 1217 1868 1257 1912; x_wconf 87' lang='lat' dir='ltr'>Si</span> <span class='ocrx_word' id='word_1_232' title='bbox 1293 1876 1440 1910; x_wconf 87' lang='lat' dir='ltr'>autem</span> 
     </span>
     <span class='ocr_line' id='line_1_25' title="bbox 46 1937 1441 2000; baseline -0.004 -15"><span class='ocrx_word' id='word_1_233' title='bbox 46 1956 136 1987; x_wconf 92' lang='lat' dir='ltr'>non</span> <span class='ocrx_word' id='word_1_234' title='bbox 159 1949 224 1984; x_wconf 87' lang='lat' dir='ltr'>est</span> <span class='ocrx_word' id='word_1_235' title='bbox 243 1940 339 1985; x_wconf 86' lang='lat' dir='ltr'>talis</span> <span class='ocrx_word' id='word_1_236' title='bbox 354 1976 364 1996; x_wconf 96' lang='lat'>,</span> <span class='ocrx_word' id='word_1_237' title='bbox 391 1950 441 1984; x_wconf 87' lang='lat' dir='ltr'>ut</span> <span class='ocrx_word' id='word_1_238' title='bbox 462 1940 596 2000; x_wconf 87' lang='lat' dir='ltr'>possit</span> <span class='ocrx_word' id='word_1_239' title='bbox 623 1940 683 1984; x_wconf 88' lang='lat' dir='ltr'>sic</span> <span class='ocrx_word' id='word_1_240' title='bbox 708 1938 895 1998; x_wconf 86' lang='lat' dir='ltr'>gaudere</span> <span class='ocrx_word' id='word_1_241' title='bbox 910 1974 920 1993; x_wconf 92' lang='lat'>,</span> <span class='ocrx_word' id='word_1_242' title='bbox 945 1939 1006 1982; x_wconf 85' lang='lat' dir='ltr'>sic</span> <span class='ocrx_word' id='word_1_243' title='bbox 1036 1937 1223 1996; x_wconf 84' lang='lat' dir='ltr'>fulgere,</span> <span class='ocrx_word' id='word_1_244' title='bbox 1254 1938 1312 1981; x_wconf 83' lang='lat' dir='ltr'>sic</span> <span class='ocrx_word' id='word_1_245' title='bbox 1334 1952 1441 1997; x_wconf 86' lang='lat' dir='ltr'>pro-</span> 
     </span>
     <span class='ocr_line' id='line_1_26' title="bbox 45 2006 1441 2072; baseline -0.003 -17"><span class='ocrx_word' id='word_1_246' title='bbox 45 2012 275 2072; x_wconf 88' lang='lat' dir='ltr'>pinquare,</span> <span class='ocrx_word' id='word_1_247' title='bbox 291 2011 350 2055; x_wconf 89' lang='lat' dir='ltr'>sic</span> <span class='ocrx_word' id='word_1_248' title='bbox 368 2011 610 2065; x_wconf 86' lang='lat' dir='ltr'>adhaerere,</span> <span class='ocrx_word' id='word_1_249' title='bbox 627 2017 670 2054; x_wconf 86' lang='lat' dir='ltr'>et</span> <span class='ocrx_word' id='word_1_250' title='bbox 690 2007 811 2054; x_wconf 83' lang='lat' dir='ltr'>videt</span> <span class='ocrx_word' id='word_1_251' title='bbox 826 2008 955 2066; x_wconf 68' lang='lat' dir='ltr'>longe</span> <span class='ocrx_word' id='word_1_252' title='bbox 973 2024 1016 2052; x_wconf 88' lang='lat' dir='ltr'>se</span> <span class='ocrx_word' id='word_1_253' title='bbox 1033 2009 1151 2062; x_wconf 85' lang='lat' dir='ltr'>inde,</span> <span class='ocrx_word' id='word_1_254' title='bbox 1174 2006 1302 2052; x_wconf 83' lang='lat' dir='ltr'>faciat</span> <span class='ocrx_word' id='word_1_255' title='bbox 1321 2006 1441 2068; x_wconf 89' lang='lat' dir='ltr'>quod</span> 
     </span>
     <span class='ocr_line' id='line_1_27' title="bbox 47 2077 1441 2143; baseline -0.003 -16"><span class='ocrx_word' id='word_1_256' title='bbox 47 2082 244 2143; x_wconf 86' lang='lat' dir='ltr'>sequitur</span> <span class='ocrx_word' id='word_1_257' title='bbox 265 2101 275 2127; x_wconf 71' lang='grc' dir='ltr'>ε</span> <span class='ocrx_word' id='word_1_258' title='bbox 297 2100 314 2122; x_wconf 93' lang='lat'>«</span> <span class='ocrx_word' id='word_1_259' title='bbox 339 2084 562 2142; x_wconf 88' lang='lat' dir='ltr'>Tanquam</span> <span class='ocrx_word' id='word_1_260' title='bbox 586 2081 741 2140; x_wconf 85' lang='lat' dir='ltr'>lugens</span> <span class='ocrx_word' id='word_1_261' title='bbox 763 2089 805 2124; x_wconf 87' lang='lat' dir='ltr'>et</span> <span class='ocrx_word' id='word_1_262' title='bbox 827 2081 1127 2134; x_wconf 84' lang='lat' dir='ltr'>contristatus,</span> <span class='ocrx_word' id='word_1_263' title='bbox 1154 2080 1212 2123; x_wconf 86' lang='lat' dir='ltr'>ita</span> <span class='ocrx_word' id='word_1_264' title='bbox 1231 2077 1441 2123; x_wconf 84' lang='lat' dir='ltr'>humilia-</span> 
     </span>
     <span class='ocr_line' id='line_1_28' title="bbox 53 2150 1443 2211; baseline -0.002 -15"><span class='ocrx_word' id='word_1_265' title='bbox 53 2174 71 2196; x_wconf 87' lang='lat'>»</span> <span class='ocrx_word' id='word_1_266' title='bbox 108 2154 200 2198; x_wconf 87' lang='lat' dir='ltr'>bar.</span> <span class='ocrx_word' id='word_1_267' title='bbox 231 2156 290 2199; x_wconf 87' lang='lat' dir='ltr'>Ut</span> <span class='ocrx_word' id='word_1_268' title='bbox 309 2153 489 2197; x_wconf 87' lang='lat' dir='ltr'>fratrem</span> <span class='ocrx_word' id='word_1_269' title='bbox 513 2161 736 2207; x_wconf 87' lang='lat' dir='ltr'>nostrum,</span> <span class='ocrx_word' id='word_1_270' title='bbox 761 2152 821 2196; x_wconf 85' lang='lat' dir='ltr'>ita</span> <span class='ocrx_word' id='word_1_271' title='bbox 844 2151 1169 2211; x_wconf 80' lang='lat' dir='ltr'>complacebam</span> <span class='ocrx_word' id='word_1_272' title='bbox 1188 2187 1198 2205; x_wconf 93' lang='lat'>,</span> <span class='ocrx_word' id='word_1_273' title='bbox 1223 2171 1239 2192; x_wconf 87' lang='lat'>»</span> <span class='ocrx_word' id='word_1_274' title='bbox 1262 2150 1443 2209; x_wconf 84' lang='lat' dir='ltr'>propin-</span> 
     </span>
     <span class='ocr_line' id='line_1_29' title="bbox 49 2221 1438 2286; baseline -0.005 -17"><span class='ocrx_word' id='word_1_275' title='bbox 49 2223 325 2286; x_wconf 76' lang='lat' dir='ltr'>quansdixit.</span> <span class='ocrx_word' id='word_1_276' title='bbox 356 2243 374 2264; x_wconf 93' lang='lat'>«</span> <span class='ocrx_word' id='word_1_277' title='bbox 397 2226 454 2268; x_wconf 91' lang='lat' dir='ltr'>Ut</span> <span class='ocrx_word' id='word_1_278' title='bbox 470 2223 624 2282; x_wconf 85' lang='lat' dir='ltr'>lugens</span> <span class='ocrx_word' id='word_1_279' title='bbox 646 2232 690 2267; x_wconf 87' lang='lat' dir='ltr'>et</span> <span class='ocrx_word' id='word_1_280' title='bbox 711 2223 989 2267; x_wconf 85' lang='lat' dir='ltr'>contristatus</span> <span class='ocrx_word' id='word_1_281' title='bbox 1004 2258 1014 2276; x_wconf 94' lang='lat'>,</span> <span class='ocrx_word' id='word_1_282' title='bbox 1035 2222 1094 2266; x_wconf 87' lang='lat' dir='ltr'>sic</span> <span class='ocrx_word' id='word_1_283' title='bbox 1121 2221 1399 2275; x_wconf 80' lang='lat' dir='ltr'>humiliabar,</span> <span class='ocrx_word' id='word_1_284' title='bbox 1421 2241 1438 2261; x_wconf 66' lang='lat'>&gt;³</span> 
     </span>
     <span class='ocr_line' id='line_1_30' title="bbox 49 2291 1443 2355; baseline -0.004 -15"><span class='ocrx_word' id='word_1_285' title='bbox 49 2305 244 2340; x_wconf 89' lang='lat' dir='ltr'>remotus</span> <span class='ocrx_word' id='word_1_286' title='bbox 268 2305 312 2339; x_wconf 90' lang='lat' dir='ltr'>et</span> <span class='ocrx_word' id='word_1_287' title='bbox 326 2295 457 2354; x_wconf 84' lang='lat' dir='ltr'>longe</span> <span class='ocrx_word' id='word_1_288' title='bbox 478 2295 644 2355; x_wconf 85' lang='lat' dir='ltr'>positus</span> <span class='ocrx_word' id='word_1_289' title='bbox 663 2295 784 2339; x_wconf 80' lang='lat' dir='ltr'>dixit.</span> <span class='ocrx_word' id='word_1_290' title='bbox 807 2294 920 2348; x_wconf 84' lang='lat' dir='ltr'>Quid</span> <span class='ocrx_word' id='word_1_291' title='bbox 938 2294 1052 2337; x_wconf 83' lang='lat' dir='ltr'>enim</span> <span class='ocrx_word' id='word_1_292' title='bbox 1068 2294 1202 2351; x_wconf 78' lang='lat' dir='ltr'>luget,</span> <span class='ocrx_word' id='word_1_293' title='bbox 1218 2293 1298 2336; x_wconf 85' lang='lat' dir='ltr'>nisi</span> <span class='ocrx_word' id='word_1_294' title='bbox 1322 2291 1443 2352; x_wconf 86' lang='lat' dir='ltr'>quod</span> 
     </span>
     <span class='ocr_line' id='line_1_31' title="bbox 50 2363 1442 2424; baseline -0.004 -13"><span class='ocrx_word' id='word_1_295' title='bbox 50 2366 267 2411; x_wconf 87' lang='lat' dir='ltr'>desiderat</span> <span class='ocrx_word' id='word_1_296' title='bbox 293 2375 337 2410; x_wconf 88' lang='lat' dir='ltr'>et</span> <span class='ocrx_word' id='word_1_297' title='bbox 361 2381 450 2410; x_wconf 90' lang='lat' dir='ltr'>non</span> <span class='ocrx_word' id='word_1_298' title='bbox 471 2366 634 2410; x_wconf 79' lang='lat' dir='ltr'>habet?</span> <span class='ocrx_word' id='word_1_299' title='bbox 656 2369 713 2410; x_wconf 88' lang='lat' dir='ltr'>Et</span> <span class='ocrx_word' id='word_1_300' title='bbox 734 2380 1053 2424; x_wconf 81' lang='lat' dir='ltr'>nonnunquam</span> <span class='ocrx_word' id='word_1_301' title='bbox 1078 2364 1123 2406; x_wconf 87' lang='lat' dir='ltr'>in</span> <span class='ocrx_word' id='word_1_302' title='bbox 1152 2379 1242 2407; x_wconf 82' lang='lat' dir='ltr'>uno</span> <span class='ocrx_word' id='word_1_303' title='bbox 1265 2363 1442 2407; x_wconf 85' lang='lat' dir='ltr'>homine</span> 
     </span>
     <span class='ocr_line' id='line_1_32' title="bbox 49 2434 1442 2498; baseline -0.004 -16"><span class='ocrx_word' id='word_1_304' title='bbox 49 2447 288 2498; x_wconf 89' lang='lat' dir='ltr'>utrumque</span> <span class='ocrx_word' id='word_1_305' title='bbox 300 2437 530 2496; x_wconf 88' lang='lat' dir='ltr'>contingit,</span> <span class='ocrx_word' id='word_1_306' title='bbox 542 2446 593 2481; x_wconf 88' lang='lat' dir='ltr'>ut</span> <span class='ocrx_word' id='word_1_307' title='bbox 604 2436 840 2498; x_wconf 87' lang='lat' dir='ltr'>aliquando</span> <span class='ocrx_word' id='word_1_308' title='bbox 854 2436 1135 2496; x_wconf 86' lang='lat' dir='ltr'>propinquet,</span> <span class='ocrx_word' id='word_1_309' title='bbox 1147 2443 1190 2478; x_wconf 88' lang='lat' dir='ltr'>et</span> <span class='ocrx_word' id='word_1_310' title='bbox 1206 2434 1442 2494; x_wconf 86' lang='lat' dir='ltr'>aliquando</span> 
     </span>
    </p>
   </div>
   <div class='ocr_carea' id='block_1_3' title="bbox 53 2529 1441 2630">
    <p class='ocr_par' dir='ltr' id='par_1_3' title="bbox 53 2529 1441 2630">
     <span class='ocr_line' id='line_1_33' title="bbox 99 2529 1441 2576; baseline -0.004 -9"><span class='ocrx_word' id='word_1_311' title='bbox 99 2541 109 2557; x_wconf 84' lang='lat'><em>¹</em></span> <span class='ocrx_word' id='word_1_312' title='bbox 130 2542 151 2567; x_wconf 81' lang='lat'><em>2</em></span> <span class='ocrx_word' id='word_1_313' title='bbox 175 2536 248 2566; x_wconf 86' lang='lat' dir='ltr'>Cor.</span> <span class='ocrx_word' id='word_1_314' title='bbox 267 2545 311 2575; x_wconf 84' lang='lat' dir='ltr'>v,</span> <span class='ocrx_word' id='word_1_315' title='bbox 334 2544 387 2576; x_wconf 85' lang='lat'>19·</span> <span class='ocrx_word' id='word_1_316' title='bbox 413 2550 456 2557; x_wconf 97' lang='lat'><strong>—</strong></span> <span class='ocrx_word' id='word_1_317' title='bbox 475 2541 489 2557; x_wconf 84' lang='lat'>²</span> <span class='ocrx_word' id='word_1_318' title='bbox 517 2536 610 2567; x_wconf 77' lang='lat' dir='ltr'>Joan.</span> <span class='ocrx_word' id='word_1_319' title='bbox 639 2545 715 2575; x_wconf 81' lang='lat' dir='ltr'>xiv,</span> <span class='ocrx_word' id='word_1_320' title='bbox 749 2545 800 2566; x_wconf 88' lang='lat'>10.</span> <span class='ocrx_word' id='word_1_321' title='bbox 830 2549 872 2555; x_wconf 84' lang='lat'>—-</span> <span class='ocrx_word' id='word_1_322' title='bbox 900 2531 913 2556; x_wconf 83' lang='lat'><em>3</em></span> <span class='ocrx_word' id='word_1_323' title='bbox 938 2532 1018 2564; x_wconf 80' lang='lat' dir='ltr'>Psal.</span> <span class='ocrx_word' id='word_1_324' title='bbox 1038 2541 1159 2574; x_wconf 78' lang='lat' dir='ltr'>xxxiv,</span> <span class='ocrx_word' id='word_1_325' title='bbox 1181 2530 1232 2572; x_wconf 68' lang='lat'>14.</span> <span class='ocrx_word' id='word_1_326' title='bbox 1259 2548 1293 2555; x_wconf 75' lang='lat'>—‹</span> <span class='ocrx_word' id='word_1_327' title='bbox 1331 2529 1348 2560; x_wconf 79' lang='lat' dir='ltr'>l,</span> <span class='ocrx_word' id='word_1_328' title='bbox 1367 2533 1441 2563; x_wconf 80' lang='lat' dir='ltr'>Act.</span> 
     </span>
     <span class='ocr_line' id='line_1_34' title="bbox 53 2585 264 2630; baseline -0.005 -8"><span class='ocrx_word' id='word_1_329' title='bbox 53 2600 139 2630; x_wconf 80' lang='lat' dir='ltr'>xvii,</span> <span class='ocrx_word' id='word_1_330' title='bbox 166 2589 222 2621; x_wconf 83' lang='lat'>28.</span> <span class='ocrx_word' id='word_1_331' title='bbox 260 2585 264 2589; x_wconf 81' lang='lat'>&#39;</span> 
     </span>
    </p>
   </div>
  </div>
 </body>
</html>
