1841 3223
394 229 635 260 ENARRATIO
667 233 712 260 m
744 230 947 259 PsALMuM
979 232 1099 259 xmx.
1339 218 1423 259 415

40 297 229 357 Angelos
261 295 505 356 deputandi
540 306 669 341 erunt
690 296 784 352 illi,
810 297 886 357 qui
907 305 997 341 tam
1021 295 1201 356 perfecti
1231 293 1445 351 fuerint,-

41 377 91 412 ut
111 366 308 411 sedentes
330 382 458 425 super
479 366 712 410 duodecim
735 366 854 410 sedes
871 366 1072 426 judicent
1091 364 1324 411 duodecim
1348 365 1426 409 tri-

41 437 124 482 bus
141 437 286 481 Israe'l.
307 437 482 481 Etenim
505 437 703 480 homines
730 436 836 479 dieti
863 446 966 480 sunt
981 435 1137 495 Ange-li
1159 455 1166 480 τ
1193 435 1428 495 Apostolus

41 507 97 552 de
128 523 172 553 se
189 506 295 553 dicit
327 525 336 551 :
365 524 385 548 «
418 506 539 552 Sicut
555 506 770 564 Angelum
794 507 889 562 Dei·
908 507 1150 566 suscepistis
1173 509 1286 551 me1.
1314 525 1334 548 »
1367 510 1429 551 De

41 580 210 623 Joanne
245 577 437 636 Baptista
466 577 625 622 dieitur
655 595 664 621 :
702 595 722 619 «
752 579 864 621 Eece
888 577 1014 621 mitto
1039 577 1255 636 Angelum
1284 593 1430 622 meum

46 667 66 692 »
88 658 188 694 ante
210 647 366 693 faeiem
384 657 522 703 tuam,
540 648 615 709 qui
633 648 896 708 praeparabit
912 648 1027 693 viam
1050 658 1171 692 tuam
1189 658 1290 693 ante
1313 653 1426 693 te2.»

42 722 159 778 Ergo
181 733 283 763 eum
304 719 507 762 omnibus
525 717 701 777 Angelis
718 718 911 768 veniens,
937 718 1065 762 simul
1082 734 1226 763 secum
1250 719 1432 764 habebit

43 798 87 834 et
106 797 290 833 sanctos.
316 792 476 848 Aperte
499 789 615 832 enim
636 789 742 832 dicit
765 797 808 832 et
830 791 962 832 Isai‘as
977 825 987 843 ,
1017 808 1037 830 «
1063 789 1218 833 Veniet
1241 789 1294 833 ad
1311 789 1432 849 judi-

45 877 66 901 »
102 859 218 903 cium
241 874 343 903 eum
370 858 611 902 senioribus
632 858 785 918 populi
803 859 835 901 ³.
864 877 884 900 »
913 859 987 903 Isti
1011 874 1112 916 ergo
1141 860 1328 904 seniores
1350 875 1432 919 po-

42 928 164 989 puli,
185 929 253 973 isti
268 930 360 989 jam
377 928 534 987 Angeli
555 929 768 974 nominati
788 965 798 984 ,
823 929 904 973 ista
926 928 1057 973 millia
1076 929 1315 975 multorum
1339 947 1434 990 per-

42 999 259 1044 fectorum
277 1000 332 1043 de
351 1009 444 1044 toto
471 999 577 1043 orbe
596 1000 887 1058 venientium,
912 1000 1077 1044 eoelum
1098 1010 1324 1045 vocantur.
1354 1001 1434 1046 Illa

42 1085 146 1115 vero
166 1079 276 1114 terra
293 1105 304 1125 ‚
325 1070 401 1114 sed
421 1068 659 1114 fructuosa.
682 1073 790 1123 Quae
807 1080 920 1115 terra
942 1069 1196 1115 fructuosa?
1213 1074 1263 1115 In
1285 1073 1434 1116 dextra

43 1139 274 1199 ponenda,
302 1139 373 1184 eui
395 1139 594 1184 dicetur:
625 1158 644 1180 «
677 1140 845 1184 Esurivi
864 1175 874 1195 ‚
901 1148 944 1183 et
966 1139 1142 1185 dedistis
1174 1141 1282 1185 mihi
1309 1157 1434 1186 man-

45 1227 67 1251 »
102 1209 292 1257 dueare4
320 1229 329 1254 ;
357 1227 377 1251 »
410 1225 511 1254 vere
539 1219 651 1253 terra
681 1209 903 1254 fructuosa
920 1246 930 1265 ‚
962 1211 1033 1255 eui
1065 1211 1225 1269 gaudet
1248 1215 1434 1272 Aposto-

43 1279 131 1334 lus,
154 1279 333 1340 quando
354 1280 394 1324 ei
415 1280 625 1324 miserunt
648 1279 703 1323 ad
725 1281 997 1324 necessitates
1013 1282 1105 1341 ejus
1127 1301 1136 1326 ε
1167 1301 1186 1323 «
1212 1285 1310 1327 Non
1332 1283 1434 1344 quia

47 1368 67 1392 »
103 1366 253 1410 quaero
276 1350 453 1405 datum,
483 1350 654 1410 inquit,
681 1350 755 1394 sed
780 1351 954 1410 requiro
985 1349 1193 1396 fructum.
1218 1371 1237 1394 »
1260 1356 1316 1397 Et
1338 1368 1434 1411 gra-

44 1421 123 1469 tias
147 1421 258 1478 agit,
285 1420 434 1465 dicens
460 1441 469 1466 2
499 1441 518 1464 «
548 1421 659 1474 Quia
683 1422 860 1466 tandem
883 1421 1119 1482 aliquando
1142 1423 1435 1483 repullulastis

47 1510 68 1533 »
103 1507 180 1551 pro
197 1507 267 1536 me
284 1507 432 1551 sapere
447 1494 477 1535 ⁵.
499 1511 519 1533 »
539 1491 866 1551 Repullulastis‚
894 1502 944 1537 ut
967 1509 1045 1552 pro
1064 1494 1292 1539 arboribus
1308 1495 1430 1550 dicit,

44 1577 144 1621 quae
173 1562 397 1606 sterilitate
425 1562 615 1623 quadam
649 1572 920 1608 exaruerant.
959 1564 1146 1608 Veniens
1182 1566 1329 1626 itaque
1351 1569 1436 1610 Do-

44 1632 188 1676 minus
204 1631 261 1676 ad
276 1632 490 1692 judicium
507 1668 517 1687 ‚
542 1642 593 1676 ut
607 1634 697 1693 jam
722 1633 964 1689 Psalmum,
985 1633 1160 1690 fratres,
1182 1636 1432 1692 audiamus,

45 1702 153 1762 quid
173 1701 367 1747 facturus
389 1705 482 1747 est?
508 1722 528 1744 κ(
554 1703 798 1748 Advoeabit
815 1704 977 1749 eoelum
1001 1721 1188 1750 sursum.
1214 1725 1233 1747 »
1259 1706 1434 1751 Coelum

45 1788 194 1818 omnes
231 1783 401 1818 sanctos
422 1772 636 1833 perfectos
658 1774 930 1834 judjcaturos
946 1811 956 1830 ‚
988 1776 1219 1821 advocabit
1241 1793 1314 1821 eos
1336 1794 1434 1821 sur-

44 1859 140 1888 sum
153 1879 163 1899 ,
188 1859 369 1888 sessores
386 1860 531 1889 secum
548 1844 819 1905 judicaturos
837 1845 1069 1891 duodecim
1089 1848 1228 1893 tribus
1253 1848 1383 1893 lsrael
1399 1850 1431 1892 ⁰.

45 1916 277 1967 Quomodo
295 1916 411 1957 enim
433 1932 453 1955 «
476 1916 722 1957 Advoeabit
743 1917 905 1957 coelum
929 1935 1126 1972 sursum,
1156 1938 1176 1958 »
1197 1936 1298 1961 cum
1322 1933 1436 1962 sem-

44 1999 123 2044 per
149 1999 318 2030 sursum
340 1983 394 2027 sit
428 1981 620 2027 eoelum?
645 1983 730 2028 Sed
751 1999 860 2043 quos
883 1984 952 2028 hic
984 1985 1147 2030 eoelum
1171 1986 1277 2032 dicit
1294 2023 1304 2043 ‚
1337 2003 1435 2032 eos-

45 2053 143 2099 dem
168 2053 303 2101 coelos
331 2053 437 2097 alibi
459 2052 663 2113 appellat.
685 2055 803 2106 Quos
825 2054 990 2099 coelos?
1013 2056 1098 2109 Qui
1120 2068 1322 2102 enarrant
1343 2058 1436 2116 glo-

45 2125 154 2169 riam
170 2124 262 2168 Dei.
295 2143 314 2166 «
339 2123 450 2169 Coeli
467 2123 583 2167 enim
605 2133 809 2168 enarrant
831 2124 1013 2183 gloriam
1030 2126 1131 2170 Dei:
1152 2145 1172 2168 »
1198 2127 1252 2171 de
1274 2129 1436 2188 quibus

45 2196 205 2244 dieitur
226 2214 234 2240 :
260 2214 280 2237 «
297 2198 349 2239 In
365 2210 539 2241 omnem
562 2203 721 2239 terram
745 2196 848 2239 exiit
862 2212 992 2240 sonus
1012 2213 1180 2253 eorum,
1202 2208 1246 2242 et
1265 2199 1311 2242 in
1328 2200 1436 2245 fines

49 2284 70 2316 3)
106 2266 221 2310 orbis
247 2275 369 2310 terrae
390 2265 521 2309 verba
539 2281 689 2309 eorum
701 2267 731 2309 ⁷.
756 2284 776 2307 »
803 2266 957 2311 Videte
975 2268 1090 2312 enim
1116 2267 1434 2315 discernentem

46 2337 284 2385 Dominum
304 2336 349 2380 in
364 2335 530 2396 judicio
553 2355 562 2380 :
587 2355 607 2378 «
623 2335 865 2381 Advoeabit
881 2338 1042 2382 eoelum
1066 2354 1254 2395 sursum,
1279 2350 1324 2385 et
1344 2351 1434 2385 ter-

95 2459 104 2475 ¹
125 2451 194 2485 Gal.
214 2464 263 2494 ιν,
286 2451 337 2495 14.
363 2469 403 2475 —-
422 2459 436 2475 ²
461 2452 595 2485 Malaeh.
617 2464 668 2494 111,
696 2465 708 2485 1
729 2458 763 2486 et
779 2453 893 2486 Matth.
915 2467 960 2497 xx,
986 2467 1037 2489 ιο.
1060 2472 1102 2478 -—
1122 2454 1135 2479 3
1160 2458 1231 2489 lsai.
1252 2468 1298 2500 ιιι,
1322 2457 1372 2501 ι4.
1393 2477 1435 2483 -

48 2506 66 2538 4
81 2508 195 2541 Matth.
216 2519 294 2550 xxv,
314 2508 367 2542 35.
389 2525 430 2531 -
447 2506 463 2532 5
480 2509 593 2552 Philip.
615 2520 664 2551 ιν,
683 2520 722 2543 10
739 2514 774 2542 et
795 2521 848 2552 ¹7·
868 2527 910 2533 --
928 2509 944 2534 6
962 2511 1074 2544 Matth.
1097 2523 1163 2555 xix,
1181 2515 1235 2546 28.
1258 2530 1299 2536 —
1318 2521 1332 2547 7
1354 2515 1432 2549 Psal.

50 2574 150 2605 xvm,
173 2562 252 2596 2-5.
