1841 3223
371 263 610 293 ENAnnATm
643 265 688 292 IN
722 260 923 292 PsALMUM
957 262 1096 290 xxx1x.
1336 252 1420 290 209

41 328 100 372 ait
125 328 398 387 Evangelista
430 349 439 374 ε
468 349 487 372 «
507 329 827 374 Maledixerunt
848 329 885 372 ei
911 329 1100 372 dieentes
1128 346 1136 371 :
1164 329 1229 371 Tu
1257 327 1311 371 sis
1333 327 1422 370 dis-

43 416 64 439 »
99 397 268 457 cipulus
295 399 427 458 ejus¹.
447 417 468 440 »
509 398 598 442 Illis
623 398 1004 452 maledicentibus,
1040 396 1250 441 Dominus
1284 397 1423 440 bene-

40 467 147 512 dixit
174 487 183 512 :
204 468 306 512 iecit
322 467 442 528 quod
462 467 526 512 illi
548 468 775 523 dixerunt,
800 467 1000 511 retribuit
1028 476 1172 511 autem
1192 467 1274 511 illis
1303 466 1424 527 quod

39 537 369 582 maledixerunt.
408 557 430 581 «
458 540 778 583 Convertamur
808 547 1044 582 retrorsum
1068 572 1079 592 ‚
1114 547 1158 582 et
1193 552 1425 582 reverean-

42 626 75 649 »-
99 617 192 663 tur,
232 608 308 668 qui
346 606 502 653 volunt
532 608 640 652 mihi
673 607 798 652 mala.
828 626 848 649 »
893 610 1003 652 Sunt
1043 616 1189 651 autem
1229 608 1303 651 alii
1334 621 1426 652 non

39 678 146 723 boni
176 678 252 739 qui
280 678 394 723 bona
419 679 597 734 volunt,
633 688 677 723 et
708 679 785 738 ipsi
817 677 1014 723 cavendi.
1049 677 1277 730 Quomodo
1308 678 1426 721 enim

40 749 103 794 illi
126 748 412 804 maledicunt,
439 759 482 794 et
505 749 657 794 dicunt
679 749 795 793 bona
814 758 957 793 nostra
976 783 986 803 ,
1008 747 1082 792 sed
1107 748 1222 792 malo
1243 747 1387 791 animo
1414 766 1423 791 :

40 820 99 864 sic
120 818 248 865 multi
268 819 380 863 mala
401 829 546 865 nostra
567 820 685 864 bono
707 819 868 864 animo.
896 822 988 863 Hoc
1008 817 1106 862 dieo
1131 837 1139 863 :
1164 818 1245 871 Qui
1270 817 1428 861 dixerit

41 890 139 945 tibi,
167 893 232 934 Tu
256 890 310 934 sis
331 890 622 945 Christianus,
647 890 811 935 bonum
842 899 969 933 tuum
989 888 1095 932 dicit
1117 887 1231 932 malo
1247 887 1391 931 animo
1414 905 1424 931 :

40 960 117 1020 qui
149 970 294 1005 autem
321 960 474 1005 dixerit
502 961 581 1004 tibi
604 961 662 1005 ita
690 976 698 1002 :
727 964 786 1004 Te
808 959 961 1004 melior
982 974 1141 1016 nenio3
1175 958 1207 1002 si
1236 958 1282 1001 in
1302 957 1428 1002 saetis

40 1029 178 1086 malis,
199 1031 405 1091 quoniam
419 1029 622 1074 laudatur
634 1039 837 1090 peccator
850 1031 895 1073 in
913 1028 1132 1073 desideriis
1146 1028 1300 1072 animae
1318 1043 1425 1083 suae,

42 1102 180 1162 etqui
210 1102 358 1163 iniqua
383 1103 489 1160 gerit
511 1101 837 1153 benedicitur2;
863 1100 973 1145 mala
998 1110 1070 1144 tua
1101 1099 1208 1143 dicit
1227 1098 1424 1142 laudans.

41 1172 274 1225 Quomodo
300 1172 373 1217 ille
392 1173 506 1217 bona
533 1182 606 1217 tua
631 1172 804 1217 dicebat
824 1171 1107 1225 maledicens,
1135 1171 1194 1214 sie
1215 1171 1291 1214 iste
1314 1169 1429 1214 mala

42 1251 115 1287 tua
137 1242 399 1287 benedicens
421 1262 430 1287 ε
456 1242 531 1287 sed
547 1252 784 1302 utrumque
807 1257 941 1300 genus
959 1241 1092 1285 hostis
1108 1238 1231 1298 fuge,
1257 1250 1431 1284 utrum-

41 1328 128 1373 que
155 1329 272 1359 cave.
304 1312 382 1357 Ille
409 1314 563 1369 saevit,
582 1314 660 1358 iste
685 1312 933 1369 blanditur,
954 1320 1137 1370 uterque
1156 1310 1294 1354 malus
1322 1330 1329 1354 :
1356 1309 1430 1353 ille

40 1384 273 1428 iracundus
295 1393 378 1439 est,
405 1393 447 1428 et
468 1384 547 1427 iste
569 1383 614 1426 in
631 1381 761 1427 laude
785 1381 994 1426 subdolus
1013 1402 1023 1438 3
1048 1380 1121 1423 ille
1144 1381 1430 1439 reprehensor

41 1461 128 1509 est,
159 1454 238 1498 iste
266 1453 468 1498 laudator
501 1472 510 1497 z
542 1452 618 1497 sed
641 1462 684 1496 et
705 1451 777 1496 ille
805 1453 848 1495 in
872 1450 1207 1510 reprehensione
1230 1449 1431 1493 inimicus

41 1533 124 1580 est,
165 1533 209 1569 et
241 1524 314 1568 ille
346 1524 392 1568 111
419 1524 550 1569 laude
585 1523 811 1568 subdolus.
841 1525 955 1567 Cave
989 1530 1250 1580 utrumque,
1278 1529 1431 1565 eontra

41 1604 279 1656 utrumque
300 1611 390 1640 ora.
425 1594 511 1648 Qui
538 1595 653 1639 enim
676 1594 814 1638 oravit
840 1612 848 1637 2
886 1594 1248 1636 «Convertuntur
1266 1601 1430 1635 retror-

40 1683 60 1707 )›
96 1681 215 1720 sum,
253 1673 297 1709 et
326 1663 656 1709 confundantur
681 1663 758 1722 qui
793 1661 949 1706 volunt
980 1661 1086 1704 mihi
1116 1661 1229 1705 mala
1255 1677 1263 1701 :
1288 1680 1308 1703 »
1335 1678 1426 1706 res-

37 1735 157 1794 pexit
186 1734 242 1778 ad
264 1734 384 1778 aliud
409 1749 544 1792 genus
579 1731 728 1777 dolose
751 1730 1014 1775 malevolum
1029 1765 1040 1785 ,
1065 1739 1108 1774 et
1129 1729 1237 1774 falso
1254 1731 1431 1774 benedi-

39 1819 139 1848 cum
165 1822 174 1848 :
204 1822 220 1843 «
241 1806 401 1847 Ferant
422 1800 651 1846 confestim
673 1800 974 1845 confusionem
997 1814 1118 1843 suam
1141 1834 1151 1854 ,
1177 1799 1252 1859 qui
1275 1799 1430 1844 dicunt

44 1894 62 1917 »
97 1874 227 1929 mihi,
253 1876 399 1933 Euge,
426 1872 560 1932 euge!
593 1891 609 1913 »
646 1871 848 1915 Laudant
870 1869 978 1913 falso
995 1904 1006 1925 ,
1033 1872 1218 1928 Magnus
1241 1870 1320 1925 vir,
1348 1870 1430 1914 bo-

39 1960 121 1990 nus
134 1944 216 2000 vir,
237 1944 451 1989 litteratus
467 1979 477 1999 ,
504 1942 679 1997 doctus,
702 1941 776 1986 sed
794 1956 929 2002 quare
950 1940 1251 1985 Christianus?
1269 1943 1331 1984 Ea
1353 1950 1431 1985 tua

39 2015 246 2071 laudant,
282 2031 381 2075 quae
407 2013 545 2059 nolles
572 2011 742 2057 laudari
777 2031 785 2056 :
823 2011 934 2055 illud
963 2010 1289 2071 reprehendunt
1309 2012 1431 2055 unde

42 2087 216 2146 gaudes.
246 2085 330 2131 Sed
358 2085 391 2129 si
419 2085 532 2130 forte
554 2084 659 2129 dieis
680 2103 689 2128 ε
716 2083 828 2137 Quid
849 2083 893 2126 111
916 2098 986 2127 me
1007 2082 1159 2126 laudas
1174 2117 1184 2137 ,
1214 2098 1239 2127 0
1265 2083 1397 2127 homo
1413 2117 1426 2139 ,

41 2157 143 2218 quia
162 2157 229 2202 vir
243 2155 385 2200 bonus
401 2190 412 2210 ,
433 2155 534 2215 quia
553 2154 619 2199 vir
632 2155 774 2214 justus
794 2154 918 2197 sum?
943 2153 985 2197 Si
1003 2154 1085 2197 hoe
1107 2162 1254 2212 putas,
1281 2154 1430 2198 Chris-

42 2236 111 2271 tus
140 2242 208 2271 me
244 2227 328 2271 1100
358 2224 486 2281 feeit,
512 2226 655 2285 ipsum
678 2224 823 2269 lauda.
851 2227 908 2268 At
929 2223 1002 2267 ille
1028 2244 1037 2268 2
1062 2224 1185 2268 Absit
1206 2259 1216 2279 ,
1241 2223 1331 2268 noli
1351 2224 1431 2269 tibi

41 2298 242 2358 injuriam
265 2296 421 2353 faeere,
446 2305 550 2342 tute
577 2297 666 2355 ipse
691 2294 820 2339 talem
850 2294 1004 2338 fecisti.
1038 2293 1426 2351 «Confundantur,

0 2401 1 2406 ,
45 2386 66 2409 »
101 2368 177 2429 qui
219 2367 372 2412 dieunt
407 2367 538 2421 mihi,
583 2369 728 2424 Euge,
761 2363 891 2423 euge!
926 2384 943 2405 »
985 2366 1042 2407 Et
1068 2363 1175 2423 quid
1208 2365 1431 2424 sequitur?

0 2469 1 2472 η
48 2456 66 2478 «
101 2436 310 2482 Exultent
331 2446 373 2481 et
390 2435 693 2497 jucundentur
717 2450 889 2489 omnes,
915 2433 990 2493 qui
1015 2442 1057 2477 te
1079 2443 1310 2493 quaerunt,
1338 2437 1429 2479 Do-

0 2566 1 2570 *
47 2526 67 2550 >›
103 2508 260 2552 11111103.
287 2528 304 2550 »
329 2511 427 2554 Νο11
444 2515 650 2568 quaerunt
664 2521 756 2562 me,
774 2504 848 2549 sed
871 2512 1074 2564 quaerunt
1093 2512 1134 2547 te
1152 2522 1160 2548 ε
1179 2519 1270 2548 11011
1290 2504 1395 2549 1111111
1413 2539 1424 2561 ,

93 2595 212 2625 'Joau
239 2602 285 2634 ix,
301 2600 357 2635 27,
377 2592 431 2627 28.
453 2607 493 2615 —-
520 2598 532 2615 ²
553 2591 632 2624 Psat.
648 2601 682 2632 x,
703 2590 734 2623 3.
757 2606 799 2612 ·-—
818 2587 831 2613 3
850 2589 897 2621 Id.
916 2599 1022 2629 xxxix,
1046 2595 1092 2622 17.

259 2658 362 2689 cxv.
884 2667 889 2671 -
1220 2645 1269 2684 14
