1841 3223
1426 195 1451 207 μ

253 208 494 240 ENARRATIO
525 212 542 238 1
573 212 619 239 IN
650 211 853 240 PsALMUM
884 209 1012 237 xxx1v
1031 225 1042 246 7
1077 206 1203 235 SERM.
1241 209 1270 233 Ι.
1431 206 1446 232 l

68 274 268 335 injuriam
284 309 296 330 ‚
319 284 395 319 aut
415 276 490 335 qui
506 275 601 319 vult
622 276 792 320 auferre
815 291 880 320 res
902 284 996 319 tuas
1013 309 1023 328 ‚
1049 281 1122 317 aut
1145 281 1297 316 contra
1318 286 1452 331 quem

66 344 276 404 praedicas
304 345 552 401 veritatem,
587 355 662 390 aut
689 348 811 406 cujus
841 354 1070 405 peccatum.
1106 343 1310 403 objurgas
1328 377 1338 396 ‚
1378 350 1455 385 aut

65 431 198 476 quem
221 415 334 460 male
353 416 574 461 viventem
594 417 706 462 bene
721 415 910 462 vivendo
927 414 1063 459 laedis.
1082 417 1193 459 Sunt
1214 412 1393 474 quidem
1410 421 1456 456 et

65 486 136 531 isti
163 486 326 531 inimici
355 488 511 542 nostri,
537 498 580 533 et
601 496 923 550 persequuntur
946 502 1024 530 nos
1046 505 1055 530 ι
1083 484 1159 529 sed
1181 483 1284 529 alios
1318 484 1465 528 doce?

66 571 166 602 mur
186 558 384 603 inimicos
405 573 552 615 nosse,
569 569 720 605 contra
742 575 852 620 quos
868 556 1145 602 invisibiliter
1171 555 1426 600 dimicamus
1439 589 1452 610 ‚

66 627 122 673 de
140 628 301 689 quibus
323 644 401 673 nos
425 628 631 674 admonet
652 629 885 690 Apostolus
904 628 1052 673 dicens
1076 646 1085 671 ι
1111 646 1131 669 α
1161 628 1261 672 Non
1283 635 1348 670 est
1369 641 1453 670 no-

67 716 90 741 »
124 698 190 743 bis
211 697 462 744 colluctatio
480 699 683 745 adversus
706 715 880 745 carnem
899 708 943 743 et
964 697 1219 756 sanguinem
1233 731 1245 751 ‚
1259 714 1279 737 »
1304 695 1349 740 id
1372 705 1452 751 est,

66 767 268 814 adversus
287 769 511 828 homines3
530 787 620 815 non
636 771 841 816 adversus
858 785 930 814 eos
957 784 1066 829 quos
1088 766 1242 811 videtis
1254 801 1265 822 ,
1286 765 1362 810 sed
1378 766 1457 810 ad-

63 854 211 885 versus
234 855 307 884 eos
328 855 438 901 quos
460 856 550 885 non
571 840 726 886 videtis
750 860 759 887 :
787 861 808 885 «
834 839 1050 886 Adversus
1072 837 1289 898 principes
1308 846 1351 880 et
1371 852 1456 897 po-

66 927 87 952 »
123 918 297 955 testates
318 920 362 955 et
382 920 570 955 rectores
587 911 757 966 mundi,
782 911 1062 955 tenebrarum
1080 909 1236 952 harum
1252 909 1281 951 ¹.
1303 909 1454 952 »Cum

64 981 227 1027 diceret
243 982 360 1026 enim
381 991 568 1027 rectores
590 982 767 1038 mundi,
793 982 999 1040 (dicebat
1021 981 1183 1041 quippe
1205 978 1260 1023 de
1278 978 1455 1023 diabolo

63 1061 108 1096 et
124 1050 287 1111 angelis
309 1053 400 1113 ejus
416 1088 428 1109 ‚
443 1055 461 1112 )
477 1053 723 1098 cavendum
745 1063 836 1098 erat
857 1068 911 1096 ne
933 1051 1046 1095 male
1064 1049 1355 1108 intelligerent
1376 1049 1455 1093 ho-

61 1123 216 1178 mines,
233 1132 278 1168 et
291 1133 497 1184 putarent
518 1140 542 1169 a
564 1124 741 1169 diabolo
763 1133 806 1169 et
827 1122 1102 1169 daemonibus
1118 1122 1210 1182 ejus
1235 1120 1454 1165 mundum

61 1193 168 1253 regi.
197 1193 282 1239 Sed
313 1195 417 1255 quia
447 1193 640 1239 mundus
667 1194 828 1239 dicitur
861 1194 955 1238 haec
979 1191 1144 1237 fabrica
1165 1206 1298 1252 quam
1327 1190 1455 1236 vide-

61 1279 180 1320 muS‚
215 1274 260 1310 et
287 1264 335 1309 in
366 1265 669 1325 peccatoribus
697 1264 857 1309 dicitur
893 1263 1113 1318 mundus,
1149 1271 1193 1306 et
1220 1262 1265 1306 in
1294 1261 1354 1305 eis
1376 1261 1454 1320 qui

61 1333 254 1393 diligunt
271 1334 511 1391 mundum,
545 1335 600 1380 de
622 1336 784 1397 quibus
806 1335 971 1379 dictum
996 1343 1062 1378 est
1091 1352 1100 1379 z
1129 1351 1149 1375 α
1172 1335 1231 1378 Et
1259 1330 1454 1375 mundus

62 1422 84 1446 »
119 1419 222 1449 eum
243 1421 334 1450 non
355 1406 562 1465 cognovit
578 1410 596 1433 ²
617 1425 627 1451 :
650 1424 670 1447 n
692 1413 736 1450 et
757 1405 812 1450 de
834 1405 994 1465 quibus
1017 1403 1184 1448 dictum
1206 1411 1270 1446 est
1291 1421 1300 1447 2
1326 1421 1346 1444 «
1370 1405 1457 1446 Το-

62 1491 85 1518 »
118 1483 189 1520 tus
206 1477 398 1521 mundus
418 1477 465 1520 in
488 1476 680 1535 maligno
708 1476 872 1536 positus
894 1476 985 1518 est³
1007 1493 1016 1519 :
1044 1493 1064 1516 »
1090 1473 1288 1533 exposuit
1309 1476 1454 1532 Apos-

58 1544 176 1590 tolus
196 1547 320 1606 qu'us
345 1545 500 1591 mundi
521 1555 663 1590 essent
679 1555 866 1591 rectores
883 1580 894 1600 ‚
922 1564 939 1585 α
957 1544 1266 1598 Tenebrarum,
1289 1543 1450 1603 inquit,

62 1633 83 1659 »
112 1616 286 1660 harum.
312 1619 517 1661 Rectores
539 1615 693 1660 mundi
713 1616 833 1671 dico,
865 1625 1052 1661 rectores
1072 1615 1352 1660 tenebrarum
1370 1614 1452 1658 ha-

61 1703 84 1729 »
118 1701 232 1731 rum.
258 1704 278 1729 »
303 1689 469 1731 Rursus
491 1687 606 1745 cogit
628 1702 707 1731 nos
731 1686 974 1746 intelligere
994 1685 1103 1747 quid
1123 1685 1303 1730 dixerit:
1327 1703 1347 1727 «
1367 1688 1452 1728 Te-

60 1775 83 1800 »
117 1757 355 1802 nebrarum
377 1758 549 1803 harum.
574 1774 594 1800 »
622 1760 817 1811 Quarum
842 1757 1121 1802 tenebrarum
1143 1765 1328 1800 rectores
1351 1765 1454 1801 sunt

58 1827 259 1874 diabolus
291 1837 335 1873 et
367 1827 509 1888 angeli
537 1829 668 1889 ejus?
699 1829 908 1874 Omnium
944 1827 1215 1881 infidelium,
1253 1827 1451 1871 omnium

56 1898 309 1960 iniquorum
324 1933 336 1955 ,
360 1898 416 1943 de
437 1899 599 1960 quibus
627 1899 795 1944 dictum
817 1908 882 1944 est
911 1918 920 1944 ε
951 1918 970 1940 «
996 1901 1089 1943 Lux
1111 1896 1230 1942 lucet
1258 1897 1303 1942 in
1326 1907 1452 1942 tene-

58 1987 80 2013 »
115 1970 203 2016 bris
219 2005 230 2026 ‚
257 1979 300 2014 et
320 1971 515 2015 tenebrae
538 1986 634 2015 eam
656 1986 745 2015 non
768 1969 1240 2030 comprehenderunt&
1267 1988 1287 2011 »
1316 1969 1452 2014 Deni-

54 2057 143 2102 que
175 2057 227 2086 ex
258 2041 451 2102 ipsorum
488 2058 671 2087 numero
703 2041 983 2087 credentibus
1006 2041 1178 2095 multis,
1204 2040 1312 2102 quid
1345 2041 1452 2087 dicit

55 2111 175 2158 idem
196 2111 459 2173 Apostolus:
489 2132 509 2155 «
527 2114 684 2158 Fuistis
708 2114 825 2158 enim
843 2113 1078 2173 aliquando
1098 2113 1305 2167 tenebrae,
1332 2128 1451 2157 nunc

57 2200 80 2225 »
115 2189 261 2227 autem
278 2183 354 2228 lux
374 2184 421 2228 in
443 2184 670 2229 Domino⁵.
691 2202 711 2225 »
736 2187 836 2230 Non
856 2184 918 2228 vis
936 2183 1026 2244 regi
1050 2200 1072 2228 a
1090 2182 1286 2227 diabolo:
1311 2183 1452 2242 Migra

57 2253 112 2298 ad
138 2253 298 2299 lucem.
324 2257 383 2299 Et
410 2253 529 2299 unde
550 2255 757 2315 migrabis
784 2254 839 2300 ad
860 2254 1029 2310 lucem,
1050 2254 1133 2298 nisi
1154 2253 1355 2298 effundat
1375 2253 1449 2299 ille

54 2325 263 2370 frameam
278 2360 290 2381 ‚
309 2335 354 2370 et
370 2335 493 2370 eruat
515 2335 559 2370 te
581 2326 637 2371 ab
653 2326 839 2371 inimicis
861 2326 963 2380 tuis,
984 2334 1027 2369 et
1049 2342 1071 2369 a
1088 2325 1450 2385 persequentibus

55 2404 126 2440 te:
153 2396 385 2450 Quomodo
412 2397 604 2442 effundit
634 2396 875 2443 frameam:
908 2396 1125 2452 Quoniam
1155 2398 1248 2457 jam
1277 2395 1450 2441 audivi-

103 2498 114 2517 Ι
134 2492 250 2535 Ephes.
267 2504 312 2535 vi,
341 2502 397 2529 12.
414 2511 458 2518 -
477 2502 492 2518 ²
509 2497 604 2528 Joan.
627 2505 653 2538 x,
674 2504 729 2529 xo.
746 2512 790 2519 -
805 2491 848 2529 31
871 2495 962 2529 Joan.
983 2504 1024 2537 v,-
1041 2505 1092 2538 ¹9·
1112 2510 1155 2519 —-
1175 2492 1192 2525 4
1207 2496 1302 2528 Joam
1316 2505 1340 2535 1,
1355 2497 1387 2528 5.
1406 2510 1449 2518 --

58 2545 203 2591 ⁵Ephes.
231 2558 263 2589 v,
288 2550 322 2582 8.
