1841 3223
386 269 464 305 120
809 277 842 302 s.
879 274 1108 301 Ancus‘nm
1142 275 1321 302 El‘lsCOPI

380 344 444 388 bis
466 342 674 386 insultent
695 340 749 384 de
770 339 921 395 nobis,
941 354 1029 383 non
1052 338 1180 383 faciat
1196 340 1406 384 Christus.
1432 340 1593 385 Dicunt
1615 339 1727 383 enim
1746 358 1756 384 ε

380 417 437 457 Et
461 413 535 472 qui
555 412 685 456 sunt?
714 419 757 454 ct
779 410 898 454 unde
915 410 1045 454 sunt?
1072 408 1206 453 malos
1230 410 1299 454 hic
1320 409 1415 454 illos
1438 410 1662 465 novimus,
1683 409 1760 453 ubi

380 482 585 542 baptizati
607 482 740 525 sunt?
760 480 802 525 Si
823 495 901 524 nos
923 479 1035 524 bene
1057 490 1300 535 noverunt,
1328 481 1470 525 sciunt
1492 481 1595 541 quia
1616 488 1659 524 et
1680 495 1761 523 na-

379 553 618 611 vigavimus
649 551 909 611 aliquand03
933 552 1074 595 sciunt
1096 552 1197 611 quia
1234 560 1278 595 ct
1298 552 1560 611 peregrinati
1581 566 1729 595 sumus
1748 566 1761 601 3

380 625 523 668 sciunt
544 623 644 683 quia
667 620 738 665 alii
760 622 913 665 ivimus
932 657 942 677 ‚
970 631 1012 665 et
1033 621 1103 665 alii
1134 620 1381 666 redivimus.
1408 625 1505 667 Non
1526 622 1596 666 hic
1621 621 1766 681 bapti-

380 694 464 739 zati
485 709 632 738 sumus
654 713 662 738 :
688 693 764 737 sed
797 693 874 736 ubi
900 692 1106 752 baptizati
1138 694 1311 735 sumus1
1329 727 1340 747 ‚
1366 692 1557 736 Ecclesia
1575 700 1638 736 est
1662 700 1766 736 nota

381 766 584 809 universo
616 764 709 809 orbi
734 773 962 808 terrarum.
995 765 1050 807 Et
1069 761 1196 805 multi
1213 760 1366 806 fratres
1383 763 1518 807 nostri
1535 771 1637 806 sunt
1657 797 1668 817 ‚
1691 762 1767 822 qui

383 846 427 881 et
464 845 627 881 norunt
662 835 764 896 quia
796 835 1002 895 baptizati
1035 849 1210 888 sumus,
1241 843 1286 878 et
1311 834 1541 879 nobiscum
1563 830 1769 894 baptizati

384 916 500 951 sunt,
527 906 673 950 Facile
702 914 766 949 cst
789 920 891 963 ergo
922 905 1006 948 hoc
1035 919 1159 948 nosse
1175 939 1185 959 ‚
1209 904 1241 947 si
1258 901 1353 965 quis
1376 903 1558 949 fratrum
1583 913 1645 948 est
1668 902 1770 948 inde

383 977 607 1022 sollicitus.
630 977 725 1020 Istis
743 984 886 1019 autem
906 973 1165 1019 satisfacturi
1187 991 1353 1030 sumus,
1371 984 1414 1020 et
1436 974 1771 1020 demonstraturi

385 1047 551 1108 aliquid
575 1046 630 1091 de
662 1046 909 1090 testimonio
942 1044 1146 1090 Ecclesiae
1161 1081 1171 1101 ‚
1197 1046 1267 1090 cui
1299 1062 1389 1091 non
1411 1047 1772 1091 communicant?

385 1117 542 1163 Merito
564 1133 655 1161 non
676 1132 754 1161 nos
776 1125 940 1160 norunt
964 1125 1080 1160 trans
1097 1132 1216 1160 mare
1238 1117 1478 1176 baptizatos
1501 1117 1547 1160 in
1568 1116 1740 1162 Christo
1758 1151 1769 1171 ,

385 1189 487 1250 quia
511 1197 554 1232 ct
571 1197 687 1232 trans
704 1202 823 1231 marc
845 1202 934 1231 non
961 1187 1124 1231 habent
1138 1187 1374 1232 Christum.
1397 1186 1475 1231 Ille
1493 1187 1607 1231 enim
1625 1187 1773 1232 Chris·-

387 1269 484 1303 tum
507 1268 550 1303 et
566 1268 683 1303 trans
701 1273 819 1301 mare
835 1257 985 1312 habet,
1001 1257 1136 1317 quiet
1152 1266 1269 1302 trans
1286 1273 1404 1302 mare
1421 1258 1776 1302 communionem

387 1330 602 1374 universae
625 1326 829 1373 Ecclesiae
850 1336 982 1372 tenet.
999 1326 1230 1380 Quomodo
1252 1337 1396 1388 potest
1417 1343 1676 1387 cognoscere
1698 1328 1776 1371 ubi

389 1401 471 1444 sim
500 1415 580 1458 ego
616 1398 859 1458 baptizatus
877 1433 888 1454 ‚
929 1413 1031 1442 cum
1063 1399 1313 1443 communio
1349 1398 1482 1458 ipsius
1518 1399 1588 1442 vix
1627 1398 1779 1442 transit

390 1473 544 1515 mare?
566 1473 879 1514 Verumtamen
894 1505 905 1525 ‚
930 1467 1084 1513 fratres
1106 1470 1212 1525 mei,
1239 1470 1346 1530 quid
1363 1470 1421 1513 eis
1439 1469 1606 1514 dicam?
1631 1469 1779 1529 Suspi-

390 1542 551 1587 camini
584 1540 704 1600 quod
724 1540 854 1584 vultis
881 1539 936 1583 de
958 1541 1097 1584 nobis.
1126 1542 1169 1585 Si
1197 1541 1302 1585 boni
1324 1556 1494 1596 sumus,
1520 1541 1565 1584 in
1587 1540 1780 1585 Ecclesia

392 1611 553 1658 Christi
577 1610 797 1655 frumenta
815 1625 963 1654 sumus
981 1629 988 1654 ε
1007 1610 1040 1654 si
1060 1610 1165 1654 mali
1181 1626 1346 1666 sumus,
1357 1612 1403 1654 in
1417 1610 1607 1655 Ecclesia
1621 1611 1781 1656 Christi

391 1682 515 1744 palea
531 1698 696 1737 sumus,
711 1691 859 1725 tamen
881 1681 936 1724 ab
959 1697 1056 1724 area
1079 1697 1168 1726 non
1190 1681 1448 1726 recedimus.
1469 1685 1534 1725 Tu
1556 1682 1632 1741 qui
1650 1690 1781 1726 vento

393 1754 644 1798 tentationis
667 1752 780 1798 foras
801 1752 971 1807 volasti,
990 1752 1098 1813 qnid
1115 1768 1158 1796 es
1173 1754 1190 1794 ’ἶ
1205 1753 1413 1796 Triticum
1431 1768 1521 1797 non
1540 1752 1653 1798 tollit
1670 1769 1781 1799 ven-

392 1834 462 1869 tus
483 1840 533 1868 cx
557 1839 669 1868 area.
689 1826 755 1868 Ex
772 1839 822 1867 eo
846 1838 948 1881 ergo
971 1824 1048 1867 ubi
1071 1838 1138 1879 es,
1166 1839 1348 1882 agnosce
1367 1823 1476 1884 quid
1493 1839 1552 1868 es.

451 1897 552 1940 XX.
582 1894 666 1939 Sed
690 1903 755 1949 tu⁷
774 1893 935 1953 inquit,
961 1893 1058 1953 quis
1078 1908 1121 1937 es
1143 1894 1219 1954 qui
1236 1904 1387 1938 contra
1409 1910 1486 1939 nos
1509 1893 1614 1938 dicis
1632 1903 1776 1939 tanta:

395 1966 673 2024 Quicumque
690 1963 769 2008 sim
784 1999 795 2018 ,
814 1962 936 2023 quod
957 1963 1116 2007 dicitur
1138 1963 1329 2019 attende,
1347 1980 1436 2008 non
1454 1979 1477 2007 a
1494 1979 1583 2024 quo
1604 1963 1778 2009 dicitur.

397 2036 484 2082 Sed
506 2034 749 2095 peccatori,
774 2033 916 2094 inquit
931 2068 942 2089 ,
963 2033 1069 2078 dicit
1097 2034 1306 2078 Dominus
1327 2054 1336 2079 :
1367 2054 1387 2077 «
1413 2035 1579 2095 thuid
1603 2045 1652 2079 tu
1669 2051 1785 2080 assu-

399 2126 420 2148 »
455 2106 534 2150 mis
558 2113 865 2150 testamentum
894 2119 1040 2147 meum
1064 2119 1142 2163 per
1169 2120 1215 2148 os
1237 2109 1417 2150 tuum2:
1446 2124 1466 2146 »
1491 2105 1616 2150 Dicat
1635 2107 1785 2151 Domi-

397 2193 480 2221 nus
511 2177 596 2220 hoc
633 2174 849 2235 peccatori
870 2193 878 2218 :
913 2172 1025 2218 forte
1047 2183 1111 2219 est
1132 2190 1267 2233 genus
1289 2185 1569 2235 peccatorum
1592 2177 1663 2221 cui
1699 2178 1784 2222 hoc

397 2257 513 2292 rectc
536 2246 651 2290 dicat
672 2245 884 2290 Dominus
903 2264 912 2289 ι
944 2244 1019 2288 sed
1041 2245 1087 2288 in
1108 2244 1350 2306 quemlibet
1371 2246 1488 2291 dicat
1514 2247 1598 2292 hoc
1632 2249 1784 2292 Domi-

397 2334 495 2373 nus,
521 2318 620 2362 ideo
642 2317 768 2372 dicit,
788 2317 890 2377 quia
907 2317 1122 2376 peccatori
1143 2333 1233 2361 non
1250 2317 1427 2378 prodest
1449 2318 1626 2379 quando
1642 2319 1786 2379 legem

397 2390 477 2433 Dei
490 2387 701 2448 loquitur.
713 2386 939 2447 Numquid
951 2396 995 2430 et
1006 2386 1277 2432 auditoribus
1292 2404 1381 2433 non
1393 2388 1595 2448 prodest?
1615 2391 1786 2434 Utrum-

399 2475 485 2520 que
509 2474 644 2517 genus
677 2473 754 2501 nos
777 2457 987 2501 habemus
1010 2458 1055 2501 in
1076 2457 1265 2502 Ecclesia
1282 2494 1293 2514 ,
1317 2459 1503 2504 Domino
1520 2459 1714 2515 dicente,
1743 2470 1787 2505 et

402 2533 619 2577 bonorum
646 2539 690 2573 ct
719 2529 950 2574 malorum.
978 2530 1087 2574 Boni
1115 2529 1231 2574 enim
1260 2546 1360 2575 cum
1384 2530 1650 2590 praedicant,
1675 2531 1786 2591 quid

450 2624 457 2638 ¹
479 2616 555 2647 Vide
571 2615 626 2646 lib.
649 2626 692 2653 μ’,
709 2615 852 2647 (Ζοηῗυςς.
874 2632 914 2637 -
936 2622 948 2637 ²
964 2615 1041 2647 Psal.
1064 2625 1164 2655 cxm,
1185 2615 1236 2647 16.
