1841 3223
363 232 604 262 ERARRATIO
636 235 682 261 IN
715 232 916 261 PSALML'M
949 234 1072 259 XLIII.
1331 221 1416 260 269.

31 302 76 345 in
100 300 254 344 diebus
282 314 458 353 eorum,
479 309 522 343 et
542 299 588 342 in
609 298 764 342 diebus
792 298 980 359 antiquis
1003 317 1010 342 :
1037 296 1139 358 quia
1165 311 1319 340 manus
1343 305 1417 340 tua
1451 357 1454 359 μ

32 380 180 431 gentes
204 370 485 430 disperdidit,
510 369 670 429 ejecisti
692 368 899 428 populos,
926 378 968 412 et
989 368 1193 428 plantasti
1215 383 1300 411 eos.
1332 370 1418 411 Ista

30 441 249 503 praeterita
270 449 372 485 sunt
390 459 399 484 ε
424 439 479 483 de
500 439 651 483 futuro
672 454 776 483 vero
800 437 906 498 quid
923 438 1033 482 erit?
1049 458 1067 479 «
1085 441 1136 482 In
1158 447 1200 482 te
1222 437 1418 482 inimicos

33 530 54 554 »
90 521 258 556 nostros
278 509 585 555 ventilabimus
606 528 614 552 :
642 527 662 550 »
688 508 834 553 veniet
860 517 1031 567 tempus
1059 508 1236 567 quando
1269 523 1418 553 omncs

29 581 194 626 inimici
216 580 577 635 Christianorum,
603 579 713 624 sicut
733 578 857 638 palea
880 577 1164 634 ventilentur,
1189 579 1300 623 sicut
1318 578 1419 638 pul-

29 652 92 698 vis
113 651 396 706 ventilentur,
422 659 466 694 et
487 650 541 694 de
558 659 671 694 terra
692 649 992 710 projiciantur.
1014 652 1131 708 Ergo
1152 650 1185 692 si
1203 658 1246 693 et
1263 658 1419 708 prsete-

29 724 112 768 rita
132 723 192 768 sic
219 731 323 772 sunt
343 721 469 766 nobis
494 729 664 766 narrata
682 755 693 776 ,
727 729 770 764 et
791 718 940 764 futura
970 719 1072 764 talia
1098 720 1416 780 praenuntiata3

29 795 76 838 in
93 793 236 839 medio
253 792 531 854 praesentium
550 807 685 853 quare
700 790 966 847 laboramus,
984 790 1063 835 nisi
1081 791 1127 834 in
1146 791 1420 836 intellectum

30 864 128 909 filiis
147 865 290 909 Core?
316 883 336 905 «
360 866 412 907 In
435 872 476 906 te
509 862 706 907 inimicos
734 870 903 907 nostros
933 861 1243 907 ventilabimus
1265 882 1272 906 :
1299 871 1342 906 et
1374 862 1421 906 in

33 953 54 976 »
89 934 265 980 nomine
286 942 364 978 tuo
389 948 641 993 spernemus
672 933 942 991 insurgentes
970 932 1016 976 in
1050 935 1174 977 nos1.
1198 952 1218 975 »
1246 935 1338 977 Hoc
1365 931 1420 976 de

30 1002 197 1050 futuro.

89 1078 191 1119 VII.
223 1093 243 1117 «
272 1076 370 1120 Non
397 1073 513 1118 enim
538 1074 585 1117 in
619 1089 723 1118 arcu
757 1089 854 1118 meo
881 1073 1123 1133 sperab02:
1152 1092 1172 1115 n
1200 1073 1420 1135 quomodo

31 1161 111 1191 nec
133 1154 276 1205 patres
303 1145 350 1188 in
377 1144 520 1204 gladio
547 1160 640 1189 suo.
668 1163 688 1187 «
716 1147 772 1188 Et
795 1142 964 1203 gladius
998 1160 1120 1189 meus
1142 1161 1230 1190 non
1252 1144 1420 1189 salvum

33 1235 54 1258 »
89 1214 218 1260 saciet
235 1230 319 1259 me.
345 1234 364 1256 »

90 1289 213 1330 VIII.
245 1304 265 1327 «
292 1284 438 1330 Salvos
462 1285 579 1329 enim
600 1285 740 1330 fecisti
761 1301 840 1330 nos
861 1301 911 1329 ex
936 1287 1227 1346 affligentibus
1249 1289 1368 1332 nosss.
1396 1306 1416 1328 »

30 1359 88 1402 Et
108 1357 192 1401 hoc
220 1357 360 1415 figura
386 1355 593 1415 praeteriti
616 1355 670 1400 de
691 1355 842 1400 futuro
872 1356 1030 1401 dicitur
1055 1377 1063 1402 :
1089 1356 1164 1402 sed
1193 1358 1292 1402 ideo
1321 1368 1419 1402 tan-

30 1442 163 1488 quam
198 1426 465 1486 proeteritum
510 1425 697 1480 dicitur,
734 1426 836 1486 quia
875 1435 962 1470 tam
1002 1437 1169 1472 certum
1205 1437 1267 1471 est
1299 1429 1421 1488 quasi

29 1496 196 1542 iactum
233 1498 302 1542 sit.
340 1497 560 1541 Intendite
587 1512 722 1557 quare
758 1497 966 1558 pleraque
999 1500 1228 1559 Prophetae
1257 1500 1317 1543 ita
1350 1499 1418 1543 di-

29 1577 162 1624 cunt,
204 1577 413 1628 tanquam
446 1566 664 1627 praeterita
695 1567 802 1622 sint,
839 1583 938 1611 cum
965 1569 1318 1628 praenuntientur
1347 1569 1421 1613 fu-

30 1648 155 1694 tura,
192 1654 282 1683 non
309 1637 438 1682 facta.
468 1640 578 1682 Nam
612 1646 655 1681 et
681 1636 735 1681 de
764 1638 856 1696 ipso
890 1639 1077 1683 Domino
1109 1637 1257 1683 futura
1279 1639 1419 1699 passio

28 1709 425 1770 praenuntiabatur,
462 1716 505 1751 et
532 1717 703 1762 tamen,
740 1727 760 1749 «
787 1707 1036 1763 Foderunt,
1064 1709 1230 1769 inquit,
1264 1726 1420 1754 manus

31 1798 53 1822 ³>
87 1795 220 1834 meas,
237 1788 280 1823 et
291 1778 422 1839 pedes
432 1793 567 1833 meos,
584 1777 973 1822 dinumeraverunt
990 1779 1136 1823 omnia
1154 1795 1246 1823 ossa
1265 1796 1379 1824 mea:
1396 1799 1416 1822 »

29 1865 120 1895 non
138 1849 245 1894 dixit
264 1868 274 1893 ;
308 1846 517 1902 Fodient,
543 1855 587 1890 et
607 1846 966 1891 dinumerabunt.
996 1867 1015 1889 «
1042 1849 1129 1907 Ipsi
1151 1864 1253 1894 vero
1275 1850 1419 1894 consi-

32 1939 54 1963 »
89 1920 353 1965 deraverunt
372 1927 416 1962 et
437 1926 754 1978 conspexerunt
774 1932 866 1961 me:
896 1937 916 1959 »
936 1934 1025 1962 non
1043 1919 1151 1962 dixit
1172 1934 1180 1959 :
1208 1919 1419 1964 Conside-

31 1992 193 2037 rabunt
206 2000 249 2035 et
265 1989 546 2050 conspicient.
569 2008 589 2030 «
603 1989 850 2033 Diviserunt
862 1989 943 2045 sibi
961 1990 1214 2035 vestimenta
1227 2007 1321 2036 mea
1337 1993 1351 2017 ⁴
1367 2011 1375 2036 :
1395 2011 1414 2033 n

30 2079 121 2109 non
150 2062 260 2107 dixit
285 2081 294 2105 :
319 2060 537 2106 Divident.
571 2061 728 2104 Omnia
760 2060 840 2104 ista
867 2069 1076 2121 tanquam
1099 2063 1317 2122 praeterita
1350 2062 1419 2107 di-

32 2143 208 2190 cuntur,
244 2147 345 2178 cum
366 2131 515 2176 futura
545 2131 632 2176 sint
660 2150 669 2176 :
704 2131 805 2192 quia
828 2134 917 2176 Deo
943 2141 986 2175 et
1012 2131 1160 2177 futura
1187 2143 1272 2177 tam
1302 2144 1419 2178 certa

32 2215 135 2251 sunt
149 2241 160 2262 ,
185 2214 392 2265 tanquam
415 2203 634 2263 praeterita
651 2201 750 2246 sint.
775 2202 908 2246 Nobis
927 2203 1042 2247 enim
1064 2220 1113 2248 ea
1135 2221 1234 2265 quae
1259 2215 1420 2264 prsete-

32 2276 225 2330 rierunt,
256 2284 372 2320 certa
401 2282 532 2331 sunt3
557 2289 656 2333 quae
677 2271 847 2330 futura,
878 2274 1042 2319 incerta
1068 2284 1184 2318 sunt.
1210 2275 1420 2320 Novimus

33 2347 149 2391 enim
165 2344 331 2406 aliquid
352 2343 570 2398 accidisse,
585 2352 627 2388 et
646 2359 734 2387 non
757 2353 901 2404 potest
919 2343 1011 2387 fieri
1030 2353 1080 2388 ut
1102 2361 1191 2389 non
1213 2344 1420 2390 acciderit

32 2415 153 2478 quod
175 2414 346 2460 accidit.
371 2417 432 2459 Da
454 2413 716 2473 Prophetam
739 2414 809 2457 eui
832 2423 918 2458 tam
937 2423 1105 2458 eertum
1124 2414 1178 2458 sit
1198 2413 1414 2470 futurum,

33 2502 167 2548 quam
188 2485 270 2530 tibi
288 2485 559 2546 praeteritum
580 2503 588 2529 z
610 2493 654 2528 et
675 2501 806 2545 quam
830 2484 906 2528 tibi
930 2484 1050 2544 quod
1072 2486 1303 2531 meministi
1324 2485 1416 2532 fac-

82 2578 92 2596 ¹
113 2571 195 2604 Psal.
213 2581 302 2612 xmn,
316 2570 348 2602 6.
368 2587 410 2593 —-
431 2569 542 2602 21bid.
565 2580 596 2611 ς.
614 2587 655 2592 --
676 2568 788 2602 ³1bid.
812 2571 843 2602 8.
863 2567 993 2602 -41d.
1010 2581 1076 2612 ui,
1098 2581 1216 2613 17—19.
