1841 3223
468 218 707 248 nimiis-,Ano
740 222 784 247 nv
818 220 1018 249 rsALMUM
1051 224 1118 249 Lv.
1394 214 1475 251 545

102 283 386 328 Attendamus
416 299 520 343 ergo
549 284 658 329 duos
680 285 851 343 hostes,
880 303 1011 347 quem
1038 288 1256 343 videmus,
1282 298 1326 332 et
1347 305 1478 349 quem

97 368 187 397 non
202 352 399 398 videmus
415 372 423 398 ε
440 354 663 398 hominem
676 354 873 400 videmus
891 391 901 411 ,
923 356 1149 401 diabolum
1162 374 1251 402 non
1265 358 1478 414 vidcmus3

96 422 318 467 hominem
355 423 608 482 diligamus,
647 424 869 469 diabolum
907 442 1134 471 caveamus
1153 449 1164 485 3
1194 444 1272 488 pro
1306 428 1483 473 homine

98 508 294 548 oremus,
316 502 467 538 contra
489 493 714 538 diabolum
737 510 909 539 oremus
924 530 935 551 ,
956 505 1000 540 et
1021 496 1215 541 dicamus
1238 501 1353 542 Deo.-
1375 499 1486 543 «Mi-

101 581 123 605 »
157 579 296 608 serere
312 564 414 620 mei,
434 564 633 621 Domine,
659 565 868 625 quoniam
890 567 1162 612 conculcavit
1183 584 1252 612 me
1273 569 1446 613 homo1.
1462 588 1482 610 »

98 634 197 681 Noli
226 635 400 691 timere,
431 636 533 696 quia
560 635 834 682 conculcavit
856 646 898 681 te
918 638 1051 682 homo
1084 658 1092 682 :
1127 639 1278 683 vinum
1299 640 1484 694 habeto,

98 722 184 752 uva
206 704 345 751 factus
366 721 410 750 es
431 716 482 751 ut
502 706 692 752 calceris.
725 708 963 752 «Miserere
996 709 1080 752 mei
1095 744 1106 764 ,
1138 710 1320 754 Domine
1337 745 1348 765 ,
1374 726 1487 770 quo-

103 794 124 818 »
158 776 274 822 niam
295 776 567 823 conculcavit
587 793 657 822 me
673 778 806 822 homo
834 797 842 823 :
870 787 960 823 tota
991 779 1062 822 die
1081 778 1248 823 bellans
1267 780 1492 825 tribulavit

104 864 126 889 υ
159 862 252 904 me,
279 867 299 889 »
323 848 463 892 omnis
492 849 568 908 qui
592 847 723 908 longe
745 848 885 893 factus
906 859 970 894 est
987 866 1011 894 a
1030 851 1203 894 sanctis.
1231 850 1316 895 Sed
1337 861 1380 895 et
1400 851 1492 911 ipse

105 917 306 963 diabolus
338 933 472 979 quare
495 918 567 963 hic
592 934 683 963 non
712 919 1006 978 intelligatur?
1029 923 1097 964 An
1132 920 1246 965 sorte
1278 921 1380 981 quia
1402 937 1494 966 non

105 988 246 1033 dictus
273 997 337 1033 est
368 989 527 1033 homo?
559 992 676 1048 Ergo
709 999 832 1034 errat*
852 990 1137 1049 Evangelium
1156 1026 1167 1045 ,
1208 992 1309 1051 quia
1335 991 1443 1036 dixit
1481 1011 1490 1037 2

109 1077 130 1101 «
165 1058 372 1103 Inimicus
388 1059 521 1104 homo
538 1059 622 1103 hoc
637 1057 764 1103 fecit'2
782 1061 830 1103 P»
850 1059 933 1104 Sed
950 1060 1032 1104 sub
1052 1060 1242 1120 quadam
1260 1062 1395 1119 figura
1418 1077 1495 1122 po-

105 1138 188 1174 test
210 1138 253 1173 et
280 1128 354 1173 ille
375 1128 462 1173 dici
482 1130 637 1184 homo,
663 1145 753 1174 non
781 1139 928 1174 tamen
955 1145 1045 1175 esse
1072 1131 1219 1175 homo.
1261 1132 1357 1176 Sive
1392 1147 1494 1190 ergo

103 1199 1497 1261 nssuninuuemsturquidoeebathaec,fflvepopuhunetununb

104 1287 324 1332 quemque
345 1271 476 1330 longe
497 1270 664 1316 facturn
687 1289 710 1316 a
731 1272 888 1316 sanctis
903 1307 914 1327 ,
941 1288 1018 1332 per
1035 1272 1184 1333 quales
1201 1272 1401 1318 diabolus
1423 1275 1496 1318 tri-

104 1341 228 1386 bulat
268 1340 483 1402 populum
525 1341 605 1387 Dei
645 1342 929 1387 inhaerentem
967 1344 1134 1387 'sanctis
1153 1379 1163 1398 ,
1207 1343 1495 1388 inhaerentem

103 1421 253 1457 sancto
267 1447 279 1468 ,
303 1413 588 1456 inhaerentem
613 1413 724 1471 regi,
747 1412 802 1456 ad
817 1414 940 1473 cujus
958 1413 1067 1472 regis
1086 1413 1263 1457 titulum
1281 1414 1495 1472 indignati

102 1482 166 1528 illi
193 1492 358 1543 tanque
389 1482 651 1542 repercussi,
681 1482 812 1540 longe
841 1491 943 1526 sunt
965 1481 1095 1540 sacti,
1120 1481 1237 1527 dicat
1278 1502 1287 1527 :
1329 1485 1496 1529 «Mise-

107 1573 126 1596 »
161 1568 255 1597 rere
281 1553 391 1608 mei,
414 1552 622 1607 Domine,
648 1552 855 1612 quoniam
878 1552 1150 1596 conculcavit
1185 1568 1251 1596 me
1274 1554 1407 1599 homo
1433 1574 1441 1599 :
1470 1574 1490 1596 »

101 1639 184 1669 nec
205 1623 378 1668 deficiat
409 1623 454 1667 in
484 1623 565 1666 ista
595 1621 948 1677 conculcatione,
975 1623 1111 1666 sciens
1141 1638 1271 1682 quem
1294 1624 1490 1680 invocet,

102 1705 146 1740 et
166 1710 256 1755 quo
288 1693 489 1754 exemplo
510 1692 633 1737 fortis
662 1693 844 1737 effectus
865 1693 932 1736 sit.
960 1692 1129 1736 Primus
1158 1694 1311 1737 botrus
1334 1694 1377 1737 in
1400 1704 1491 1739 tor-

102 1765 238 1810 culari
259 1779 428 1824 pressus
451 1771 515 1806 est
535 1763 772 1807 Christus³.
799 1764 912 1814 Cum
934 1761 1006 1805 ille
1029 1762 1179 1806 botrus
1202 1780 1397 1822 passrone
1419 1781 1492 1809 ex-

101 1850 270 1896 pressus
292 1843 383 1889 est,
407 1831 598 1876 manavit
631 1830 744 1875 illud
774 1831 891 1875 unde
917 1850 937 1873 «
958 1831 1079 1875 Calix
1109 1832 1328 1876 inebrians
1357 1850 1490 1893 quam

104 1923 125 1947 ³)
160 1904 392 1966 praeclarus
414 1903 519 1947 est4.
545 1923 563 1944 »
585 1902 710 1946 Dicat
730 1917 831 1959 ergo
849 1910 893 1946 et
913 1917 1069 1961 corpus
1093 1902 1127 1961 ej
1137 1918 1198 1957 us,
1223 1903 1397 1948 intuens
1414 1921 1489 1949 ca-

100 1986 183 2037 put
202 1990 330 2020 suum
356 1993 364 2020 :
401 1973 636 2019 «Miserere
657 1973 764 2027 mei,
789 1972 968 2016 Domine
988 2007 999 2027 ,
1025 1973 1231 2032 quoniam
1259 1975 1490 2020 conculca-

103 2063 136 2095 »,
160 2046 223 2091 vit
243 2061 313 2090 me
328 2045 462 2089 homo
480 2063 489 2088 2
516 2052 606 2088 tota
620 2042 689 2086 die
707 2041 873 2086 bellans
888 2041 1111 2087 tribulavit
1128 2059 1212 2087 me.
1234 2046 1340 2087 Tota
1363 2045 1448 2100 die,
1466 2067 1483 2088 »

101 2125 194 2162 toto
211 2124 421 2175 tempore.
440 2116 578 2159 Nemo
593 2112 674 2156 sibi
690 2112 826 2156 dicat:
842 2115 1040 2156 Fuerunt
1057 2111 1356 2158 tribulationes
1369 2115 1488 2174 apud

100 2185 244 2248 Patres
266 2194 433 2230 nostros
449 2218 460 2239 ,
492 2182 610 2243 apud
631 2197 709 2249 nos
731 2198 820 2227 non
843 2191 944 2226 sunt
980 2198 989 2223 :
1018 2182 1061 2227 Si
1083 2191 1209 2242 putas
1232 2192 1273 2226 te
1294 2200 1385 2228 non
1406 2186 1486 2230 ha-

100 2258 202 2303 bere
225 2255 526 2301 tribulationes
542 2289 554 2310 ,
577 2253 776 2299 nondum
798 2253 967 2313 coepisti
998 2269 1087 2297 csse
1113 2254 1396 2299 Christianus.
1431 2259 1488 2302 Et

101 2328 182 2373 ubi
200 2337 264 2373 est
278 2343 365 2373 vox
383 2324 579 2386 Apostoli
602 2344 610 2370 :
632 2323 752 2369 «Sed
769 2334 812 2368 et
829 2339 978 2368 omnes
992 2324 1071 2383 qui
1083 2323 1239 2368 volunt
1254 2325 1301 2368 in
1314 2326 1486 2372 Christo

104 2395 126 2441 ›'›
160 2398 231 2459 pie
251 2396 417 2452 vivere,
441 2394 760 2455 persecutiones
782 2393 1051 2454 patientu1=⁵?
1068 2411 1087 2435 »
1116 2393 1159 2439 Si
1176 2409 1279 2453 ergo
1298 2411 1388 2440 non
1409 2413 1487 2456 pa-

151 2502 158 2519 ¹
176 2495 257 2527 Psal.
272 2505 324 2536 Lv,
340 2503 372 2528 2.
399 2509 441 2516 —-
466 2499 480 2516 ²
498 2492 609 2526 Matth.
626 2503 715 2533 xxm,
735 2492 787 2524 28.
810 2508 850 2514 -
872 2488 885 2514 3
903 2492 975 2523 lsai.
991 2501 1078 2533 inn,
1102 2491 1132 2523 3.
1153 2508 1195 2515 ·-
1213 2490 1229 2521 4
1248 2492 1328 2526 Psal.
1355 2505 1433 2536 xxn,
1452 2495 1483 2528 5.

104 2567 144 2574 —
163 2549 179 2574 5
195 2559 215 2582 2
239 2549 318 2582 Tim.
338 2560 372 2590 ιι,
391 2557 442 2582 12.

291 2613 395 2643 cxv.
1246 2601 1296 2640 35
