1841 3223
450 262 691 291 numum-1¹10
724 265 768 290 IN
801 264 1002 291 PsAmmM
1035 265 1122 292 1.1v·
1389 254 1467 293 521

91 332 226 374 Tenet
253 343 324 373 eos
358 329 563 383 charitas,
588 336 639 372 ut
666 343 767 372 cum
788 327 936 372 multis
959 338 1164 373 maneant
1190 348 1198 374 :
1221 337 1264 373 et
1296 330 1350 374 de
1373 330 1485 390 ipsis*

88 400 236 451 multis
257 401 446 444 existunt
462 399 539 460 qui
561 400 934 451 exereeanffiQuia
952 400 997 443 in
1009 401 1128 444 omni
1142 402 1474 460 congregatione

88 470 382 516 multitudinis
407 486 579 516 necesse
607 480 671 516 est
703 479 753 515 ut
781 471 1058 515 inveniantur
1084 471 1202 515 mali.
1223 475 1338 517 Deus
1360 473 1475 517 enim

89 542 166 603 qui
185 542 307 587 novit
328 542 588 587 exercendos
608 557 708 597 nos,
740 541 890 585 miscet
913 542 1038 585 nobis
1056 551 1098 586 et
1120 558 1209 586 non
1225 558 1474 602 persevera-

90 615 224 670 turos,
247 623 322 658 aut
343 623 459 659 certe
480 614 538 659 ita
560 612 806 667 simulatos,
831 621 882 656 ut
902 628 982 656 nec
1000 613 1298 657 inchoaverint
1319 614 1363 658 in
1386 630 1475 675 quo

88 691 360 746 perseverare
380 685 605 730 deberent.
624 685 754 730 Novit
775 684 890 728 enim
913 684 1198 728 necessarium
1230 700 1318 729 esse
1350 685 1475 729 nobis

87 765 138 801 ut
160 755 349 802 feramus
368 757 531 813 malos,
555 765 598 800 et
618 755 817 816 proficiat
840 754 961 815 quod
992 755 1097 799 boni
1119 770 1265 799 sumus
1285 776 1296 812 3
1321 754 1475 814 diliga-

88 843 186 872 mus
214 828 437 884 inimicos,
470 829 777 889 corripiamus,
813 827 1070 886 castigemus
1089 862 1099 882 ,
1125 827 1476 871 excommunice-

88 913 208 954 mus,
251 914 352 943 cum
390 898 622 944 dilectione
652 914 675 942 a
707 898 833 943 nobis
863 898 992 941 etiam
1035 912 1294 957 separemus.
1322 896 1476 941 Videte

88 969 204 1014 enim
227 969 335 1029 quid
355 968 472 1014 dicat
492 968 724 1030 Apostolus
750 988 759 1013 :
791 988 809 1010 κ
834 969 875 1013 Si
894 969 990 1028 quis
1013 978 1158 1013 autem
1182 984 1272 1012 non
1293 967 1476 1012 obaudit

91 1057 112 1081 »
147 1039 283 1084 verbo
303 1041 451 1084 nostro
471 1055 549 1100 per
563 1039 788 1100 epistolam
802 1075 812 1095 ,
837 1040 956 1083 hunc
971 1049 1118 1083 notate
1131 1074 1142 1094 ,
1159 1048 1202 1082 et
1216 1038 1351 1083 nolite
1364 1054 1477 1083 com-

90 1127 113 1151 »
147 1109 316 1155 misceri
338 1126 438 1155 cum
461 1126 527 1156 eo.
555 1129 576 1152 n
606 1110 691 1156 Sed
710 1125 764 1155 ne
782 1110 1035 1169 subreperet
1056 1109 1136 1153 tibi
1152 1110 1478 1154 exhociracun-

89 1180 158 1225 dia
173 1216 184 1236 ,
205 1190 248 1225 et
264 1181 461 1226 turbaret
483 1184 659 1226 oculum
678 1190 829 1226 tuums:
851 1183 998 1235 «Non,
1021 1180 1178 1241 inquit,
1194 1189 1243 1224 ut
1254 1180 1479 1225 inimicum

91 1269 112 1293 »
147 1266 248 1295 eum
261 1251 520 1308 existimetis,
531 1250 608 1297 sed
619 1252 823 1312 corripite
838 1261 887 1296 ut
903 1250 1097 1305 fratrem,
1113 1260 1164 1295 ut
1177 1251 1404 1295 erubescat
1416 1253 1474 1295 ¹.»

89 1324 128 1366 Α
148 1338 237 1382 quo
268 1321 436 1366 indixit.
455 1323 791 1383 separationem,
828 1338 918 1366 non
947 1321 1144 1381 praecidit
1180 1320 1474 1366 dilectionem.

90 1392 208 1436 Vivit
226 1392 299 1436 ille
321 1391 499 1448 oculus,
524 1393 630 1438 vivit
656 1393 744 1437 vita
780 1401 870 1437 tua.
899 1393 1072 1437 Etenim
1096 1393 1246 1436 amissa
1281 1391 1476 1445 dilectio,

89 1477 205 1507 mors
239 1471 330 1506 tua.
367 1465 490 1508 Hanc
526 1462 600 1507 ille
632 1463 829 1507 amittere
852 1462 998 1506 timuit
1026 1462 1103 1522 qui
1130 1461 1268 1506 dixit:
1295 1481 1310 1500 «
1338 1464 1480 1505 Metus

92 1550 114 1574 »
143 1533 294 1577 mortis
312 1532 469 1577 cecidit
484 1548 614 1592 super
634 1548 719 1576 me.
739 1551 759 1573 n
777 1535 932 1592 Itaque
945 1547 1000 1575 ne
1024 1532 1219 1575 amittam
1238 1530 1482 1575 dilectionis

89 1603 220 1648 vitam
235 1622 243 1648 ε
260 1621 279 1643 «
297 1603 402 1656 Quis
425 1602 547 1647 dabit
567 1603 674 1647 mihi
688 1617 852 1662 pennas
866 1602 978 1645 sicut
999 1601 1232 1656 columbae,
1245 1609 1288 1644 et
1302 1600 1478 1655 volabo,

93 1691 113 1715 n
149 1681 192 1716 et
222 1673 520 1733 requiescam?
545 1692 565 1714 »
599 1675 696 1726 Quo
723 1671 863 1716 iturus
896 1673 970 1715 es?
998 1687 1086 1731 quo
1115 1671 1377 1715 volaturus?
1404 1671 1480 1714 ubi

90 1743 391 1804 requieturus?
407 1746 545 1788 «Eece
560 1742 954 1802 elongavifugiens,
970 1751 1013 1786 et
1025 1741 1161 1785 mansi
1174 1741 1220 1784 in
1233 1740 1404 1785 deserto
1415 1744 1477 1784 ².»

91 1817 144 1858 In
165 1829 254 1874 quo
280 1814 477 1859 deserto?
499 1815 774 1874 Ubicumque
795 1812 945 1869 fueris,
976 1812 1304 1871 congregabunt
1326 1827 1369 1855 se
1394 1827 1481 1855 cae-

91 1884 198 1940 teri,
221 1884 442 1929 desertum
458 1893 604 1928 tecum
626 1894 793 1943 petent,
819 1884 1090 1928 affectabunt
1111 1884 1247 1928 vitam
1265 1892 1386 1926 tuam
1401 1919 1411 1938 ,
1434 1892 1483 1926 tu

92 1953 302 2014 repellere
329 1969 420 1998 non
450 1962 573 2013 potes
601 1953 849 1998 societatem
885 1952 1071 1996 fratrum
1099 1972 1107 1997 2
1138 1955 1374 1997 miscentur
1402 1953 1485 1996 tibi

93 2025 223 2070 etiam
241 2023 372 2083 mali,
395 2023 539 2069 adhuc
560 2023 640 2068 tibi
667 2023 914 2068 exercitatio
938 2022 1123 2067 debetur
1148 2042 1156 2067 :
1183 2043 1202 2065 κ
1225 2026 1339 2067 Ecce
1361 2023 1484 2067 elon-

95 2113 116 2137 »
154 2095 250 2154 gavi
269 2093 454 2153 fugiens,
481 2103 523 2138 et
544 2093 683 2138 mansi
699 2093 744 2137 in
769 2092 954 2137 deserto.
983 2111 1002 2133 >›
1032 2096 1084 2136 In
1105 2108 1195 2153 quo
1217 2092 1416 2136 deserto?
1442 2093 1485 2138 Si

94 2164 207 2212 forte
225 2166 272 2210 in
293 2166 553 2212 conscientia
570 2201 580 2221 ,
602 2180 690 2226 quo
717 2163 866 2209 nullus
884 2163 1113 2208 hominum
1130 2163 1279 2218 intrat,
1305 2163 1382 2207 ubi
1404 2179 1484 2208 ne-

95 2251 168 2281 mo
193 2245 340 2281 tecum
369 2245 455 2291 est,
489 2236 568 2279 ubi
595 2244 643 2278 tu
677 2243 721 2279 et
742 2237 856 2278 Deus
878 2249 936 2277 es.
962 2235 1072 2278 Nam
1100 2233 1136 2277 si
1156 2233 1202 2276 in
1225 2233 1416 2289 deserto,
1441 2234 1487 2277 in

96 2306 245 2366 aliquo
266 2305 385 2360 loco,
411 2305 520 2366 quid
540 2303 668 2348 facies
691 2304 745 2348 de
772 2303 1140 2363 congregantibus
1155 2305 1228 2347 se?
1249 2306 1346 2348 Non
1369 2304 1486 2347 enim

98 2393 121 2421 a
145 2391 301 2435 genere
315 2377 510 2420 humano
533 2383 754 2434 separatus
783 2390 872 2419 esse
895 2374 1054 2433 poteris
1070 2410 1080 2429 ,
1106 2372 1302 2434 quandiu
1330 2375 1377 2417 in
1403 2375 1487 2419 ho-

97 2446 288 2490 minibus
310 2446 431 2490 vivis.
455 2444 645 2490 Attende
670 2445 815 2504 potius
842 2443 1156 2488 consolatorem
1179 2442 1303 2487 illum
1335 2445 1486 2488 Domi-

97 2531 206 2561 num
227 2526 270 2561 et
282 2531 450 2576 regem,
474 2517 777 2576 imperatorem
802 2525 843 2559 et
860 2525 1098 2560 creatorem
1126 2524 1345 2569 nostrum,
1372 2531 1489 2559 crea-

150 2608 158 2624 ¹
174 2601 315 2634 2Thess.
332 2613 376 2643 ni,
399 2602 448 2644 14⁴
470 2619 510 2624 —
527 2609 538 2624 ²
557 2601 639 2633 Psal.
660 2612 722 2644 mv,
747 2601 777 2631 8.
