1841 3223
446 230 690 262 nmium-1⁴10
722 235 768 263 nv
800 232 1002 264 rsALMUM
1035 235 1121 263 mv.
1362 221 1479 264 *539

94 299 306 344 mianistae
333 297 528 344 fuderint
556 299 748 360 corporis
781 301 1058 360 sanguinem,
1093 315 1183 345 non
1209 300 1309 362 quia
1332 309 1375 345 et
1399 301 1480 362 ipsi

94 384 185 415 non
201 369 438 414 funderent
452 404 463 425 ‚
488 370 522 414 si
542 379 651 415 esset
671 369 768 414 talis
783 371 1022 416 multitudo
1044 387 1143 432 quae
1165 371 1385 427 funderet,
1403 373 1480 416 sed

92 449 271 501 propter
297 440 573 485 timiditatem
599 441 827 501 paucitatis
852 457 942 485 suae
975 443 1108 500 magis
1130 442 1185 486 ab
1221 443 1280 486 eis
1313 442 1479 503 aliquid

91 511 204 570 passi
221 519 338 565 sunt,
358 526 489 571 quam
501 511 580 570 ipsi
599 510 685 556 tale
702 510 870 571 aliquid
887 511 1122 572 aliquando
1136 510 1346 556 fecerunt.
1364 516 1479 570 Ergo

91 582 312 640 interrogo
332 583 599 627 Donatistam
616 618 626 638 ,
647 592 690 627 et
711 582 809 627 dico
834 602 843 628 z
860 585 911 626 In
933 584 1116 628 concilio
1134 593 1210 628 tuo
1225 584 1402 643 posuisti
1423 584 1479 628 de

91 652 418 697 Maximianistis
449 669 458 697 t
499 653 714 698 «Veloces
740 652 872 713 pedes
899 669 1051 698 eorum
1076 654 1131 698 ad
1159 654 1478 698 effundendum

94 742 115 766 »
149 724 417 782 sanguinem.
445 743 465 765 »
508 727 652 769 Unum
682 723 791 768 mihi
819 724 921 770 dare
958 740 1090 785 quem
1123 725 1258 784 digito
1291 725 1478 770 laeserint

91 795 576 849 MaximianistaePQuid
598 795 706 840 mihi
729 795 847 840 aliud
867 812 1150 856 responsurus
1167 806 1246 852 est,
1261 796 1341 840 nisi
1358 795 1479 857 quod

91 880 173 925 ego
191 866 315 911 dico?
337 867 423 920 Qui
450 881 494 911 se
521 875 828 926 separaverunt
850 867 904 911 ab
927 868 1094 911 unitate
1110 902 1120 922 ,
1149 876 1192 911 et
1215 867 1377 911 animas
1409 882 1478 911 se-

91 935 294 981 ducendo
330 936 609 992 interimunt,
643 936 904 996 spiritaliter,
930 952 1020 981 non
1047 936 1276 982 carnaliter
1302 938 1478 997 sangui-

90 1022 190 1051 nem
215 1006 427 1052 fundunt.
451 1008 626 1068 Optime
647 1009 908 1067 exposuisti,
943 1007 1018 1052 sed
1045 1008 1091 1051 in
1114 1008 1380 1068 expositione
1402 1018 1478 1053 tua

91 1093 275 1137 agnosce
297 1079 414 1123 facta
434 1087 525 1123 tua.
572 1079 701 1122 «Viri
733 1079 993 1138 sanguinum
1022 1088 1065 1123 et
1096 1078 1349 1124 dolositatis.
1374 1098 1394 1121 »
1426 1082 1478 1124 In

87 1148 242 1194 fraude
263 1149 483 1209 dolositas,
507 1150 551 1194 in
573 1150 870 1206 simulatione,
893 1151 938 1194 in
956 1150 1223 1195 seductione.
1243 1150 1360 1205 Quid
1376 1166 1477 1209 ergo

87 1214 150 1263 illi
176 1219 256 1279 ipsi
277 1219 354 1280 qui
380 1238 398 1260 «
413 1219 546 1264 Divisi
567 1229 669 1265 sunt
688 1237 779 1280 prae
801 1221 862 1265 ira
890 1218 1036 1265 vultus
1063 1221 1179 1282 ejus?
1203 1239 1223 1262 »
1258 1221 1344 1281 Ipsi
1376 1230 1478 1266 sunt

92 1308 112 1333 «
146 1290 239 1334 Viri
260 1291 520 1349 sanguinum
537 1300 581 1335 et
603 1289 860 1336 dolositatis.
879 1311 899 1333 n

144 1361 332 1404 XXVII.
370 1359 455 1405 Sed
476 1359 584 1422 quid
605 1359 660 1405 de
679 1360 764 1406 illis
788 1362 878 1406 ait?
915 1363 1049 1406 «Non
1072 1360 1366 1405 dimidiabunt
1387 1360 1477 1405 dies

89 1448 110 1472 »
145 1445 260 1476 suos.
288 1449 308 1472 »
336 1430 452 1485 Quid
475 1440 539 1476 est
555 1467 565 1486 ,
602 1435 735 1477 «Non
757 1431 1052 1476 dimidiabunt
1072 1431 1162 1476 dies
1184 1433 1309 1476 suos?
1334 1449 1354 1472 »
1379 1434 1477 1477 Non

84 1501 316 1561 proficient
338 1510 550 1562 quantum
574 1511 733 1562 putant
759 1521 767 1547 :
794 1501 907 1546 intra
934 1511 1106 1561 tempus
1128 1500 1249 1562 quod
1276 1510 1474 1561 sperant,

85 1571 308 1631 peribunt.
332 1575 429 1632 Ipse
453 1581 518 1616 est
539 1571 652 1616 enim
681 1571 832 1632 perdix
851 1570 949 1628 ille,
991 1572 1046 1616 de
1068 1588 1157 1633 quo
1180 1571 1346 1616 dictum
1376 1580 1439 1616 est
1464 1590 1473 1616 t

89 1660 111 1684 «
145 1645 198 1687 In
218 1638 399 1687 dimidjo
423 1642 592 1686 dierum
622 1643 656 1704 ej
665 1658 712 1687 us
735 1642 1040 1704 derelinquent
1057 1658 1157 1687 eum
1173 1678 1184 1694 ,
1209 1643 1315 1687 etin
1332 1643 1478 1687 novis-

88 1730 109 1755 »
144 1712 258 1756 simis
286 1713 373 1757 suis
397 1713 478 1757 erit
497 1713 703 1773 insipiens
721 1716 752 1758 ¹.
777 1732 797 1755 »
819 1712 1085 1769 Proficiunt,
1111 1712 1187 1758 sed
1209 1713 1265 1757 ad
1285 1721 1472 1772 tempus.

85 1781 204 1837 Quid
219 1781 335 1826 enim
361 1782 420 1827 ait
435 1781 700 1842 Apostolus?
729 1803 748 1825 «
764 1783 943 1843 Maligni
966 1792 1112 1828 autem
1133 1783 1330 1828 homines
1348 1791 1391 1827 et
1407 1798 1477 1827 se—

88 1871 110 1895 »
145 1853 348 1897 ductores
377 1853 606 1913 proficient
631 1853 677 1897 in
708 1854 857 1914 pejus,
887 1853 967 1913 ipsi
991 1862 1181 1897 errantes
1197 1888 1207 1908 ,
1233 1861 1276 1896 et
1299 1852 1403 1897 alios
1431 1853 1477 1896 in

88 1941 109 1965 »
145 1937 334 1969 errorem
354 1924 617 1969 mittentes2.
641 1941 661 1966 »
688 1926 840 1969 Caecus
863 1932 1009 1968 autem
1027 1938 1192 1968 caecum
1212 1921 1397 1978 ducens,
1418 1922 1477 1967 si-

86 1993 179 2039 mul
218 1996 262 2039 in
289 1994 462 2040 foveam
492 1994 700 2040 cadunt3.
731 1994 888 2039 Merito
910 1993 1073 2039 cadunt
1105 1992 1151 2038 in
1172 2002 1355 2053 puteum
1381 2009 1478 2038 cor-

86 2064 315 2124 ruptionis.
337 2062 454 2120 Quid
473 2080 575 2123 ergo
598 2065 683 2110 ait?
721 2083 740 2106 «
758 2063 991 2109 Proficient
1013 2064 1059 2108 in
1081 2064 1229 2124 pejus:
1253 2082 1273 2105 »
1298 2079 1387 2108 non
1410 2073 1476 2108 ta-

85 2151 184 2181 men
198 2135 290 2181 diu.
301 2139 409 2183 Nam
419 2136 552 2197 paulo
565 2146 665 2181 ante
678 2135 785 2181 dixit
802 2155 810 2181 :
832 2155 851 2178 «
867 2135 950 2182 Sed
964 2135 1078 2180 ultra
1090 2150 1177 2179 non
1188 2134 1437 2194 proficient:
1452 2153 1472 2176 »

85 2204 170 2251 hoc
187 2215 276 2251 est:
305 2225 325 2249 α
341 2208 439 2252 Νοη
456 2206 749 2251 dimidiabunt
769 2207 861 2251 dies
883 2221 997 2250 suos.
1021 2224 1041 2247 ³)
1062 2207 1278 2265 Sequatur
1296 2207 1477 2264 Aposto-

86 2272 181 2332 lus,
212 2285 255 2321 et
286 2274 400 2321 dicat
433 2293 568 2338 quare
603 2297 611 2322 :
638 2277 901 2322 «Dementia
925 2275 1042 2320 enirn
1068 2290 1220 2333 corum
1247 2275 1475 2320 manifesta

89 2364 110 2388 η
146 2347 227 2391 erit
247 2344 450 2392 omnibus
466 2383 477 2402 ,
502 2347 614 2392 sicut
635 2357 679 2392 et
694 2346 869 2392 illorum
893 2346 1021 2391 fuit⁴.
1044 2346 1135 2390 Viri
1147 2345 1409 2405 sanguinum
1432 2355 1476 2390 et

90 2435 111 2458 »
145 2416 382 2463 dolositatis
401 2434 493 2463 non
515 2417 808 2463 dimidiabunt
830 2417 920 2463 dies
942 2433 1056 2462 suos.
1082 2419 1177 2477 Ego
1195 2425 1341 2461 autem
1363 2418 1408 2461 in
1431 2426 1474 2462 te

135 2521 144 2539 ¹
164 2517 388 2558 Jercm.xvn,
417 2529 467 2549 11.
493 2534 535 2540 —-
555 2523 568 2539 ²
587 2526 605 2548 2
627 2517 705 2549 Tim.
728 2529 783 2557 ni,
809 2516 857 2548 13.
878 2533 919 2538 ——
940 2515 952 2539 3
972 2515 1086 2549 Matth.
1108 2527 1164 2557 xv,
1193 2526 1222 2547 ι.
1251 2532 1292 2538 —-
1316 2513 1330 2545 4
1351 2525 1370 2548 2
1389 2515 1472 2548 Tim.

87 2582 132 2612 iu,
148 2571 236 2612 9-13.
