1841 3223
407 186 488 225 354
832 193 865 221 s.
902 194 1133 223 Aucus-nm
1165 197 1347 224 Enscom

401 277 502 306 eum
517 274 648 320 quem
667 260 920 303 timuerunt.
941 279 962 301 «
975 260 1041 303 Ibi
1055 259 1224 305 dolores
1239 261 1349 305 sicut
1362 262 1653 320 parturientis.
1672 280 1692 304 1)
1710 264 1793 308 Ubi

402 331 716 391 parturientem
734 328 878 384 audis,
901 328 1271 393 foetumqexpecta.
1292 331 1482 376 Parturit
1500 341 1623 376 vetus
1640 333 1789 388 homo,

401 402 476 447 scd
503 402 694 446 nascitur
715 417 853 446 novus
876 403 1021 446 homo.
1052 421 1072 444 «
1098 403 1164 446 Ibi
1186 402 1356 447 dolores
1380 412 1429 447 ut
1450 405 1744 463 parturientis.
1769 423 1789 446 »

462 476 537 516 VI.
579 492 598 515 «
629 476 680 516 In
712 473 865 532 spiritu
898 473 1089 517 violento
1117 483 1311 518 conteres
1341 489 1471 518 naves
1511 475 1726 519 Tharsis1.
1765 493 1786 516 »

404 543 596 588 Breviter
635 542 921 601 intelligitur,
961 553 1125 587 evertes
1168 544 1417 602 superbiam
1456 545 1666 602 gentium.
1710 544 1796 590 Sed

403 613 521 656 unde
546 628 596 656 ex
629 613 710 657 hac
740 613 913 656 hisioria
945 612 1104 657 dicitur
1134 614 1297 657 eversio
1323 614 1538 673 superbire
1569 615 1794 674 gentium?

400 687 583 744 Propter
609 703 629 726 «
649 687 787 729 Naves
816 684 1000 728 Tharsis.
1031 702 1050 724 »
1080 685 1250 729 Tharsis
1273 685 1494 729 civitatem
1529 687 1795 745 quaesierunt

401 753 549 809 docti,
594 755 677 798 hoc
706 763 790 807 est,
828 769 1030 813 quaenam
1063 754 1210 798 civitas
1244 755 1328 798 hoe
1366 755 1544 799 nominc
1579 756 1794 814 significa-

400 833 548 880 retur3
573 833 616 868 et
637 822 854 883 aliquibus
876 824 1014 867 visum
1044 833 1108 868 est
1129 823 1324 869 Ciliciam
1352 824 1516 869 dictam
1545 841 1635 870 esse
1659 827 1794 870 Thar-

399 895 475 949 sis‚
507 910 557 938 ex
577 910 630 939 eo
651 893 772 953 quod
795 894 1044 953 metropolis
1077 895 1167 954 ejus
1196 895 1381 939 Tharsus
1408 894 1580 939 dieitur.
1619 902 1675 940 Dc
1707 912 1795 957 qua

400 967 573 1009 civitate
605 974 696 1009 erat
729 965 859 1009 etiam
896 965 1059 1009 Paulus
1092 965 1338 1025 apostolus,
1375 976 1505 1010 natus
1542 967 1587 1010 in
1633 968 1794 1013 Tharso

400 1036 562 1081 Ciliciae
575 1040 607 1080 2.
635 1035 782 1096 Aliqui
818 1046 962 1080 autem
990 1052 1085 1080 eam
1115 1038 1425 1097 Carthaginem
1450 1037 1757 1084 intellexerunt
1781 1058 1790 1084 :

399 1107 590 1152 fortassis
611 1106 848 1168 aliquando
875 1107 935 1151 ita
964 1108 1231 1152 nominatam
1248 1143 1258 1163 ‚
1295 1117 1370 1152 aut
1404 1108 1548 1168 aliqua
1568 1107 1794 1154 locutione

402 1179 462 1223 ita
484 1179 784 1238 significatam.
815 1182 1014 1239 Namque
1037 1179 1154 1238 apud
1176 1181 1433 1239 prophetam
1456 1183 1612 1224 Isa'i'am
1638 1181 1696 1225 sic
1723 1182 1794 1224 in-

399 1251 599 1295 venitur:
625 1270 647 1294 «
667 1250 838 1295 Ululate
855 1266 984 1294 naves
1002 1250 1314 1307 Carthaginisg.
1331 1268 1350 1290 »
1368 1249 1497 1309 Apud
1522 1250 1794 1295 Ezechielem

401 1331 547 1366 autem
569 1338 593 1366 a
615 1322 791 1367 diversis
809 1321 1141 1381 interpretibus,
1171 1322 1225 1364 ab
1244 1321 1334 1365 aliis
1357 1322 1597 1380 Carthago,
1620 1321 1676 1365 ab
1699 1321 1792 1366 aliis

402 1395 572 1438 Tharsis
599 1394 880 1453 interpretata
909 1394 1001 1437 est⁴
1025 1413 1033 1437 ι
1059 1402 1104 1437 et
1126 1394 1206 1437 hac
1227 1392 1473 1437 diversitate
1505 1393 1794 1452 interpretum

399 1473 543 1524 potest
573 1463 757 1523 intelligi
789 1464 901 1508 hanc
928 1462 1136 1522 appellari
1170 1463 1409 1517 Tliarsum,
1446 1479 1545 1523 quse
1573 1464 1793 1522 Carthago

400 1534 644 1579 dicebatur.
676 1534 958 1579 Manifestum
980 1544 1042 1577 est
1065 1543 1210 1578 autem
1229 1569 1239 1588 ‚
1265 1533 1385 1594 quod
1411 1533 1648 1593 primordia
1669 1534 1793 1593 regni

401 1606 674 1664 Carthaginis
697 1604 880 1648 navibus
898 1605 1165 1659 floruerunt,
1192 1614 1235 1648 et
1258 1605 1316 1648 ita
1339 1604 1600 1659 floruerunt,
1617 1614 1668 1649 ut
1680 1605 1793 1648 inter

401 1685 576 1721 caeteras
599 1685 746 1733 gentes
766 1674 1026 1718 excellerent
1049 1675 1418 1733 negotiationibus
1442 1685 1486 1719 et
1503 1675 1792 1734 navigationi-

401 1747 500 1791 bus.
530 1749 640 1792 Nam
667 1745 844 1806 quando
877 1744 987 1789 Dido
1017 1744 1189 1803 fugiens
1222 1745 1401 1788 fratrem
1435 1745 1611 1805 delapsa
1644 1755 1708 1789 est
1739 1744 1794 1790 ad

401 1826 536 1861 terras
557 1816 739 1871 Africae,
764 1816 842 1859 ubi
865 1816 1170 1872 Carthaginem
1193 1814 1414 1869 condidit,
1445 1830 1574 1859 naves
1597 1831 1696 1875 quae
1717 1831 1794 1875 pa-

400 1897 506 1932 ratae
528 1897 652 1932 erant
673 1887 729 1930 ad
749 1886 1057 1930 mercationem
1092 1886 1138 1928 in
1164 1887 1256 1945 ejus
1280 1886 1479 1943 regione,
1508 1895 1795 1945 assumpserat

401 1960 457 2003 ad
474 1958 644 2017 fugam,
670 1957 1041 2002 consentientibus
1066 1957 1146 2000 sibi
1168 1956 1355 2015 regionis
1382 1957 1473 2016 ejus
1491 1957 1761 2016 principibus
1782 1977 1790 2002 ε

402 2039 444 2073 et
467 2027 570 2089 ipsae
593 2043 722 2072 naves
755 2027 886 2071 etiam
915 2027 1089 2070 condita
1111 2026 1373 2084 Carthagine
1395 2026 1448 2070 ad
1477 2026 1794 2086 negotiandum

401 2115 491 2145 non
514 2099 786 2143 defecerunt.
820 2100 964 2157 Atque
1000 2097 1102 2141 hinc
1140 2096 1345 2140 nimirum
1374 2097 1563 2155 superba
1588 2096 1702 2141 facta
1730 2107 1795 2142 est

400 2170 549 2214 civitas
569 2168 642 2213 illa
658 2204 668 2224 ,
699 2177 750 2212 ut
772 2167 903 2226 digne
927 2182 1002 2226 per
1031 2168 1121 2226 ejus
1148 2182 1276 2211 naves
1299 2166 1570 2225 intelligatur
1591 2167 1794 2226 superbia

400 2242 620 2301 gentium,
644 2254 910 2300 praesumens
928 2239 974 2282 in
991 2238 1163 2282 incertis
1187 2248 1393 2298 tanquam
1417 2238 1463 2281 in
1485 2238 1659 2283 [latibus
1682 2254 1792 2283 ven-
1840 2241 1841 2269 ἶ

399 2322 560 2358 torum.
596 2315 692 2357 Jam
720 2327 810 2355 non
837 2318 1126 2370 praesumatur
1156 2309 1211 2353 de
1242 2309 1557 2365 velificatione,
1590 2318 1634 2353 et
1669 2309 1791 2370 quasi

399 2382 684 2444 prosperitate
705 2381 852 2426 saeculi
874 2381 1018 2440 hujus,
1043 2389 1253 2441 tanquam
1270 2380 1397 2424 maris
1417 2399 1426 2424 ;
1452 2378 1791 2424 fundamentum

450 2485 459 2502 ¹
488 2477 570 2510 Psal.
602 2488 712 2518 nvn,
740 2479 773 2510 8.
800 2493 844 2498 —
868 2482 881 2498 2
900 2477 975 2508 Act.
993 2486 1069 2517 xxi,
1095 2475 1148 2518 39.
1177 2493 1217 2498 —
1239 2473 1340 2508 ³Isa'1'.
1360 2485 1458 2516 xuu,
1492 2485 1522 2517 1,
1537 2474 1631 2516 juxta
1649 2485 1726 2508 Lxx.
1749 2491 1791 2498 -

402 2532 419 2565 4
437 2533 555 2568 Ezech.
573 2543 709 2575 xxxviu,
732 2531 784 2574 13,
805 2531 901 2573 juxta
919 2541 990 2564 Lxx.
