1841 3223
361 157 445 198 346
789 172 822 198 a.
858 170 1090 200 Annus-nm
1122 173 1304 200 muscom

363 253 383 277 ³>
418 245 462 279 ct
482 235 527 278 in
551 244 708 278 terram
727 234 851 279 ibis1.
877 254 896 276 n
918 236 1054 281 Debet
1076 246 1223 281 autem
1241 237 1375 282 homo
1392 237 1447 281 dc
1470 241 1559 282 Deo
1582 251 1748 298 proesu-

359 321 497 359 mere,
524 315 567 349 et
595 304 696 349 inde
723 320 893 365 sperare
924 307 1132 352 auxilium
1152 343 1163 363 ‚
1200 324 1288 353 non
1323 308 1378 352 de
1405 324 1465 353 se.
1501 312 1599 354 Non
1631 312 1747 354 enim

358 386 469 421 terra
492 376 604 435 pluit
626 376 726 431 sibi,
752 386 827 421 aut
854 376 972 422 lucet
993 379 1089 423 sibi.
1123 379 1355 433 Quomodo
1383 389 1528 424 autem
1557 389 1671 424 terra
1693 381 1748 426 de

358 446 473 491 coelo
495 455 692 506 expectat
712 446 904 507 pluviam
930 458 974 492 et
1002 448 1171 504 lucem,
1196 450 1254 494 sic
1277 451 1409 494 homo
1432 450 1486 494 de
1503 453 1592 495 Deo
1615 451 1748 496 debet

358 526 583 577 expectare
600 518 937 564 misericordiam
955 528 998 564 et
1014 520 1254 564 veritatem.
1276 518 1342 563 llli
1363 535 1466 579 ergo
1493 539 1512 562 «
1533 521 1600 566 Dii
1618 520 1750 566 fortes

360 606 380 629 >2
418 597 544 635 tcrrae
565 587 692 633 valde
714 588 866 634 elevati
889 599 1012 644 sunt,
1042 608 1061 631 n
1089 589 1135 634 id
1157 599 1221 634 est
1236 625 1247 644 ,
1273 589 1398 634 valde
1417 591 1746 650 superbierunt:

357 673 448 704 non
469 658 549 702 sibi
570 658 788 704 medicum
808 661 1095 705 necessarium
1114 670 1405 720 putaverunt,
1428 670 1471 706 et
1492 661 1591 707 ideo
1608 663 1654 706 in
1671 679 1750 708 sua

355 728 613 787 aegritudine
645 740 966 786 remanserunt,
994 739 1036 774 et
1065 732 1156 791 ipsa
1178 730 1440 790 aegritudine
1475 731 1531 776 ad
1566 741 1751 789 mortem

355 799 556 860 perducti
581 810 697 845 sunt.
729 801 899 846 Praecisi
931 811 1034 846 sunt
1068 803 1173 846 rami
1198 802 1448 858 naturales,
1488 812 1538 847 ut
1573 803 1750 848 humilis

356 872 618 916 insereretur
649 871 831 917 oleaster
845 874 877 916 ².
907 892 926 915 «
958 875 1176 927 Quoniam
1207 873 1268 918 dii
1299 872 1433 919 fortes
1465 883 1592 920 terrae
1622 874 1751 920 valde

360 960 380 983 »
416 940 573 986 elevati
594 950 712 986 sunt.
741 960 760 983 »
785 945 1024 988 Teneamus
1055 959 1184 1002 ergo,
1217 943 1396 999 fratres,
1429 944 1748 1000 humilitatem,

357 1012 614 1056 charitatem
633 1047 644 1068 ,
675 1013 879 1073 pietatem
897 1034 908 1071 3
933 1015 1035 1074 quia
1052 1014 1194 1059 vocati
1211 1029 1361 1059 sumus
1379 1013 1462 1060 illis
1484 1015 1747 1075 reprobatis,

356 1081 425 1127 vel
445 1081 622 1128 illorum
643 1083 842 1144 exemplo
861 1084 1085 1145 superbire
1106 1086 1354 1130 timeamus.

357 1241 499 1257 ΝἏΊΝΜἮ
505 1241 569 1257 wu
575 1240 925 1258 xuaewvsummmtvvvs
930 1242 1067 1258 mm
1072 1241 1744 1259 mmm=mmmmmmm

865 1363 1247 1413 ENARRATIO

722 1514 781 1552 IN
823 1513 1128 1554 PSALMUM
1175 1514 1375 1554 XLVII.

832 1658 981 1702 Sermo
1001 1655 1056 1701 ad
1079 1656 1271 1716 plebem.

413 1794 447 1836 I.
463 1793 650 1836 Tantus
665 1791 823 1837 Psalmi
840 1793 943 1837 estssz
961 1795 1104 1837 «Laus
1115 1792 1283 1837 Cantici
1296 1791 1392 1836 filiis
1406 1793 1535 1848 Core,
1553 1792 1745 1838 secunda

355 1879 378 1906 ι)
413 1862 622 1906 sabbati4.
639 1880 658 1903 »
678 1865 739 1907 De
752 1863 836 1907 hoc
850 1861 972 1922 quod
984 1863 1195 1907 Dominus
1210 1862 1373 1906 donare
1393 1860 1614 1919 dignatur,
1636 1863 1747 1907 exei-

351 1933 441 1993 pite
452 1941 659 1992 tanquam
669 1931 750 1976 filii
761 1932 1039 1976 firmamenti.
1055 1930 1254 1977 Secunda
1273 1932 1388 1976 enim
1403 1932 1588 1988 sabbati,
1603 1932 1649 1976 id
1663 1941 1742 1987 est,

351 2011 451 2064 post
467 2001 584 2046 diem
606 2002 814 2062 primum,
836 2018 968 2063 quem
985 2003 1260 2047 Dominicum
1281 2001 1483 2058 dicimus,
1500 2018 1600 2063 quae
1617 2003 1746 2048 etiam

353 2072 544 2118 secunda
567 2071 673 2116 feria
692 2072 867 2125 dicitur,
892 2072 1058 2117 factum
1081 2082 1144 2117 est
1165 2074 1491 2117 firmamentum
1512 2072 1636 2128 coeli,
1658 2073 1746 2117 imo

352 2144 678 2188 firmamentum
701 2143 880 2188 coelum.
918 2142 1094 2189 Coelum
1129 2144 1246 2187 enim
1267 2144 1437 2188 vocavit
1460 2146 1572 2188 Deus
1597 2144 1745 2187 firma-

352 2223 550 2258 mentum
565 2217 597 2258 5.
630 2214 775 2259 Primo
797 2224 941 2258 autem
961 2213 1031 2259 die
1055 2213 1199 2258 lucem
1232 2212 1417 2268 fecerat,
1443 2223 1487 2257 et
1508 2229 1531 2257 a
1554 2213 1744 2258 tenebris

353 2283 580 2342 diviserat,
604 2293 648 2328 et
668 2293 898 2329 vocaverat
913 2283 1073 2338 lucem,
1090 2283 1205 2328 diem
1220 2305 1231 2342 3
1247 2292 1289 2327 et
1306 2283 1524 2338 tenebras,
1550 2292 1741 2328 noctem.

353 2354 475 2400 Sicut
492 2363 638 2399 autem
665 2355 829 2400 indicat
852 2354 1009 2400 Psalmi
1031 2355 1159 2415 hujus
1177 2355 1411 2410 contextio,
1430 2353 1596 2415 aliquid
1613 2355 1744 2398 etiam

404 2469 413 2486 ¹
437 2465 517 2496 Gen.
537 2473 582 2504 lu,
603 2475 654 2506 ¹9·
674 2480 715 2487 --
731 2470 744 2487 ²
760 2466 851 2496 Rom.
874 2473 919 2504 xi,
942 2473 993 2505 ¹7-
1014 2479 1055 2485 ——
1073 2459 1086 2485 ³
1105 2462 1185 2495 Vide
1203 2465 1240 2496 D.
1258 2461 1403 2504 Guillon‚
1421 2465 1500 2494 tom.
1520 2471 1639 2504 xx1,p.
1665 2459 1746 2503 485-

355 2519 433 2562 498.
455 2518 525 2550 -4
544 2520 623 2552 psal.
644 2531 741 2561 xtvn,
765 2531 793 2553 1.
814 2536 855 2543 -—
872 2518 886 2543 ⁵
905 2522 983 2553 Gen.
1006 2519 1111 2561 1,3-8.
