1841 3223
777 227 798 239 s

395 269 638 299 nmmum-10
670 271 715 298 IN
746 267 949 297 PsALMUM
981 269 1100 296 xmv.
1373 258 1454 296 281

75 336 120 380 id
137 345 222 392 est,
243 351 344 380 cum
366 344 633 394 resurgeret,
667 344 710 378 et
727 334 927 393 gentibus
949 334 1237 378 innotesceret
1254 368 1264 389 ,
1285 348 1462 377 cessan-

74 407 191 452 tibus
212 406 609 467 persecutionibUS,
642 406 771 449 etiam
792 404 855 448 illi
879 407 954 464 qui
989 405 1204 449 haeserant
1230 405 1277 448 in
1311 414 1422 448 terra
1443 440 1455 461 ,

74 478 183 521 eruti
205 487 307 521 sunt
328 477 382 521 de
411 486 520 521 terra
539 511 550 531 ,
575 485 618 520 et
639 484 815 534 agentes
845 475 1148 534 poenitentiam
1172 474 1331 519 redditi
1357 485 1460 520 sunt

72 547 243 607 corpori
264 547 425 591 Christi
445 582 456 602 ,
477 546 674 606 quamvis
691 545 877 600 infirmi,
904 545 1102 604 quamvis
1123 545 1383 604 imperfecti,
1408 555 1460 590 ut

72 617 362 677 compleretur
394 618 439 661 in
472 617 559 662 eis:
590 614 933 676 «Imperfectum
949 631 1096 658 meum
1115 615 1321 661 viderunt
1342 617 1458 661 oculi

77 709 95 731 »
129 689 210 744 tui,
226 698 268 733 et
286 689 332 733 in
348 688 461 733 libro
475 697 552 733 tuo
569 703 718 732 omnes
742 687 1026 732 scribentur-1.
1045 690 1236 746 Exurge,
1255 689 1454 744 Domine,

73 777 94 801 »
131 759 286 820 adjuva
303 775 381 804 nos
402 779 411 805 :
432 769 475 803 et
487 758 651 803 redime
670 774 746 803 nos
761 767 940 818 propter
960 773 1122 802 nomen
1143 767 1269 801 tuum
1299 776 1342 803 ε»
1372 759 1457 803 hoc

71 839 155 886 est,
181 831 337 889 gratis,
363 841 540 891 propter
568 846 730 875 nomen
752 839 899 884 tuum,
925 845 1015 874 non
1046 838 1225 889 propter
1251 829 1457 874 meritum

70 915 240 959 meum,
270 901 373 962 quia
398 910 448 945 tu
467 902 669 960 dignatus
692 916 735 945 es
756 900 898 945 facere
914 935 925 956 ,
951 915 1040 944 non
1063 900 1164 960 quia
1192 913 1271 957 ego
1300 899 1459 959 dignus

69 986 165 1015 sum
187 972 259 1015 cui
275 970 421 1016 facias.
446 974 553 1017 Nam
578 980 622 1015 et
637 972 720 1015 hoc
742 971 887 1031 ipsum
908 969 1029 1031 quod
1051 986 1138 1015 non
1162 986 1311 1014 sumus
1334 969 1458 1015 obliti

69 1049 130 1096 te,
157 1050 200 1085 et
222 1056 312 1085 non
333 1041 506 1085 recessit
528 1050 643 1085 retro
661 1056 735 1085 cor
758 1050 971 1096 nostrum,
997 1040 1118 1102 quod
1139 1056 1229 1085 non
1247 1040 1458 1100 expandi-

69 1126 166 1155 mus
197 1127 351 1156 manus
372 1121 537 1158 nostras
559 1111 614 1156 ad
636 1114 776 1156 Deum
798 1111 986 1155 alienum
1004 1147 1014 1167 ,
1044 1112 1125 1155 nisi
1153 1120 1195 1155 te
1225 1111 1459 1172 adjuvante

68 1181 189 1226 unde
222 1185 469 1243 possemus?
500 1183 582 1227 nisi
610 1192 653 1227 te
685 1185 801 1227 intus
830 1182 1081 1242 alloquente
1108 1192 1151 1227 et
1174 1182 1454 1238 exhortante,

69 1269 159 1298 non
185 1254 408 1298 deserente
428 1290 439 1310 ,
465 1253 584 1298 unde
606 1254 881 1299 valeremus?
908 1257 1025 1313 Ergo
1061 1253 1149 1298 sive
1171 1253 1382 1313 patientes
1411 1254 1458 1298 in

69 1323 450 1381 tribulationibus,
465 1325 554 1370 sive
569 1325 804 1383 gaudentes
827 1325 871 1368 in
894 1324 1266 1386 prosperitatibus,
1292 1323 1457 1369 redime

67 1409 169 1453 nos;
203 1410 294 1440 non
322 1404 500 1457 propter
528 1396 734 1441 meritum
756 1405 977 1452 nostrum,
1002 1395 1078 1441 sed
1099 1405 1276 1456 propter
1296 1410 1456 1440 nomen

67 1468 210 1509 tuum.

66 1621 418 1639 mmmvmm
423 1623 1454 1640 mmmmmxwmmvmmmmmmvmmvmmv,

571 1744 953 1794 ENARRATIO

401 1880 462 1920 IN
505 1879 808 1920 PSALMUM
849 1881 998 1920 XLIV
1033 1878 1139 1935 (13).

334 2022 483 2066 Sermo
509 2020 564 2065 ad
585 2020 757 2081 plebem
785 2021 1184 2080 Carthaginensem.

125 2156 250 2199 Hunc
263 2158 281 2183 2
302 2155 522 2200 Psalmum
542 2156 654 2200 sieut
679 2157 906 2202 vobiscum
931 2172 1033 2201 cum
1060 2157 1324 2203 exultatione
1345 2176 1453 2204 can·-

66 2225 249 2270 tavimus
264 2261 275 2281 ,
305 2226 366 2270 ita
391 2225 619 2271 nobiseum
642 2242 744 2271 cum
768 2227 1008 2272 attentione
1030 2228 1308 2274 consideretis
1330 2239 1448 2290 peto.

66 2297 278 2341 Cantatur
299 2297 414 2340 enim
431 2296 485 2341 de
502 2298 658 2342 sanctis
679 2299 842 2358 nuptiis
858 2334 869 2354 ,
891 2298 945 2342 de
966 2314 1123 2359 sponso
1145 2309 1188 2344 et
1209 2315 1380 2359 sponsa,
1397 2300 1452 2346 (le

66 2381 164 2425 rege
186 2377 229 2412 et
248 2366 377 2426 plebe
392 2403 403 2423 ,
444 2367 498 2412 de
522 2367 741 2414 Salvatore
763 2379 806 2413 et
827 2369 881 2414 de
917 2370 982 2414 his
1011 2371 1087 2430 qui
1108 2370 1301 2416 salvandi
1330 2382 1446 2417 sunt.

66 2437 150 2490 Qui
162 2452 262 2481 cum
274 2446 391 2482 veste
408 2438 594 2498 nuptiali
614 2440 734 2485 venit
750 2440 806 2484 ad
822 2441 995 2500 nuptias
1006 2442 1038 2497 ³,
1060 2440 1238 2499 gloriam
1251 2459 1450 2503 quaerens

114 2549 124 2565 ¹
145 2542 226 2575 Psal.
252 2554 407 2587 cxxxvlii,
440 2545 491 2578 16.
519 2562 560 2569 -—
579 2552 593 2569 n
612 2545 692 2578 vide
710 2549 748 2579 D.
769 2545 893 2578 Guillon
908 2571 916 2587 ,
936 2550 1014 2579 tom.
1036 2557 1106 2588 xxx,
1128 2558 1200 2590 pag.
1221 2547 1380 2591 483-485.
1407 2566 1448 2572 --

70 2596 84 2620 ³
102 2598 212 2631 Matth.
234 2610 309 2642 xm,
339 2612 389 2632 11.
