1841 3223
409 251 652 282 umanum
684 255 730 282 m
761 251 965 282 PsALMUM
997 254 1117 282 xmx.
1380 240 1464 282 427

80 329 143 366 est
162 329 214 366 ut
229 320 305 380 qui
321 330 504 379 aegrotat
520 356 530 375 ‚
556 321 712 365 sentiat
732 336 776 365 se
796 321 999 365 miserum
1021 340 1029 366 ε
1050 319 1227 382 quando
1244 336 1372 366 sanus
1388 337 1461 378 es,

79 390 180 436 vide
201 391 234 434 si
251 391 380 434 miser
400 406 469 447 es;
493 391 594 450 quia
616 406 715 434 cum
739 394 830 435 Deo
851 391 1048 435 nondum
1070 407 1128 436 es.
1160 411 1180 434 «
1203 391 1467 438 Tribulatio-

83 480 103 503 n
138 477 240 507 nem
271 470 315 505 et
345 460 541 505 dolorem
568 461 736 515 inveni,
768 470 812 506 et
833 477 991 506 nomen
1016 463 1190 507 Domini
1218 463 1463 508 invocavi1.

83 553 104 576 »
141 531 323 578 Immola
353 547 456 590 ergo
483 535 574 576 Deo
596 531 852 576 sacrificium
883 531 1038 576 laudis.
1063 551 1082 573 »
1111 533 1259 578 Lauda
1281 534 1468 592 promit-

81 612 267 657 tentem,
292 601 421 646 lauda
443 611 696 656 vocantem,
721 601 851 646 lauda
873 596 1170 648 exhortantem
1186 639 1198 658 ‚
1222 603 1354 650 lauda
1386 603 1468 649 ad-

77 676 303 735 juvantem
321 692 329 717 :
350 681 394 717 et
419 671 613 730 intellige
633 673 679 716 in
707 688 792 732 qua
814 672 1095 718 tribulatione
1112 674 1277 734 positus
1299 690 1358 720 es.
1388 678 1466 720 In-

81 759 187 789 voca
203 778 214 798 ‚
241 743 401 787 erueris
417 778 428 797 ‚
454 742 735 800 glorificabis,
756 743 1046 801 permanebis.

139 817 308 859 XXIII.
344 814 500 859 Videte
521 824 666 859 autem
689 813 810 874 quod
831 815 1040 874 sequitur,
1065 813 1218 859 fratres
1241 815 1340 860 mei,
1371 817 1469 859 Jam

82 886 199 930 enim
235 886 380 930 nescio
410 885 529 945 quis,
562 885 662 945 quia
686 883 850 929 dixerat
871 883 933 928 illi
957 888 1071 929 Deus
1094 904 1103 931 :
1132 904 1152 928 «
1178 884 1361 929 Immola
1379 888 1470 929 Deo

85 974 106 998 »
141 956 397 1000 sacrificium
417 954 559 999 laudis
574 990 584 1010 ,
612 973 632 995 n
660 965 703 999 et
724 956 807 1000 hoc
829 955 1019 1015 quodam
1040 955 1173 1000 modo
1196 955 1381 1014 vectigal
1402 956 1472 999 in-

82 1026 273 1081 dixerat,
297 1025 591 1070 meditabatur
613 1025 693 1069 sibi
707 1061 717 1079 ‚
743 1034 786 1069 et
807 1025 980 1069 dicebat
1006 1045 1014 1069 :
1038 1028 1218 1084 Surgam
1240 1024 1438 1085 quotidie
1455 1059 1466 1080 ,

83 1111 256 1157 pergam
276 1094 332 1140 ad
345 1095 597 1151 Ecclesiam,
622 1095 763 1140 dicam
783 1111 921 1139 unum
942 1095 1156 1153 hymnum
1181 1096 1469 1151 matutinum,

85 1167 219 1212 alium
241 1166 559 1225 vespertinum,
585 1166 762 1210 tertium
792 1175 865 1210 aut
888 1175 1094 1225 quartum
1125 1166 1169 1209 in
1197 1165 1329 1210 domo
1351 1181 1468 1221 mea,

85 1236 280 1297 quotidie
301 1236 495 1281 sacrifico
517 1236 773 1280 sacrificium
795 1235 934 1280 laudis
948 1272 958 1289 ‚
980 1246 1022 1280 et
1042 1235 1220 1280 immolo
1243 1239 1332 1281 Deo
1356 1251 1468 1281 meo.

84 1311 201 1352 Bene
223 1307 327 1352 facis
343 1307 522 1367 quidem
538 1342 549 1360 ,
571 1307 605 1350 si
629 1307 712 1352 hoc
740 1307 846 1351 sacis
873 1327 881 1351 z
907 1306 982 1350 sed
997 1306 1094 1351 vide
1118 1323 1172 1350 ne
1183 1308 1273 1366 jam
1297 1322 1473 1351 securus

85 1380 139 1424 sis
155 1414 166 1434 ‚
191 1379 292 1440 quia
307 1379 398 1439 jam
410 1379 494 1423 hoc
510 1377 613 1423 facis
627 1412 640 1432 q
664 1388 708 1422 et
728 1378 841 1423 forte
864 1377 1012 1436 lingua
1034 1387 1108 1422 tua
1131 1382 1270 1422 Deum
1289 1378 1473 1422 benedi-

85 1459 154 1496 cat
168 1486 178 1505 ,
203 1460 247 1494 et
267 1450 353 1494 vita
371 1458 446 1492 tua
463 1452 552 1493 Deo
573 1448 818 1503 maledicat.
844 1450 881 1492 Ο
903 1448 1064 1508 popule
1086 1465 1208 1493 meus
1223 1485 1234 1504 ‚
1267 1450 1372 1494 dicit
1394 1449 1474 1493 tibi

84 1524 200 1566 Deus
231 1519 413 1564 deorum
436 1519 647 1564 Dominus
679 1519 754 1579 qui
776 1519 948 1563 locutus
963 1528 1045 1574 est,
1071 1535 1228 1564 vocans
1258 1529 1417 1565 terram
1451 1536 1474 1564 a

85 1591 185 1636 solis
198 1599 298 1635 ortu
318 1605 457 1650 usque
478 1588 534 1633 ad
553 1605 776 1643 occasum,
798 1590 994 1649 quamvis
1013 1590 1156 1634 adhuc
1179 1591 1292 1634 inter
1314 1590 1474 1635 zizania

86 1661 348 1707 constitutus
371 1661 451 1705 sis²
478 1680 486 1704 :
517 1678 536 1702 «
560 1659 742 1704 Immola
765 1661 1024 1704 sacrificium
1046 1660 1187 1705 laudis
1201 1664 1292 1706 Deo
1314 1671 1414 1716 tuo,
1432 1670 1476 1705 et

88 1751 111 1775 ι)
145 1731 279 1776 redde
310 1731 374 1775 illi
406 1746 554 1791 preces
584 1740 711 1775 tuas:
743 1752 760 1773 ›>
781 1730 857 1777 sed
889 1731 988 1775 vide
1020 1747 1075 1776 ne
1106 1732 1224 1776 vivas
1262 1731 1401 1788 male,
1432 1741 1476 1776 et

31 1825 33 1827 ·
87 1813 233 1849 cantes
255 1803 383 1847 bene.
402 1805 547 1856 Quare
567 1803 677 1846 hoc?
703 1821 722 1843 «
745 1803 966 1847 Peccatori
980 1803 1094 1846 enim
1114 1802 1220 1847 dicit
1235 1806 1349 1847 Deus
1371 1823 1380 1848 ι
1401 1806 1477 1848 Ut-

91 1893 111 1917 »
146 1873 254 1935 quid
275 1883 324 1918 tu
337 1873 704 1933 enarrasjustitias
719 1888 832 1917 meas
849 1908 860 1927 ‚
882 1882 925 1917 et
948 1873 1126 1917 assumis
1150 1876 1475 1918 Testamentum

91 1962 112 1986 »
146 1959 293 1988 meum
314 1958 392 2002 per
412 1958 459 1986 os
487 1951 614 1986 tuum
630 1944 710 1986 ³P»
734 1941 924 1996 Videtis,
952 1941 1127 1998 tratres,
1152 1958 1251 1987 cum
1276 1959 1364 2003 quo
1386 1953 1476 1988 tre-

88 2030 210 2059 more
229 2014 310 2058 ista
331 2012 541 2057 dicamus.
580 2013 849 2056 Assumimus
877 2015 1202 2057 Testamentum
1225 2013 1303 2057 Dei
1333 2029 1409 2073 per
1430 2029 1477 2058 os

89 2093 312 2138 nostrum,
357 2091 401 2126 et
435 2082 721 2142 praedicamus
751 2082 875 2127 vobis
914 2083 1204 2127 eruditionem
1235 2084 1476 2144 etjustitias

89 2155 183 2200 Dei.
207 2157 266 2198 Et
286 2152 394 2214 quid
415 2153 521 2198 dicit
543 2153 761 2213 peccatori
784 2156 927 2198 Deus?
951 2173 970 2195 «
998 2154 1161 2214 thuid
1194 2163 1244 2198 tu
1262 2156 1308 2198 4?
1335 2175 1352 2195 »
1376 2158 1479 2199 Pro-

89 2225 213 2269 hibet
239 2239 342 2282 ergo
376 2222 680 2283 praedicatores
719 2226 992 2283 peccatores?
1033 2227 1089 2268 Et
1126 2224 1203 2268 ubi
1231 2233 1293 2268 est
1328 2223 1441 2269 illud
1464 2244 1473 2270 ι

95 2313 115 2337 «
148 2296 256 2347 Quae
290 2293 444 2338 dicunt
476 2292 602 2338 facite
618 2329 628 2347 ‚
664 2309 763 2354 quae
802 2303 947 2338 autem
983 2292 1176 2348 faciunt,
1214 2292 1355 2338 facere
1391 2310 1475 2338 no-

94 2382 115 2405 »
149 2363 285 2408 lite5‘?
310 2382 330 2404 >›
358 2363 442 2408 Ubi
478 2372 541 2407 est
570 2362 693 2407 illud.
736 2384 756 2406 «
790 2365 886 2408 Sive
914 2363 1094 2407 veritate
1111 2399 1121 2417 ‚
1141 2363 1228 2407 sive
1251 2364 1477 2408 occasione

97 2455 115 2476 »
150 2434 346 2480 Christus
367 2434 707 2479 annuntietur⁶P
732 2453 752 2475 »
781 2433 864 2479 Sed
898 2435 993 2478 haec
1023 2434 1138 2478 dicta
1171 2444 1294 2490 suut,
1326 2450 1382 2479 ne
1415 2435 1473 2479 ti-

141 2537 150 2554 ¹
178 2531 256 2562 Psal.
282 2541 366 2563 cuv.
387 2531 419 2563 3.
443 2549 484 2554 —
502 2538 515 2553 2
534 2531 647 2563 Matth.
673 2541 750 2570 xm,
769 2530 823 2562 25.
846 2547 887 2553 —
915 2529 928 2552 3
943 2530 1023 2563 Psal.
1048 2541 1134 2571 xmx,
1161 2530 1211 2563 16.
1231 2548 1274 2554 ·-—
1292 2530 1307 2561 4
1322 2530 1468 2564 Subaml.

94 2596 234 2627 enarum,
253 2591 317 2619 etc.
339 2603 380 2610 -
397 2585 412 2609 ⁵
430 2587 543 2619 Matth.
564 2597 657 2624 xxm,
680 2587 707 2617 3.
736 2603 776 2608 --
795 2584 810 2608 6
836 2585 946 2627 Philip.
973 2598 997 2627 1,
1017 2586 1067 2618 18.
