1841 3223
435 286 675 316 ENAnnAmto
708 289 752 316 m
785 286 987 316 rsALMUM
1019 286 1058 312 L.
1383 264 1466 304 453

84 369 104 393 «
138 353 260 396 Crea.
281 354 338 396 Et
364 353 563 412 spiritum
593 363 757 397 rectum
789 354 947 397 innova
974 352 1018 395 in
1037 348 1269 395 visceribus
1297 344 1418 389 meis.
1440 350 1462 383 '»

80 424 161 465 Per
174 422 360 477 factum,
387 423 553 482 inquit,
579 439 723 467 meum
751 423 988 467 inveterata
1012 429 1103 465 erat
1133 428 1264 479 atque
1287 422 1466 459 curvata

78 491 291 536 rectitudo
313 493 486 552 spiritus
508 493 608 536 mei.
634 493 746 537 Dicit
768 493 884 536 enim
907 508 957 535 ex
978 490 1060 535 alio
1080 489 1247 534 Psalmo
1270 506 1278 531 ε
1310 504 1328 528 «
1349 486 1464 529 Cur-

80 579 99 603 »
134 571 347 606 vaverunt
370 563 556 607 animam
594 577 735 606 meam
753 565 782 605 ².
812 581 831 602 »
860 564 914 605 Et
938 560 1117 621 quando
1138 574 1182 603 se
1203 559 1336 602 homo
1358 568 1465 615 pro-

75 649 184 676 num
213 632 316 677 facit
347 633 402 677 ad
424 644 611 678 terrenas
639 633 1029 693 concupiscentias,
1064 632 1317 674 incurvatur
1349 640 1465 686 quo-

75 701 174 747 dam
191 703 323 748 modo
341 725 351 761 3
376 720 476 748 cum
495 714 639 749 autem
660 704 840 763 erigitur
856 704 900 747 in
915 717 1116 762 superna,
1137 709 1303 744 rectum
1322 699 1370 741 fit
1388 711 1464 740 cor

75 774 189 833 ejus,
223 783 273 818 ut
304 775 445 819 bonus
483 775 544 818 illi
576 775 630 819 sit
658 779 789 819 Deus.
820 793 839 815 «
865 775 1006 826 Quam
1038 772 1178 815 bonus
1208 769 1323 813 enim
1347 771 1462 812 Deus

77 861 97 884 »
114 843 244 887 Israel
257 846 382 889 rectis
401 845 531 889 corde
543 845 581 888 21
598 863 616 886 »
631 843 834 898 Proinde,
853 843 1019 896 fratres,
1032 840 1191 885 audite.
1210 836 1461 898 Aliquando

73 917 186 959 Deus
204 916 274 959 cui
295 916 480 974 ignoscit
503 917 547 960 in
567 915 715 960 futuro
734 914 914 969 saeculo,
940 913 1117 972 corripit
1139 927 1238 955 eum
1268 909 1321 953 de
1353 923 1460 968 pec-

72 994 168 1029 cato
190 986 235 1029 in
258 986 339 1030 isto
362 987 535 1031 saeculo.
565 990 672 1031 Nam
703 996 745 1030 et
771 986 851 1046 ipsi
876 985 1036 1039 David,
1068 984 1138 1027 cui
1171 982 1337 1025 dictum
1369 981 1461 1040 jam

73 1055 214 1100 suerat
236 1072 311 1116 per
334 1059 592 1117 Prophetam
613 1074 621 1098 2
645 1077 660 1097 «
690 1058 919 1101 Dimissum
934 1065 997 1099 est
1013 1063 1237 1114 peccatum
1250 1053 1418 1106 mum3,
1435 1069 1455 1091 n

72 1140 311 1175 evenerunt
327 1132 528 1191 quiedam
547 1147 646 1191 quae
669 1131 858 1174 minatus
881 1138 972 1173 erat
988 1132 1102 1172 Deus
1117 1137 1294 1186 propter
1314 1127 1458 1185 ipsum

71 1209 315 1257 peccatum.
337 1204 445 1246 Nam
471 1200 583 1245 filius
606 1202 695 1260 ejus
718 1199 954 1244 Abessalon
973 1199 1176 1243 adversus
1189 1211 1459 1240 eunicfflen-

71 1278 165 1312 tum
188 1269 353 1314 bellum
378 1271 526 1330 gessit,
551 1280 593 1314 et
615 1271 659 1313 in
681 1269 1261 1327 multishumiliavitpatrem
1280 1267 1456 1310 suum&

70 1340 337 1385 Ambulabat
371 1341 443 1385 ille
478 1342 523 1386 in
556 1341 733 1396 dolore,
771 1341 813 1384 in
844 1339 1124 1384 tribulatione
1146 1337 1458 1382 humiliationis

70 1425 158 1453 suae
174 1446 184 1466 ,
211 1412 269 1455 ita
288 1413 488 1457 subditus
512 1415 623 1466 Deo,
650 1421 700 1455 ut
718 1411 989 1471 omniajusta
1009 1411 1045 1453 ei
1068 1410 1260 1453 tribuens
1282 1409 1459 1452 conflte-

69 1490 188 1525 retur
214 1483 333 1542 quod
369 1483 477 1526 nihil
507 1492 728 1543 pateretur
759 1482 965 1540 indigne,
998 1481 1267 1540 habensjam
1290 1489 1458 1523 rectum

69 1569 143 1597 cor
164 1554 233 1598 cui
256 1570 344 1599 non
366 1553 623 1614 displicebat
644 1557 770 1598 Deus.
801 1554 1058 1613 Injuriosum
1082 1551 1314 1612 quemdam
1347 1561 1391 1595 et
1413 1552 1459 1594 in

68 1640 114 1668 os
136 1624 216 1668 sibi
238 1625 345 1669 dura
368 1624 597 1669 maledicta
621 1625 852 1685 jacientem
881 1623 1096 1683 patienter
1122 1622 1326 1666 audiebat
1346 1624 1377 1676 ⁵,
1406 1637 1456 1665 ex

69 1693 244 1738 adversa
267 1704 389 1754 parte
403 1730 413 1749 ,
438 1704 576 1738 unum
595 1710 647 1737 ex
668 1693 878 1737 militibus
901 1693 975 1753 qui
998 1701 1122 1736 erant
1143 1707 1242 1736 cum
1262 1691 1351 1735 filio
1365 1693 1456 1751 ejus

66 1764 215 1823 impio.
232 1767 400 1808 Etcum
417 1764 491 1808 ille
502 1765 666 1824 jaceret
686 1762 914 1807 maledicta
936 1762 981 1806 in
999 1777 1142 1819 regem
1156 1797 1166 1816 ,
1191 1761 1325 1815 iratus
1344 1776 1458 1805 unus

68 1850 118 1878 ex
142 1834 375 1879 comitibus
399 1835 535 1879 David
549 1833 1050 1892 voluitireetpercuterc
1061 1848 1158 1876 eum
1174 1831 1271 1888 ,sed
1300 1831 1450 1890 prohi-

68 1904 197 1948 betur
209 1920 233 1948 a
247 1904 400 1965 David.
416 1907 474 1948 Et
485 1903 707 1964 quomodo
720 1903 1004 1962 prohibetur?
1020 1905 1076 1947 Ut
1092 1901 1255 1946 diceret
1275 1921 1283 1946 :
1305 1921 1324 1942 «
1341 1905 1455 1945 Deus

70 1991 90 2014 »
102 1972 224 2018 illum
235 1975 420 2029 misit,ut
428 1972 861 2018 mihimalediceret.»
869 1976 1116 2032 Agnoscens
1131 1972 1304 2031 culpam
1314 1987 1452 2028 suam,

67 2045 287 2104 amplexus
309 2054 373 2089 est
391 2061 569 2104 poenam
594 2059 712 2088 suam
727 2080 737 2099 ,
759 2059 959 2104 quaerens
985 2043 1165 2102 gloriam
1194 2058 1282 2086 non
1307 2058 1453 2100 suam3

66 2116 299 2159 Dominum
314 2115 494 2160 laudans
509 2115 555 2159 in
570 2130 620 2159 eo
631 2114 752 2175 quod
767 2115 872 2159 boni
884 2115 938 2158 ha
947 2114 1090 2166 bebat‚
1110 2114 1343 2158 Dominum
1358 2112 1456 2157 lau-

65 2184 171 2229 dans
186 2185 231 2229 in
248 2201 298 2230 eo
313 2186 432 2246 quod
449 2185 707 2245 patiebatur,
729 2178 992 2229 benedicens
1006 2184 1240 2228 Dominum
1264 2183 1308 2226 in
1333 2184 1454 2227 omni

65 2264 260 2315 ternpore
279 2290 289 2310 ‚
317 2271 485 2316 semper
507 2256 599 2300 laus
626 2257 716 2316 ejus
733 2257 778 2300 in
798 2271 871 2300 ore
889 2256 1019 2315 ejusfi.
1043 2253 1164 2298 Tales
1183 2263 1284 2297 sunt
1305 2269 1455 2298 omnes

66 2326 171 2370 recti
185 2325 337 2371 corde:
353 2342 442 2371 non
456 2327 501 2370 hi
516 2327 718 2386 perversi,
729 2327 803 2387 qui
820 2342 863 2370 se
878 2334 1016 2370 rectos
1027 2333 1201 2384 putant,
1217 2333 1259 2368 et
1277 2339 1453 2384 perver-

66 2412 162 2440 sum
182 2400 344 2454 Deum,
381 2397 456 2456 qui
483 2397 659 2457 quando
687 2397 852 2457 aliquid
887 2395 1053 2440 faciunt
1074 2394 1200 2449 mali,
1229 2395 1451 2454 gaudent,

66 2465 243 2527 quando
257 2466 421 2526 aliquid
434 2467 784 2526 malipatiuntur,
801 2466 1123 2525 blasphemant,
1144 2465 1456 2524 insuperpositi

117 2570 123 2585 ¹
150 2563 227 2594 psat.
252 2575 315 2603 tvi,
337 2575 367 2606 7.
388 2582 428 2586 —
449 2572 461 2587 ²
483 2565 528 2596 Id.
549 2576 649 2603 mxu,
672 2574 699 2596 1.
724 2582 764 2586 -—
787 2563 800 2586 3
820 2566 930 2603 2Reg.
952 2574 1006 2603 κη,
1030 2563 1082 2595 13.
1105 2580 1144 2585 ·--
1167 2561 1182 2591 l,
1202 2563 1247 2593 Id.
1266 2573 1318 2603 xv,
1341 2573 1392 2594 10.
1410 2578 1451 2584 --

69 2619 146 2652 ⁵1t1.
168 2632 234 2662 xvi,
252 2620 283 2656 (i.
305 2637 344 2644 —-
361 2618 376 2643 6
396 2621 476 2652 Psal.
498 2631 610 2662 xxxin,
631 2629 662 2653 9..
