1841 3223
235 210 477 239 ENARRATIO
510 213 555 238 ΙΝ
587 210 790 240 PsAL-MUM
822 211 985 238 xxxviii
1005 228 1015 247 ‚
1051 208 1176 236 seim.
1214 212 1244 235 1.
1342 200 1423 236 177

40 291 145 320 voce
163 275 266 321 dicit
287 297 295 321 ε
317 276 472 322 «Salus
495 285 568 320 tua
585 292 664 335 ego
686 292 796 320 sum.
822 276 925 331 Dic,
947 275 1102 335 inquit,
1120 274 1275 317 animae
1299 290 1421 330 mese,

32 363 64 393 a»
101 346 224 391 Salus
256 356 332 391 tua
365 362 445 405 ego
476 361 573 389 sum
592 349 622 389 ¹.
652 365 671 386 »
698 346 767 390 Ab
798 347 879 390 hac
903 361 1036 400 voce,
1061 361 1148 405 qua
1175 345 1281 388 dicit
1310 349 1425 389 Deus
1459 358 1462 362 ·

40 416 196 459 animae
210 451 222 471 ‚
252 436 273 459 «
295 415 416 460 Salus
437 424 513 459 tua
534 431 616 474 ego
638 430 733 459 sum
751 451 761 470 ‚
789 433 810 456 »
840 425 962 475 optat
984 431 1039 459 nc
1061 414 1236 459 sileatur
1257 415 1312 458 ab
1330 414 1422 460 illo.

46 504 67 527 «
85 488 148 530 Ne
169 485 292 530 sileas
314 502 337 530 a
360 501 444 529 me.
470 504 490 527 n

100 559 221 601 XXI.
252 576 272 600 ‹<
303 558 520 611 Quoniam
546 555 786 617 inquilinus
813 571 893 614 ego
915 571 1011 600 sum
1035 555 1153 615 apud
1179 564 1221 599 te
1234 558 1266 599 ².
1295 574 1315 597 »
1344 556 1428 601 Sed

42 625 159 686 apud
188 642 318 688 quem
342 627 613 688 inquilinus?
640 626 772 686 Apud
795 625 1020 670 diabolum
1042 641 1142 669 cum
1166 641 1299 669 essem
1321 660 1331 681 ‚
1357 626 1428 669 in·-

42 696 234 758 quilinus
268 713 411 753 eram,
449 699 525 742 sed
558 696 722 741 malum
751 694 1047 741 domnaedium
1082 699 1143 753 (9)
1175 696 1425 742 habebam:

42 783 160 812 nunc
194 777 340 813 autem
356 771 446 829 jam
476 769 655 830 quidem
677 768 795 828 apud
812 778 855 812 te
870 803 881 820 ,
907 768 981 812 sed
1005 766 1150 812 adbuc
1171 767 1425 828 inquilinus.
1469 786 1472 787 ⁷

43 839 160 892 Quid
177 849 263 893 est,
291 858 311 881 (ι
333 839 604 899 inquilinus?
630 858 650 881 »
678 839 801 883 Unde
822 839 1085 897 migraturus
1106 854 1218 893 sum,
1244 854 1334 882 non
1351 839 1430 883 ubi

43 919 254 968 perpetuo
272 925 515 954 mansurus.
543 909 625 954 Ubi
647 919 859 969 perpetuo
877 925 974 953 sum
996 925 1241 964 mansurus,
1257 909 1431 953 dicatur

43 980 199 1024 domus
220 995 317 1024 mea
340 999 348 1024 :
374 979 492 1024 unde
509 980 771 1038 migraturus
793 995 911 1034 sum,
937 979 1179 1040 inquilinus
1201 996 1297 1024 sum
1317 999 1326 1025 :
1354 979 1431 1024 sed

43 1059 188 1095 tamen
220 1049 338 1111 apud
367 1054 507 1095 Deum
539 1066 686 1095 meum
719 1066 816 1095 sum
846 1050 1115 1111 inquilinus,
1147 1051 1265 1111 apud
1298 1067 1431 1111 quem

43 1122 174 1167 domo
197 1132 373 1182 accepta
409 1138 636 1167 mansurus
666 1138 778 1167 sum.
819 1121 904 1167 Sed
932 1139 1030 1183 quae
1051 1121 1208 1167 domus
1230 1134 1314 1178 est⁷
1340 1139 1431 1183 quo

44 1193 319 1252 migrandum
351 1203 415 1238 est
444 1210 495 1238 ex
526 1195 611 1239 hoc
645 1192 943 1254 inquilinatu?
979 1194 1290 1251 Recognoscite
1311 1193 1432 1237 illam

44 1263 249 1320 domum,
275 1263 330 1309 de
351 1281 438 1325 qua
467 1265 573 1309 dicit
594 1264 827 1324 Apostolus
859 1283 868 1308 :
900 1283 919 1305 «
945 1265 1269 1309 Habitationem
1291 1264 1432 1308 habe-

45 1353 66 1376 »
104 1350 201 1380 mus
233 1350 285 1378 ex
312 1337 428 1391 Deo,
465 1334 646 1380 domum
668 1351 758 1379 non
780 1350 913 1378 manu
934 1333 1122 1387 factam„
1147 1344 1354 1378 zeternam
1384 1335 1438 1378 in>

46 1424 66 1447 »
101 1404 222 1450 coelis
237 1407 269 1448 ³.
297 1423 317 1446 ³>
347 1405 390 1450 Si
411 1405 566 1450 domus
594 1406 688 1449 haee
720 1415 882 1449 aeterna
915 1414 979 1448 est
1006 1405 1051 1448 in
1073 1405 1194 1449 coelis
1213 1440 1224 1460 ,
1250 1421 1351 1450 cum
1373 1404 1429 1448 ad

44 1492 137 1520 eam
152 1476 413 1531 venerimus,
429 1476 634 1536 inquilini
656 1492 744 1520 non
762 1477 934 1520 erimus.
956 1475 1188 1529 Quomodo
1210 1476 1325 1519 enim
1347 1475 1430 1519 cris

42 1546 282 1607 inquilinus
309 1547 355 1590 in
384 1556 546 1591 aeterna
577 1546 740 1591 domo?
769 1546 849 1590 Hic
877 1555 1023 1590 autem
1046 1546 1122 1589 ubi
1147 1546 1343 1590 dicturus
1366 1555 1430 1590 est

42 1617 253 1662 Dominus
272 1617 452 1662 domus:
485 1618 646 1675 Migra,
673 1626 716 1661 et
740 1615 917 1677 quando
953 1615 1149 1660 dicturus
1177 1625 1242 1660 est
1262 1616 1398 1660 nescis
1415 1651 1426 1672 ,

40 1696 216 1746 paratus
237 1697 344 1732 esto.
375 1686 669 1732 Desiderando
697 1696 843 1730 autem
866 1686 1048 1730 domum
1075 1695 1282 1730 aeternam
1305 1701 1432 1743 para-

42 1767 110 1802 tus
140 1759 235 1802 eris.
261 1761 350 1803 Nec
372 1773 621 1802 succenseas
643 1756 707 1808 ei,
743 1757 845 1813 quia
866 1770 968 1798 cum
991 1753 1086 1797 vult
1107 1753 1213 1797 dicit
1237 1773 1245 1798 :
1272 1755 1427 1813 Migra.

40 1830 139 1873 Non
166 1827 283 1870 enim
309 1826 557 1870 cautionem
589 1833 731 1867 tecum
769 1822 898 1877 fecit⁷
923 1832 967 1867 ct
989 1822 1148 1882 placito
1170 1823 1363 1883 quodam
1385 1841 1431 1868 sc

41 1896 296 1951 obstrinxit,
323 1904 366 1939 et
396 1894 638 1940 conductor
660 1893 816 1938 domus
845 1893 1058 1937 accessisti
1080 1903 1197 1937 certa
1218 1894 1429 1953 pensione

41 1966 96 2011 ad
113 1975 280 2012 certum
302 1975 473 2026 tempus
496 1983 505 2010 z
531 1962 708 2025 quando
730 1962 827 2007 vult
845 1963 1055 2007 Dominus
1078 1965 1193 2023 ejus,
1214 1964 1429 2022 migratu-

41 2053 114 2082 rus
135 2053 194 2081 es.
217 2036 322 2081 Ideo
344 2036 458 2079 enim
477 2034 606 2094 gratis
628 2049 792 2078 manes.
811 2033 950 2086 «Quia
972 2033 1212 2093 inquilinus
1236 2050 1316 2093 ego
1333 2051 1431 2080 sum

46 2126 66 2149 »
101 2105 220 2167 apud
247 2115 290 2151 te
307 2141 318 2161 ‚
356 2114 400 2150 et
419 2104 687 2165 peregrinus.
712 2122 731 2144 »
758 2106 875 2162 Ergo
893 2102 954 2146 ibi
971 2103 1108 2162 patria
1127 2138 1137 2157 ,
1158 2103 1220 2147 ibi
1239 2104 1394 2149 domus
1417 2125 1428 2150 :

47 2197 68 2219 «
86 2175 331 2237 Inquilinus
355 2174 473 2235 apud
502 2184 568 2230 te,
593 2183 636 2218 et
657 2174 922 2233 peregrinus.
951 2190 971 2213 »
993 2175 1050 2216 Et
1071 2172 1140 2216 hic
1168 2172 1431 2218 subauditur

48 2267 69 2290 «
94 2246 212 2307 apud
230 2256 288 2290 te.
317 2265 338 2288 n
363 2244 493 2291 Multi
510 2245 626 2289 enim
642 2244 857 2304 peregrini
873 2252 975 2287 sunt
995 2258 1096 2286 eum
1117 2243 1291 2288 diabolo
1319 2264 1327 2288 :
1353 2246 1432 2305 qui

45 2327 189 2363 autem
207 2318 299 2377 jam
318 2315 598 2361 crediderunt
620 2324 664 2359 et
685 2314 833 2359 fideles
853 2323 981 2368 sunt,
1006 2314 1224 2373 peregrini
1251 2314 1432 2374 quidem

46 2398 171 2443 sunt,
195 2388 297 2447 quia
315 2386 515 2432 nondum
537 2385 594 2431 ad
611 2385 684 2430 illa
706 2385 890 2445 patriam
909 2383 1178 2444 domumque
1196 2395 1427 2442 venerunt,

47 2459 122 2504 sed
152 2468 298 2503 tamen
324 2457 442 2517 apud
473 2460 613 2502 Deum
642 2465 758 2502 sunt.
796 2475 814 2497 «
842 2453 1046 2507 Quandiu
1078 2454 1195 2503 enim
1216 2470 1364 2500 sumus
1385 2457 1433 2505 in

97 2551 103 2566 ¹
127 2543 206 2575 Psai.
229 2553 335 2583 xxxiv,
355 2542 385 2574 3.
413 2559 454 2563 -—
474 2549 487 2563 ²
508 2541 556 2575 ld.
574 2551 708 2583 xxxviii,
732 2540 780 2572 13.
803 2557 844 2560 -Ἴ-
865 2536 878 2560 3·
900 2541 1004 2571 2001:
1024 2550 1052 2580 v,
1076 2550 1103 2570 1.

237 2608 340 2637 CXV.
1148 2596 1196 2632 12
