1841 3223
463 253 704 283 ENARRAno
736 257 782 282 nv
814 254 1016 284 PSALMUM
1049 256 1118 283 LV.
1388 247 1469 284 557

87 334 205 375 sum,
229 319 373 363 inveni
395 327 438 362 te
459 318 778 363 misericordem
812 320 855 363 in
882 318 1250 379 repromittendo,
1276 334 1472 364 veracem

86 388 132 432 in
150 387 390 432 reddendo.
419 389 571 433 «Sicut
588 398 631 432 et
653 389 699 433 in
716 390 1044 448 repromissione
1064 400 1150 433 tua.
1166 407 1185 430 »

144 460 242 503 XV.
283 477 303 500 «
337 460 659 503 Convertamur
686 459 849 503 inimici
887 460 972 503 mei
1005 462 1284 504 retrorsum1.
1317 479 1336 501 »
1379 462 1472 506 Hoc

85 528 186 588 ipsis
207 527 404 588 prodest,
425 543 515 572 non
536 527 649 572 male
665 528 749 572 illis
772 538 908 588 optat.
936 531 1109 573 Etenim
1126 529 1373 589 praecedere
1393 546 1472 575 vo-

84 597 206 654 lunt,
232 597 330 642 ideo
357 599 511 656 corrigi
531 598 702 642 nolunt.
729 601 880 642 Mones
901 599 1124 643 inimicum
1148 609 1275 643 tuum
1293 609 1344 643 ut
1361 600 1473 644 bene

84 668 226 723 vivat,
251 677 302 712 ut
318 683 362 712 se
381 669 568 727 corrigat
589 687 598 713 :
625 668 698 712 ille
720 669 962 713 contemnit
977 704 988 724 ,
1014 668 1087 713 ille
1110 670 1270 729 respuit
1288 670 1472 714 verbum

83 748 208 784 tuum
229 758 238 783 ε
263 742 377 784 Ecce
409 740 486 799 qui
507 755 576 783 me
599 749 775 795 monet,
814 755 913 784 ecce
942 756 965 784 a
997 756 1085 800 quo
1117 740 1343 785 auditurus
1374 757 1470 785 sum

82 819 299 869 praecepta
315 810 476 870 quibus
492 809 651 854 vivam.
674 809 921 855 Praecedere
933 819 974 854 te
990 810 1101 865 vult,
1120 820 1163 854 et
1183 811 1472 870 praecedendo

83 897 176 926 non
198 881 445 939 corrigitur.
462 883 560 926 Non
578 880 765 925 attendit
782 881 883 941 quia
900 881 1030 925 verba
1048 890 1122 925 tua
1142 897 1230 927 non
1252 891 1354 925 sunt
1372 891 1469 938 tua,

83 967 174 996 non
201 950 386 995 attendit
418 951 522 1011 quia
560 951 693 995 vitam
724 960 844 994 tuam
874 954 964 995 Deo
993 951 1218 1006 enuntias,
1252 967 1340 996 non
1373 952 1468 996 tibi.

82 1020 376 1066 Praecedendo
398 1037 501 1080 ergo
522 1037 613 1066 non
633 1021 864 1080 corrigitur
886 1040 893 1066 2
926 1021 1093 1066 bonum
1116 1032 1179 1066 est
1200 1021 1263 1066 illi
1285 1031 1336 1066 ut
1362 1038 1472 1067 con-

82 1102 278 1138 vertatur
298 1086 558 1148 retrorsum,
584 1102 628 1137 et
649 1107 780 1153 quem
797 1092 1041 1152 praecedere
1057 1092 1232 1137 volebat
1247 1103 1467 1152 sequatur.

81 1164 292 1208 Dominus
326 1164 380 1207 de
411 1164 609 1222 passione
636 1179 713 1207 sua
742 1162 889 1207 futura
922 1163 1148 1223 Discipulis
1180 1163 1469 1224 loquebatur,

81 1236 308 1279 exhorruit
330 1238 481 1279 Petrus
500 1270 511 1290 ,
547 1243 590 1278 et
611 1235 670 1279 ait
693 1254 702 1279 ι
732 1253 752 1277 «
776 1235 902 1279 Absit
917 1269 928 1289 ,
953 1235 1138 1279 Domine
1154 1270 1164 1289 ,
1194 1251 1284 1279 non
1317 1236 1393 1279 fiet
1423 1235 1474 1278 is-

85 1323 106 1348 »
141 1306 224 1350 tud
243 1323 254 1351 :
281 1325 302 1348 »
329 1307 405 1366 qui
429 1305 558 1366 paulo
581 1315 681 1350 ante
700 1306 865 1350 dixerat
886 1325 893 1350 :
925 1325 944 1348 «
967 1308 1032 1349 Tu
1055 1321 1098 1350 es
1121 1307 1316 1351 Christus
1339 1305 1474 1350 Filius

84 1394 106 1418 »
140 1377 219 1421 Dei
249 1377 358 1431 vivi,
387 1395 408 1418 »
442 1376 665 1421 confessus
691 1380 860 1431 Deum,
902 1377 1048 1420 timuit
1081 1392 1182 1420 eum
1212 1378 1323 1421 mori
1354 1378 1475 1437 quasi

81 1447 318 1492 hominem.
348 1447 559 1491 Dominus
581 1456 728 1491 autem
755 1447 831 1506 qui
864 1447 924 1491 sic
946 1457 1126 1491 venerat
1147 1457 1197 1491 ut
1224 1456 1469 1506 pateretur,

80 1521 253 1579 (neque
271 1518 386 1562 enim
408 1517 532 1563 aliter
552 1517 657 1562 salvi
679 1532 768 1561 esse
784 1533 1028 1576 possemus,
1056 1519 1136 1561 nisi
1151 1519 1240 1577 ejus
1263 1519 1474 1577 sanguine

81 1587 394 1633 redimeremur
411 1587 596 1647 :)paulo
614 1597 714 1631 ante
734 1585 1046 1632 confessionem
1067 1588 1181 1632 Petri
1199 1587 1480 1644 laudaverat,

81 1668 126 1703 et
153 1658 345 1703 dixerat:
374 1677 394 1700 «
412 1659 522 1711 Quia
544 1673 634 1701 non
657 1658 736 1701 tibi
755 1673 854 1701 caro
872 1666 915 1700 et
938 1657 1112 1714 sanguis
1128 1657 1337 1701 revelavit
1359 1659 1442 1702 hoc
1459 1693 1469 1713 ,

85 1747 106 1771 »
141 1728 217 1773 sed
236 1732 363 1772 Pater
379 1743 502 1772 meus
519 1727 595 1787 qui
614 1728 659 1770 in
677 1726 797 1771 ecelis
819 1736 882 1770 est
899 1746 908 1770 ε
929 1735 1158 1786 propterea
1177 1736 1227 1770 tu
1245 1743 1287 1771 es
1303 1731 1470 1783 Petrus,

83 1816 105 1841 ³)
141 1807 182 1843 et
213 1813 342 1858 super
372 1798 500 1842 istam
530 1807 698 1857 petram
721 1797 948 1841 aedificabo
970 1796 1206 1841 Ecclesiam
1236 1813 1403 1853 meam,
1430 1807 1475 1842 et

83 1887 106 1911 »
139 1878 277 1929 portae
298 1866 537 1912 inferorum
565 1883 654 1911 non
674 1867 852 1911 vincent
873 1882 995 1923 eam,
1020 1876 1063 1911 et
1083 1868 1163 1911 tibi
1194 1867 1310 1912 dabo
1333 1867 1473 1913 claves

84 1957 106 1982 »
141 1939 261 1997 regni
275 1937 487 1983 coelorum
501 1953 510 1979 :
526 1936 708 1982 »Videte
726 1936 1123 1997 queamadmodum
1140 1947 1393 1997 prosecutus
1411 1947 1474 1982 est

82 2008 398 2055 confessionem
418 2023 587 2061 veram,
612 2007 752 2066 piam,
777 2006 952 2066 plenam
980 2006 1152 2051 fiduciae
1169 2043 1180 2062 ,
1206 2008 1308 2068 quia
1331 2007 1439 2052 dixit
1461 2027 1470 2053 :

86 2099 109 2123 «
143 2083 210 2125 Tu
230 2095 274 2124 es
295 2079 491 2124 Christus
527 2078 662 2123 Filius
692 2077 769 2121 Dei
801 2078 947 2122 vivi.·»
974 2079 1195 2122 Continuo
1217 2088 1362 2122 autem
1394 2079 1474 2122 ubi

82 2150 220 2210 coepit
232 2149 356 2210 loqui
372 2149 584 2194 Dominus
602 2148 657 2192 de
672 2148 869 2208 passione
886 2163 977 2202 sua,
999 2149 1145 2192 timuit
1158 2147 1229 2192 ille
1247 2164 1302 2193 ne
1314 2149 1474 2208 periret

81 2221 308 2266 moriendo
324 2255 335 2276 ,
360 2235 461 2265 cum
482 2219 564 2279 ipsi
585 2235 664 2263 nos
685 2219 923 2278 periremus
945 2218 1026 2261 nisi
1044 2217 1118 2261 ille
1140 2228 1403 2276 moreretur,
1430 2229 1475 2263 et

82 2292 142 2336 ait
168 2311 177 2337 ε
207 2310 228 2333 «
252 2291 401 2346 Absit,
433 2290 617 2335 Domine
635 2325 646 2344 ,
675 2305 762 2334 non
783 2290 858 2332 fiet
878 2287 1010 2332 istud.
1037 2305 1057 2328 n
1083 2291 1140 2331 Et
1161 2289 1370 2332 Dominus
1390 2288 1470 2344 illi,

83 2363 155 2407 cui
177 2361 309 2422 paulo
330 2371 431 2406 ante
452 2362 644 2405 dixerat:
664 2379 684 2402 «
706 2362 864 2404 Beatus
887 2374 945 2412 es,
963 2367 1006 2401 et
1026 2373 1155 2417 super
1176 2359 1290 2403 hanc
1305 2369 1474 2418 petram

85 2450 107 2476 »
142 2432 370 2476 aedificabo
386 2430 624 2476 Ecclesiam
648 2445 805 2474 meam.
829 2427 962 2483 Redi,
986 2428 1154 2488 inquit,
1181 2438 1296 2473 retro
1313 2465 1323 2484 ,
1351 2432 1474 2474 Sata-

85 2521 108 2546 »
142 2519 245 2558 nas,
282 2501 535 2547 scandalum
566 2500 672 2546 mihi
699 2515 743 2544 es
773 2518 782 2543 :
810 2517 831 2540 »
857 2500 1000 2551 Quare
1032 2512 1134 2556 ergo
1166 2501 1368 2555 Satanas,
1396 2501 1472 2559 qui

133 2593 141 2609 ¹
165 2585 245 2619 Psal.
267 2597 322 2627 ιν,
341 2597 391 2620 ιο.
