1841 3223
382 185 464 223 130
761 197 793 222 s.
844 193 1072 220 Aucusnm
1106 194 1284 220 EPISCOPI

371 262 526 321 utique
560 261 605 304 in
638 258 751 304 coelo
777 261 867 318 jam
895 258 1112 302 neminem
1142 267 1463 317 persecutorem
1492 258 1754 318 patiebatur.

376 331 460 376 Sed
482 330 704 391 quomodo
727 329 785 372 ibi
808 337 941 388 eaput
960 327 1223 389 loquebatur
1245 345 1323 388 pro
1342 345 1538 389 corpore,
1561 329 1620 373 sie
1634 329 1760 372 ethic

370 410 501 461 caput
522 401 627 444 dicit
658 399 848 458 corporis
880 414 1025 454 voces,
1057 415 1157 443 cum
1183 410 1224 444 et
1244 401 1397 460 eapitis
1427 415 1553 445 voees
1583 399 1755 443 auditis.

372 472 456 517 Sed
479 486 621 531 neque
638 485 738 514 eum
758 470 949 529 corporis
967 485 1092 515 voces
1110 469 1353 526 audieritis,
1374 471 1580 531 separetis
1601 478 1756 530 caput3

369 557 513 602 neque
535 557 634 586 cum
657 541 808 600 capitis
829 556 955 585 voces
973 540 1209 596 audieritis,
1235 542 1437 601 separetis
1458 556 1614 601 corpus
1630 560 1639 585 z
1655 539 1759 601 quia

361 613 451 673 jam
473 628 562 657 non
580 612 670 657 duo
689 648 699 667 ‚
720 610 795 656 sed
814 626 900 656 una
924 627 1039 656 earo.

425 686 525 728 VII.
547 703 567 725 «
582 686 679 729 Non
703 693 766 727 est
788 683 945 727 sanitas
965 683 1010 726 in
1032 697 1160 727 carne
1178 696 1273 725 mea
1296 698 1319 725 a
1339 681 1554 726 vultuirae
1572 683 1702 725 tuael.
1732 699 1752 723 »

369 754 454 801 Sed
474 753 651 800 fortasse
672 756 832 815 injuste
856 754 936 798 tibi
960 757 1072 797 Deus
1096 754 1230 797 iratus
1252 762 1329 807 est,
1352 768 1377 796 o
1400 752 1556 807 Adam⁷
1578 768 1603 797 o
1622 743 1758 811 genus

362 827 607 871 humanum
625 862 635 880 ‚
680 826 838 885 injuste
880 825 1014 868 iratus
1060 833 1124 867 est
1164 827 1278 867 Deus
1302 824 1309 866 ἔ
1352 823 1454 883 quia
1489 822 1631 867 dixisti
1663 824 1754 882 jam

367 912 603 956 agnoscens
624 896 760 955 ipsam
793 909 969 954 poenam
1008 903 1155 949 tuam,
1186 894 1278 954 jain
1312 894 1359 937 in
1387 909 1568 954 corpore
1596 893 1758 938 Christi

365 968 628 1012 constitutus
646 967 778 1010 homo
798 985 805 1009 :
827 984 847 1007 «
867 967 963 1010 Non
985 964 1142 1009 sanitas
1160 965 1205 1009 in
1229 979 1357 1009 earne
1377 980 1473 1009 mea
1491 981 1514 1009 a
1535 963 1663 1008 vultu
1678 964 1755 1008 irae

364 1055 387 1080 »
422 1047 525 1082 tuae.
551 1057 569 1078 n
598 1041 777 1097 Expone
794 1037 1004 1096 justitiam
1026 1036 1101 1079 irae
1125 1035 1217 1091 Dei,
1244 1053 1298 1080 ne
1319 1046 1361 1080 te
1384 1052 1586 1080 excusare
1603 1034 1753 1079 videa-

363 1108 447 1164 ris,
480 1107 604 1152 illum
636 1123 852 1151 accusare.
897 1110 1112 1167 Sequere,
1144 1116 1187 1150 et
1220 1105 1289 1151 die
1324 1105 1441 1150 unde
1474 1107 1536 1150 ira
1564 1106 1753 1150 Domini.

368 1197 389 1220 «
422 1181 520 1224 Non
546 1187 610 1222 est
631 1178 788 1222 sanitas
813 1178 858 1221 in
878 1192 1008 1221 carne
1034 1192 1128 1221 mea
1151 1192 1174 1220 a
1197 1176 1325 1221 vultu
1346 1178 1420 1220 iste
1439 1186 1526 1221 tuae
1548 1192 1556 1217 :
1584 1191 1673 1220 non
1695 1185 1758 1220 est

365 1267 386 1293 1)
422 1266 505 1310 pax
521 1249 686 1294 ossibus
703 1249 808 1292 meis
822 1252 854 1292 2.
878 1266 898 1289 »
925 1248 1145 1307 Repetivit
1168 1247 1211 1291 id
1234 1247 1356 1308 quod
1373 1248 1481 1292 dixit
1503 1268 1511 1292 :
1537 1267 1557 1289 «
1577 1250 1673 1293 Non
1694 1255 1758 1291 est

367 1340 388 1363 >›
424 1321 583 1365 sanitas
610 1321 657 1364 in
678 1336 807 1364 earne
839 1335 948 1363 mea.
978 1338 997 1360 >›
1028 1322 1118 1363 Hoc
1147 1329 1211 1363 est
1238 1320 1383 1364 enim:
1418 1322 1554 1365 «Non
1585 1330 1648 1364 est
1673 1334 1758 1380 pax

365 1411 386 1435 1)
423 1392 588 1437 ossibus
620 1392 740 1435 meis.
770 1409 790 1431 »
822 1393 919 1436 Non
952 1400 1098 1435 autem
1128 1391 1355 1450 repetivit,
1399 1411 1418 1433 «
1449 1395 1486 1435 A
1517 1391 1644 1436 vultu
1681 1392 1758 1434 irae

367 1482 388 1506 >›
424 1473 513 1508 tuae
531 1483 539 1507 :
564 1481 584 1504 >›
610 1462 684 1507 sed
706 1478 880 1507 causam
897 1462 1006 1506 dixit
1021 1463 1096 1506 irae
1111 1463 1187 1506 Dei
1208 1482 1215 1507 :
1244 1482 1264 1504 «
1283 1466 1379 1507 Non
1398 1471 1461 1507 est
1477 1479 1575 1522 pax,
1596 1463 1753 1524 inquit,

367 1552 389 1577 »
425 1534 592 1579 ossibus
613 1534 718 1577 meis
741 1550 764 1577 a
787 1532 894 1577 facie
913 1542 1195 1592 peccatorum
1216 1549 1429 1578 meorum.
1460 1552 1480 1574 »

423 1607 545 1649 VIII.
585 1623 604 1646 «
636 1603 850 1657 Quoniam
891 1604 1141 1664 iniquitates
1172 1620 1280 1648 meae
1318 1604 1588 1649 sustulerunt
1624 1614 1756 1665 eaput

365 1694 386 1717 ·»
421 1690 569 1719 meum
587 1711 597 1730 ,
629 1676 740 1719 sieut
769 1674 894 1719 fascis
919 1675 1057 1733 gravis
1080 1684 1265 1732 gravatas
1298 1685 1401 1719 sunt
1434 1692 1563 1736 super
1585 1692 1654 1720 me
1672 1678 1703 1719 3.
1733 1694 1753 1717 »

362 1747 504 1791 Ethie
527 1761 701 1790 eausam
722 1745 954 1805 praemisit,
981 1755 1024 1789 et
1044 1745 1249 1790 effectum
1272 1747 1484 1807 subjecit3
1508 1747 1617 1807 quid
1638 1747 1757 1791 unde

365 1818 596 1876 contigerit
634 1817 742 1861 dixit
771 1836 782 1862 2
820 1836 839 1858 «
873 1817 1126 1877 Iniquitates
1163 1833 1271 1863 111οω
1310 1818 1581 1863 sustulerunt
1626 1828 1757 1879 eaput

365 1908 387 1932 >›
423 1904 583 1934 meum.
614 1907 634 1930 1)
660 1891 798 1934 Νο1110
821 1888 936 1932 0111111
958 1889 1196 1948 superbus,
1222 1905 1300 1934 nis-1
1332 1890 1533 1951 iniquus,
1565 1891 1635 1935 eui
1664 1907 1757 1935 sus-

361 1959 533 2006 tollitur
554 1968 700 2019 caput.
729 1962 908 2005 Sursum
937 1959 1122 2015 tollitur,
1149 1960 1225 2020 qui
1247 1961 1370 2019 erigit
1392 1971 1524 2020 eaput
1550 1961 1755 2006 adversus

363 2035 520 2078 Deum.
556 2030 746 2076 Audistis
777 2046 879 2075 eum
905 2030 1035 2075 lectio
1056 2030 1275 2089 legeretur
1296 2031 1398 2075 libri
1427 2032 1715 2077 Ecclesiastiei
1741 2052 1749 2077 :

368 2124 390 2147 «
426 2103 605 2148 Initium
623 2102 837 2162 superbiae
858 2101 1062 2156 hominis,
1091 2111 1332 2161 apostatare
1350 2118 1373 2146 3
1391 2105 1520 2147 Deo4.
1543 2121 1562 2144 »
1581 2103 1660 2147 Ille
1677 2104 1753 2163 qui

363 2174 484 2236 prior
505 2173 648 2218 noluit
675 2171 825 2216 audire
855 2180 1147 2232 praeceptum,
1181 2173 1354 2217 sustulit
1383 2174 1587 2234 iniquitas
1619 2174 1753 2234 ipsius

363 2255 496 2306 caput
518 2243 721 2289 adversus
737 2246 890 2288 Deum.
917 2245 973 2287 Et
995 2243 1097 2303 quia
1119 2243 1369 2303 iniquitates
1387 2243 1656 2288 sustulerunt
1678 2260 1753 2289 ca-

362 2327 445 2377 put
465 2318 556 2378 ejus
572 2351 583 2371 ,
604 2314 711 2377 quid
723 2314 785 2359 illi
804 2314 907 2359 feeit
929 2316 1068 2359 Deus?
1085 2334 1106 2356 «
1125 2315 1244 2359 Sicut
1261 2314 1384 2360 fascis
1405 2316 1543 2374 gravis
1565 2325 1752 2375 gravatae

366 2405 387 2429 »
423 2397 525 2432 sunt
539 2401 668 2447 super
684 2402 768 2431 me.
793 2404 812 2427 »
836 2385 1042 2430 Levitatis
1064 2394 1127 2429 est
1140 2385 1303 2444 erigere
1321 2395 1474 2446 caput,
1496 2387 1618 2446 quasi
1641 2386 1751 2431 nihil

363 2467 509 2520 portat
534 2457 612 2518 qui
640 2457 763 2515 erigit
792 2465 937 2516 eaput.
972 2456 1083 2509 Quia
1114 2471 1216 2515 ergo
1243 2456 1339 2501 leve
1366 2466 1430 2501 est
1456 2457 1577 2517 quod
1610 2467 1751 2518 potest

415 2551 423 2567 ¹
451 2543 528 2576 Psal.
550 2553 674 2583 xxxx-11,
698 2541 729 2583 4.
751 2559 792 2563 -
808 2541 916 2573 ²Ib1d.
942 2538 1119 2573 -31bid.
1145 2540 1174 2572 5.
1198 2558 1238 2563 -·-
1258 2539 1274 2570 4
1293 2541 1391 2574 Eccli.
1411 2553 1465 2583 xx,
1488 2541 1538 2584 14.
