1841 3223
412 239 654 267 ENARRATIO
686 241 731 266 IN
764 239 966 267 PSALMUM
1000 239 1161 268 XXXVII.
1401 230 1484 268 135

96 315 140 350 et
160 320 381 364 gemamus
408 305 455 348 in
482 304 777 357 confessione,
817 319 1100 362 agnoscamus
1127 305 1206 349 ubi
1233 305 1386 362 simus,
1412 321 1484 351 re—

95 376 328 421 cordemur
359 374 611 428 sabbatum,
642 382 685 416 et
715 374 927 432 patienter
957 385 1232 435 expectemus
1257 376 1379 436 quod
1409 367 1483 420 ille

94 447 312 508 promisit,
337 445 414 505 qui
434 444 560 488 nobis
583 452 627 488 et
647 444 693 487 in
712 459 756 488 se
774 444 867 504 ipso
885 446 1131 505 exemplum
1160 447 1378 506 patientiae
1400 446 1480 491 de-

93 518 364 563 monstravit.
406 535 427 558 «
456 516 705 560 Infirmatus
742 530 838 559 sum
867 524 911 559 et
941 516 1196 561 humiliatus
1223 533 1319 562 sum
1340 533 1481 579 usque

95 608 116 631 »
152 604 296 634 nimis.
330 607 351 629 )›

150 662 277 704 XIII.
312 678 333 701 «
360 658 605 717 Rugiebam
632 673 656 702 a
683 658 849 717 gemitu
879 655 1019 702 cordis
1041 658 1170 702 mei1.
1199 676 1219 699 »
1245 659 1480 707 Attenditis

91 730 352 790 plerumque
374 727 650 788 interpellare
673 728 904 787 gemitibus
926 744 1068 773 servos
1090 728 1190 784 Dei,
1209 738 1252 773 et
1268 731 1480 790 quaeritur

90 817 218 846 causa
242 821 251 846 z
278 810 322 845 et
342 816 433 845 non
461 810 639 860 apparet
667 800 746 844 nisi
769 800 955 859 gemitus
978 799 1157 860 alicujus
1179 801 1288 846 servi
1322 802 1421 856 Dei,
1446 803 1481 847 si

89 882 237 917 tamen
260 870 316 915 ad
335 886 458 915 aures
475 871 662 915 hominis
689 871 801 915 circa
822 869 946 914 illum
969 871 1100 930 positi
1115 871 1376 931 pervenerit.
1402 875 1480 917 Est

88 943 203 987 enim
226 943 410 1001 gemitus
423 942 619 987 occultus
641 942 718 1002 qui
733 942 787 986 ab
810 942 987 986 homine
1010 958 1099 986 non
1112 941 1288 988 auditur
1305 959 1314 984 z
1330 951 1477 988 tamen

87 1014 121 1058 si
143 1004 263 1058 tanta
285 1013 564 1072 occupaverit
599 1028 674 1057 cor
702 1013 905 1070 cogitatio
928 1012 1128 1057 desiderii
1153 1012 1401 1074 cujusdam,
1426 1023 1477 1059 ut

86 1099 193 1129 voce
213 1083 392 1128 clariore
416 1083 680 1143 exprimatur
700 1082 860 1130 vulnus
881 1082 1096 1127 interioris
1113 1083 1300 1128 hominis
1316 1119 1327 1139 ,
1352 1100 1476 1144 quae-

86 1155 196 1199 ritur
210 1170 337 1199 causa
360 1171 372 1199 :
397 1163 440 1198 et
461 1154 566 1199 dicit
587 1154 720 1199 homo
741 1152 861 1213 apud
881 1153 1159 1212 semetipsum
1181 1173 1190 1198 2
1212 1156 1344 1202 For-te
1364 1153 1475 1201 illud

84 1234 148 1270 est
164 1225 284 1270 unde
303 1225 465 1284 gemit,
490 1234 534 1270 et
557 1223 669 1270 forte
688 1223 800 1269 illud
820 1223 883 1268 illi
905 1223 1071 1268 factum
1093 1233 1172 1269 est.
1199 1224 1304 1278 Quis
1333 1235 1477 1284 potest

83 1296 351 1355 intelligere,
383 1296 464 1339 nisi
499 1295 573 1340 ille
600 1296 646 1340 in
678 1297 800 1356 cujus
842 1295 978 1340 oculis
1017 1304 1062 1339 et
1096 1296 1273 1343 auribus
1308 1297 1476 1355 gemit?

84 1370 318 1427 Propterea
341 1385 363 1409 α
384 1366 629 1425 Rugiebam
645 1401 656 1422 ‚
694 1366 840 1427 inquit
856 1402 867 1422 ,
893 1382 916 1411 a
941 1366 1105 1425 gemitu
1137 1366 1278 1411 cordis
1307 1367 1391 1415 mei
1416 1362 1430 1412 :⁷
1449 1385 1470 1410 »

82 1438 183 1498 quia
201 1438 399 1482 homines
418 1438 453 1482 si
480 1436 659 1497 quando
683 1437 870 1482 audiunt
893 1437 1104 1496 gemitum
1131 1437 1320 1482 hominis
1340 1473 1350 1492 ,
1376 1437 1472 1498 ple-

81 1524 267 1569 rumque
302 1508 511 1567 gemitum
540 1508 678 1552 carnis
716 1507 923 1562 audiunt,
965 1516 1210 1565 gementem
1247 1524 1270 1552 a
1311 1509 1473 1568 gemitu

81 1578 221 1624 cordis
241 1595 330 1624 non
352 1578 551 1624 audiunt.
578 1579 771 1623 Abstulit
793 1579 940 1623 nescio
962 1579 1059 1639 quis
1079 1594 1145 1624 res
1166 1579 1312 1639 hujus,
1331 1580 1471 1638 rugie-

81 1651 178 1705 bat,
203 1650 279 1694 sed
295 1665 386 1694 non
407 1665 432 1693 a
453 1649 618 1708 gemitu
639 1649 780 1693 cordis
801 1669 809 1694 ι
840 1649 949 1693 alius
964 1685 975 1705 ‚
1002 1649 1103 1710 quia
1125 1649 1279 1694 extulit
1300 1649 1440 1694 filium
1458 1671 1470 1709 3

80 1720 209 1776 alius,
230 1721 333 1780 quia
351 1734 551 1776 uxorem3
576 1718 700 1773 alius,
721 1719 823 1779 quia
842 1719 1097 1778 grandinata
1120 1729 1183 1764 est
1197 1721 1321 1764 vinea
1336 1756 1347 1776 ‚
1368 1722 1471 1781 quia

13 1798 16 1800 ’
79 1807 222 1851 cuppa
244 1790 382 1846 acuit,
406 1790 508 1849 quia
530 1789 711 1848 diripuit
737 1791 990 1849 jumentum
1018 1790 1150 1849 ipsius
1175 1790 1320 1836 nescio
1343 1792 1438 1851 quis
1458 1813 1469 1850 3

79 1861 187 1906 alius
204 1896 215 1916 ‚
241 1861 341 1921 quia
363 1861 574 1904 damnum
590 1858 769 1920 aliquod
786 1876 934 1920 passus
957 1871 1019 1905 est
1037 1882 1047 1918 3
1073 1860 1180 1905 alius
1193 1896 1203 1916 ,
1223 1862 1333 1924 quia·
1347 1862 1471 1907 timet

77 1931 302 1976 hominem
328 1929 554 1974 inimicum
578 1946 586 1970 :
613 1945 763 1974 omnes
787 1930 855 1974 isti
874 1947 897 1974 a
922 1931 1085 1988 gemitu
1111 1932 1250 1976 carnis
1274 1933 1468 1990 rugiunt.

77 2004 136 2046 At
155 2016 258 2046 vero
275 2015 421 2044 servus
440 1999 517 2044 Dei
537 1999 642 2060 quia
664 2014 714 2042 ex
731 2000 1030 2045 recordatione
1051 2001 1223 2045 sabbati
1244 2002 1376 2061 rugit,
1397 2003 1477 2051 ubi

77 2081 141 2116 est
154 2086 337 2130 regnum
356 2071 460 2126 Dei,
486 2069 608 2130 quod
628 2086 729 2115 caro
751 2080 794 2114 et
822 2072 995 2130 sanguis
1016 2088 1106 2117 non
1123 2071 1415 2132 possidebunt
1429 2080 1445 2103 2
1463 2097 1473 2123 2

81 2161 102 2185 «
135 2142 377 2199 Rugiebam
391 2176 402 2197 ,
429 2141 573 2201 iuquit
587 2176 598 2196 ‚
620 2157 643 2185 a
664 2141 829 2200 gemitu
850 2142 991 2186 cordis
1007 2142 1108 2188 mei.
1138 2161 1158 2184 »

134 2215 255 2257 XIV.
296 2215 353 2256 Et
392 2212 489 2272 quis
525 2212 790 2270 agnoscebat
821 2212 942 2258 unde
979 2213 1202 2271 rugiebat,
1246 2215 1440 2286 §ubjecit
1464 2247 1475 2274 :

81 2303 102 2326 ι(
136 2286 193 2327 Et
214 2292 315 2327 ante
348 2291 391 2327 te
418 2291 482 2327 est
515 2297 645 2329 omne
667 2282 930 2328 desiderium
960 2286 1136 2328 meum3
1152 2329 1162 2340 ,
1190 2313 1211 2338 ‚‚
1236 2299 1335 2343 Non
1361 2299 1477 2344 enim

78 2363 179 2398 ante
197 2353 416 2408 homines,
434 2353 510 2413 qui
531 2368 606 2397 cor
625 2352 773 2398 videre
791 2370 881 2399 non
900 2370 1092 2414 possunt
1109 2386 1117 2411 :
1141 2367 1233 2423 sed,
1259 2387 1278 2410 «
1299 2371 1414 2413 Ante
1435 2379 1478 2414 te

79 2443 100 2466 »
122 2433 199 2468 -est
210 2440 340 2468 omne
354 2423 619 2469 desiderium
636 2440 799 2470 meum.
820 2444 840 2467 »
863 2425 936 2483 Sit⁴
952 2425 1216 2483 desiderium
1232 2448 1359 2484 tuum
1378 2451 1479 2486 ame

76 2494 226 2552 illum3
254 2515 274 2537 (ί
292 2497 350 2539 Et
381 2499 508 2540 Pater
540 2495 617 2555 qUi
648 2495 769 2540 Videt
800 2496 853 2550 1¹22
882 2507 1077 2564 occulto,
1113 2508 1267 2554 reddet
1300 2509 1424 2555 tibi4.
1453 2530 1473 2554 »

124 2586 131 2601 ¹
160 2579 237 2612 95³¹·
254 2591 379 2622 ¹¹¹V¹17
393 2589 501 2623 9··-²
519 2593 530 2614 1
549 2583 622 2613 ΕΘΓ·
638 2593 693 2623 Π,
709 2581 770 2623 570.
786 2609 826 2616 »—
840 2590 853 2616 3
875 2592 955 2624 Psal.
973 2604 1094 2635 xxxvii,
1120 2605 1168 2627 10.
1182 2594 1473 2638 —4Matt11.v1‚6.
