1841 3223
450 237 692 268 ENARRAno
724 242 769 268 m
801 240 1004 270 PsALMUM
1036 244 1105 269 Lv.
1385 231 1468 270 563

148 306 240 348 XX.
270 322 291 346 «
316 307 369 348 In
389 318 459 347 me
487 312 590 348 sunt
611 306 725 348 Deus
746 315 847 350 vota
876 315 975 361 tua,
1001 321 1100 366 quae
1120 303 1300 349 reddam
1328 305 1471 351 laudis

93 393 112 416 ))
133 374 213 419 tibi
238 393 248 419 :
272 374 375 434 quia
394 373 542 418 eruisti
558 375 745 418 animam
761 391 902 419 meam
919 375 974 420 de
996 384 1134 420 morte
1149 411 1160 431 ‚
1180 374 1328 420 oculos
1349 391 1470 422 meos

92 463 113 487 »
139 461 162 490 a
182 445 383 504 lacrymis
397 479 409 500 ‚
433 454 477 489 et
497 444 629 505 pedes
649 460 768 490 meos
789 445 844 490 de
864 446 988 506 lapsu
1014 462 1022 488 :
1043 456 1094 491 ut
1115 446 1311 506 placeam
1327 461 1473 492 coram

95 535 113 558 »
138 518 229 560 Deo
241 514 287 559 in
300 514 465 559 lumine
484 515 759 560 viventium¹.
777 516 964 562 »Merito
978 532 1068 561 non
1084 516 1226 577 placet
1246 515 1344 561 filiis
1365 516 1473 561 alie-

91 585 157 630 nis
175 585 307 645 longe
327 584 452 630 factis
472 601 497 629 a
518 585 697 641 sanctis,
724 587 827 647 quia
854 602 943 631 non
966 587 1132 631 habent
1152 587 1303 631 lumen
1324 588 1475 633 viven-

91 657 223 713 tium,
250 655 367 701 unde
388 656 566 701 videant
587 657 708 717 quod
728 660 818 702 Deo
840 657 996 717 placet.
1022 660 1191 702 Lumen
1202 658 1444 703 viventium
1460 693 1473 715 ‚

93 735 158 772 051
171 726 323 771 lumen
355 725 693 783 immortalium,
713 726 866 772 lumen
897 737 1161 773 sanctorum.
1183 728 1269 781 Qui
1298 744 1388 773 non
1414 738 1479 774 est

92 798 139 842 in
159 797 365 854 tenebriS‚
387 797 531 857 placet
549 797 596 842 in
615 797 782 842 lumine
798 798 1054 843 viventium.
1071 798 1326 843 Attenditur
1346 800 1479 844 homo

94 877 138 913 et
163 883 214 913 ea
238 884 338 929 quae
359 868 492 928 ipsius
522 877 625 914 sunt
643 903 655 924 ‚
685 884 816 914 nemo
837 869 917 914 scit
938 868 1078 930 qualis
1099 878 1164 914 est
1189 888 1198 913 :
1225 871 1339 914 Deus
1362 869 1482 916 videt

93 937 234 1000 qualis
247 948 324 984 est.
342 938 594 999 Aliquando
609 948 653 983 et
671 940 818 999 ipsum
829 939 1053 985 diabolum
1070 939 1197 999 latet3
1216 940 1298 984 nisi
1319 948 1480 997 tentet,

94 1027 187 1056 non
201 1010 367 1056 invenit
388 1030 397 1056 :
419 1010 531 1056 sicut
546 1009 601 1055 de
614 1011 696 1056 isto
708 1012 817 1067 viro,
835 1027 968 1072 quem
984 1011 1115 1057 modo
1128 1012 1480 1058 commemoravi.

95 1084 284 1128 Noverat
306 1096 408 1126 eum
429 1085 544 1126 Deus
559 1116 571 1138 ‚
596 1090 640 1125 et
671 1082 711 1126 ei
744 1082 1044 1127 testimonium
1074 1082 1334 1143 perhibebat
1361 1103 1370 1129 :
1390 1082 1486 1128 dia-

95 1151 224 1197 bolus
247 1167 348 1198 eum
368 1168 459 1198 non
479 1162 681 1210 noverat,
707 1162 751 1198 et
771 1153 870 1198 ideo
890 1154 1058 1199 dixerat
1073 1189 1084 1210 ‚
1114 1174 1134 1196 «
1157 1154 1383 1215 Numquid
1398 1155 1484 1201 Job

100 1242 120 1266 »
150 1224 280 1283 gratis
309 1223 414 1269 colit
433 1227 575 1269 Deum
592 1225 642 1268 2Ρ
668 1242 688 1266 »
709 1223 866 1269 Videte
898 1241 988 1285 quo
1014 1234 1223 1285 provocat
1245 1225 1445 1270 inimicus
1470 1245 1480 1270 ;

96 1293 158 1338 ibi
185 1293 397 1355 perfectio
427 1304 504 1340 est.
537 1294 693 1339 Videte
715 1294 822 1355 quid
856 1294 1006 1355 objicit
1040 1296 1242 1340 inimicus
1269 1295 1490 1342 :Videbat

97 1366 322 1411 hominem
332 1372 418 1411 Deo
434 1366 710 1423 servientem,
726 1366 773 1411 in
784 1366 988 1411 omnibus
1001 1367 1331 1427 obsequentem,
1344 1368 1490 1414 omnia

97 1435 210 1480 bene
229 1445 482 1496 operantem
499 1457 512 1495 3
531 1446 576 1481 et
594 1436 697 1497 quia
721 1435 842 1482 dives
863 1446 955 1481 erat
976 1446 1020 1481 et
1041 1435 1286 1482 felicissima
1307 1436 1485 1494 domus⁷

98 1506 182 1552 hoc
199 1507 370 1568 objicit,
389 1507 493 1568 quia
519 1505 617 1550 ideo
637 1505 742 1551 colit
763 1511 898 1551 Deum
914 1542 925 1562 ‚
950 1507 1160 1567 quoniam
1184 1507 1305 1553 dedit
1317 1507 1381 1552 illi
1396 1510 1492 1554 haec

98 1577 248 1623 omnia
273 1597 283 1623 :
307 1596 329 1620 «
351 1575 580 1638 Numquid
600 1576 686 1622 Job
710 1577 840 1636 gratis
873 1576 980 1622 colit
1008 1579 1174 1622 Deum?
1198 1597 1218 1620 »
1251 1581 1345 1624 Hoc
1375 1579 1493 1625 enim

100 1658 193 1694 erat
213 1664 367 1696 verum
395 1647 572 1705 lumen,
602 1649 685 1693 hoc
705 1648 858 1692 lumen
887 1649 1129 1694 viventium
1149 1684 1161 1705 ‚
1191 1659 1242 1694 ut
1268 1651 1397 1709 gratis
1417 1667 1494 1698 00-

99 1720 210 1765 leret
230 1723 386 1766 Deum.
407 1723 523 1765 Deus
544 1718 722 1764 videbat
742 1719 789 1764 in
809 1718 942 1765 corde
957 1720 1069 1765 servi
1089 1720 1156 1765 sui
1173 1721 1342 1766 cultum
1363 1737 1495 1768 suum

103 1791 358 1851 gratuitum.
372 1789 580 1835 Placebat
593 1789 711 1834 enim
725 1789 837 1835 illud
856 1791 992 1835 corin
1009 1801 1245 1851 conspectu
1258 1793 1432 1838 Domini
1446 1794 1494 1839 in

102 1860 268 1907 lumine
288 1860 532 1907 viventium
563 1878 574 1904 :
608 1858 835 1905 diabolum
865 1859 1059 1917 latebat,
1092 1861 1197 1922 quia
1222 1862 1269 1906 in
1300 1863 1492 1910 tenebris

103 1940 210 1977 erat.
234 1930 423 1977 Admisit
444 1933 560 1975 Deus
579 1938 842 1975 tentatorem
857 1964 868 1986 ,
894 1946 985 1975 non
1004 1940 1056 1975 ut
1079 1931 1169 1992 ipse
1196 1942 1342 1978 nosset
1371 1934 1493 1994 quod

104 2011 309 2058 noverat,
328 1999 404 2046 sed
424 2009 476 2045 ut
489 2000 615 2046 nobis
635 2000 908 2045 noscendum
920 2010 966 2046 et
979 2001 1239 2047 imitandum
1259 2003 1491 2063 praeberet.

104 2073 331 2134 Numquid
351 2071 468 2118 enim
502 2072 537 2117 si
557 2080 748 2117 tentator
780 2087 871 2117 non
891 2071 1217 2130 admitteretur,
1247 2074 1493 2123 videremus

106 2143 284 2205 nosipsi
306 2144 354 2188 in
373 2146 398 2189 J
402 2142 460 2188 ob
481 2142 603 2204 quod
625 2141 884 2188 deberemus
905 2152 950 2188 et
964 2143 1175 2189 vellemus
1196 2144 1384 2191 imitari?
1400 2147 1494 2192 Ad-

106 2215 262 2260 missus
282 2223 347 2260 est
366 2223 558 2260 tentator
575 2249 586 2270 ‚
611 2213 791 2259 abstulit
815 2214 962 2260 omnia
976 2249 988 2270 ‚
1012 2216 1217 2261 remansit
1236 2216 1310 2262 ille
1330 2218 1447 2264 solus
1466 2236 1495 2267 a

107 2285 415 2344 facultatibUS‚
440 2286 556 2332 solus
577 2302 603 2331 a
628 2285 794 2331 familia
809 2321 820 2342 ‚
856 2285 973 2332 solus
994 2303 1019 2331 a
1050 2286 1174 2343 filiis,
1202 2287 1357 2348 plenus
1386 2293 1492 2337 Deo.

110 2360 226 2404 Uxor
253 2373 355 2403 sane
384 2357 534 2403 relicta
565 2365 670 2402 erat.
702 2356 1025 2403 Misericordem
1055 2357 1216 2417 putatis
1243 2358 1496 2419 diabolum,

109 2428 187 2490 qui
198 2429 238 2474 ei
250 2427 430 2491 reliquit
442 2442 621 2474 uxorem
630 2428 843 2475 PNoverat
861 2442 938 2487 per
949 2443 1081 2488 quam
1097 2426 1327 2490 deceperat
1336 2431 1494 2478 Adam.

161 2542 170 2559 ¹
188 2535 269 2569 Psal.
290 2546 340 2578 ιν,
364 2535 414 2568 13.
435 2551 477 2560 --
498 2542 510 2559 ²
530 2533 601 2567 Job.
622 2545 646 2576 1,
664 2545 696 2577 9.

1245 2602 1309 2641 36.
