1841 3223
395 281 637 309 ENAnnA‘rio
669 283 713 309 m
746 278 948 309 PsALMUM
982 281 1116 308 xxxv.
1407 267 1460 306 37

75 339 210 400 dicit,
243 355 287 389 et
318 361 405 389 non
437 345 481 388 in
518 346 772 404 semetipso?
801 348 944 398 Quare
978 345 1022 389 in
1057 344 1317 403 semetipso?
1351 344 1463 397 Quia

73 414 205 459 homo
225 415 348 459 illum
371 431 458 459 non
481 416 614 459 videt.
642 415 880 472 Quidcrgo
896 451 906 469 ,
931 416 1032 475 quia
1055 416 1187 459 homo
1210 429 1299 457 non
1321 413 1456 469 videt⁷

72 484 116 527 in
137 485 231 544 ipso
267 485 396 529 corde
411 522 421 540 ‚
451 486 529 529 ubi
551 485 632 529 sibi
655 485 759 529 dicit
778 494 826 528 ut
854 484 1107 544 delinquat,
1146 488 1259 529 Deus
1286 484 1347 528 ibi
1371 480 1467 527 non

71 556 218 601 videt?
234 555 362 600 Videt
378 557 439 600 ibi
460 560 589 600 Deus.
618 555 702 600 Sed
719 555 826 616 quid
842 556 1068 615 sequitur?
1090 575 1109 597 «
1132 559 1228 600 Non
1248 565 1311 600 est
1334 555 1463 600 timor

72 643 94 667 »
129 625 207 669 Dei
228 624 328 670 ante
347 625 493 671 oculos
518 627 622 686 ejus.
647 644 666 667 n
686 629 799 670 Ante
817 625 965 669 oculos
984 625 1114 669 timor
1130 626 1358 669 hominum
1377 635 1457 670 est.

69 700 166 743 Non
188 697 319 742 audet
347 699 463 742 enim
481 697 656 758 publice
677 697 872 757 profiteri
894 696 1170 756 iniquitatem
1187 732 1197 751 ‚
1224 713 1279 741 ne
1299 697 1369 742 vel
1393 713 1462 741 re-

68 767 379 827 prehendatur,
397 767 466 812 vel
484 767 715 812 damnetur
732 767 786 811 ab
803 767 1070 812 hominibus.
1097 767 1288 811 Discedit
1311 777 1460 812 autem

68 855 91 882 a
113 848 350 899 conspectu
371 839 600 882 hominum
630 832 795 898 z'quo?
822 837 892 882 Ad
921 838 1197 897 semetipsum
1228 857 1236 882 :
1264 838 1386 883 ducit
1415 854 1459 882 se

66 909 182 954 intro
197 945 208 965 ⁷
233 919 276 953 et
298 925 427 954 nemo
459 908 586 953 illum
605 908 725 953 videt
747 928 756 953 2
784 908 861 952 ubi
884 907 1119 953 meditatur
1141 906 1264 953 dolos
1288 918 1331 953 et
1351 909 1460 953 insi-

66 979 156 1024 dias
179 990 222 1024 et
242 980 398 1025 delicta
414 1016 424 1036 ‚
450 995 579 1024 nemo
600 980 734 1024 videt.
759 983 904 1024 Posset
926 995 1007 1024 nec
1030 979 1092 1023 ibi
1117 978 1234 1039 apud
1257 995 1301 1024 se
1318 980 1460 1025 medi-

65 1052 172 1107 tari,
197 1053 231 1096 si
253 1053 465 1111 cogitaret
488 1052 590 1111 quia
614 1055 726 1095 Deus
747 1051 874 1095 illum
893 1051 1011 1095 videt
1030 1070 1038 1095 ε
1061 1051 1136 1095 sed
1158 1051 1261 1111 quia
1284 1067 1374 1096 non
1396 1061 1460 1096 est

64 1122 196 1166 timor
216 1123 294 1166 Dei
320 1132 420 1166 ante
450 1121 599 1167 oculos
628 1123 719 1181 ejus
738 1157 748 1176 ,
775 1137 874 1165 cum
902 1122 1141 1166 discesserit
1167 1137 1190 1165 a
1223 1131 1460 1181 conspectu

63 1193 292 1237 hominum
311 1193 366 1237 ad
381 1209 455 1237 cor
468 1208 612 1247 suum,
631 1193 689 1236 ihi
709 1208 840 1252 quem
855 1192 1006 1236 timeat
1019 1195 1036 1236 Ρ
1049 1193 1276 1253 Numquid
1294 1209 1384 1237 non
1395 1193 1458 1247 ibi

63 1273 127 1308 est
148 1279 334 1322 praesens
350 1266 494 1308 Deus?
513 1263 598 1308 Sed
615 1279 703 1307 non
718 1272 782 1307 est
799 1263 928 1306 timor
942 1263 1018 1307 Dei
1032 1263 1077 1306 in
1093 1272 1328 1323 conspectu
1346 1265 1453 1324 ejus.

124 1337 205 1377 III.
234 1333 470 1379 Meditatur
487 1349 589 1394 ergo
611 1333 733 1377 dolos
763 1353 771 1378 :
802 1343 844 1377 et
865 1334 1076 1394 sequitur,
1095 1336 1252 1393 (Forte
1271 1335 1378 1379 latet
1399 1334 1456 1378 il-

61 1403 154 1448 lum
172 1440 182 1460 ‚
208 1405 310 1465 quia
327 1408 442 1449 Deus
470 1405 532 1448 ibi
547 1392 668 1449 videt
685 1407 702 1445 ἱ)
722 1405 867 1448 Etiam
898 1405 1142 1449 ostenditur
1165 1404 1287 1466 quod
1313 1405 1458 1450 dicere

63 1490 280 1534 coeperam
298 1495 306 1519 :
332 1474 439 1519 latet
460 1474 582 1519 illum
600 1510 610 1530 ‚
634 1474 710 1519 sed
726 1474 973 1532 volentem3
999 1476 1101 1535 quia
1119 1485 1271 1520 contra
1293 1491 1338 1520 se
1353 1476 1459 1521 fecit

60 1545 212 1590 nolens
240 1544 524 1604 intelligere.)
550 1565 570 1588 «
595 1545 813 1599 Quoniam
849 1544 997 1590 dolose
1026 1546 1114 1604 egit
1142 1547 1189 1590 in
1217 1556 1455 1606 conspectu

63 1633 84 1657 »
118 1617 209 1676 ejus
224 1618 254 1659 ¹.
274 1634 294 1657 »
317 1617 375 1660 >In
396 1618 519 1677 cujus
541 1617 810 1675 conspectu?
831 1617 967 1676 Cujus
998 1616 1129 1661 timor
1150 1632 1239 1661 non
1267 1626 1330 1661 est
1355 1627 1456 1663 ante

59 1685 208 1731 oculos
243 1688 336 1747 ejus
363 1686 440 1747 qui
473 1685 622 1730 dolose
657 1686 757 1743 egit.
794 1688 895 1729 «Ut
929 1686 1143 1730 inveniret
1177 1687 1455 1747 iniquitatem

62 1775 82 1798 n
118 1772 239 1801 suam
256 1791 267 1811 ‚
288 1766 331 1800 et
359 1756 530 1801 odisset.
561 1775 581 1797 »
609 1759 694 1800 Iste
716 1757 773 1800 sic
794 1756 882 1815 egit
904 1765 1062 1801 utnon
1086 1757 1314 1802 inveniret.
1343 1761 1455 1804 Sunt

59 1828 177 1871 enim
210 1827 408 1871 homines
439 1828 516 1887 qui
544 1827 667 1887 quasi
700 1836 914 1871 conantur
945 1843 1139 1886 quaerere
1173 1827 1451 1888 iniquitatem

59 1913 178 1941 suam
194 1933 204 1953 ‚
232 1907 275 1941 et
297 1897 454 1941 timent
474 1897 835 1953 illamssinvenireg
862 1897 962 1956 quia
985 1897 1019 1941 si
1040 1897 1158 1941 illam
1185 1899 1447 1953 invenerint,

58 1966 218 2012 dicitur
239 1966 321 2011 illis
346 1987 354 2012 :
383 1966 589 2011 Recedite
612 1967 666 2010 ab
690 1967 762 2011 illa
794 1983 802 2008 :
830 1969 924 2013 haec
950 1966 1088 2012 fecisti
1110 1978 1342 2030 antequam
1367 1971 1450 2014 sci-

58 2053 140 2092 res,
170 2037 446 2098 iniquitatem
466 2037 605 2082 fecisti
627 2053 728 2081 cum
746 2054 855 2082 esses
872 2039 918 2082 in
940 2039 1182 2097 ignorantia
1201 2061 1211 2097 3
1238 2040 1313 2083 dat
1335 2043 1450 2085 Deus

58 2108 230 2152 veniam
246 2143 257 2165 ,
282 2107 413 2152 modo
435 2107 674 2165 cognovisti
694 2123 787 2152 eam
804 2143 814 2162 ,
838 2108 1008 2153 dimitte
1030 2109 1150 2152 illam
1171 2120 1220 2154 ut
1242 2111 1375 2169 possit
1389 2110 1449 2155 fa-

59 2176 141 2221 cile
161 2178 415 2236 ignorantiae
427 2187 516 2221 tuae
533 2177 657 2221 venia
679 2177 787 2233 dari,
807 2188 850 2223 et
871 2178 1007 2223 libera
1029 2179 1174 2225 fronte
1197 2180 1314 2224 dicas
1331 2184 1444 2225 Deo:

61 2268 81 2290 «
114 2247 279 2293 Delicta
302 2249 541 2309 juventutis
561 2264 668 2292 meae
687 2259 730 2293 et
751 2250 1008 2308 ignorantiae
1031 2267 1139 2295 meae
1155 2268 1210 2295 ne
1231 2253 1447 2296 memine-

61 2337 80 2360 »
116 2319 172 2363 ris
188 2321 220 2363 ².
247 2337 267 2360 υ
296 2322 387 2363 Hac
408 2318 528 2362 illam
548 2321 725 2379 quaerit,
750 2321 832 2364 hac
856 2322 979 2365 timet
1001 2337 1056 2365 ne
1078 2322 1272 2367 inveniat
1294 2321 1413 2367 illam
1434 2342 1443 2368 ε

58 2389 206 2433 dolose
230 2390 353 2433 'enim
387 2391 558 2450 quaerit.
596 2393 694 2436 Non
730 2391 920 2436 sciebam
953 2393 1055 2451 quia
1095 2401 1324 2451 peccatum
1357 2404 1443 2450 est,

58 2459 234 2520 quando
256 2459 360 2504 dicit
380 2461 544 2504 homo?
572 2462 685 2505 Cum
706 2462 862 2505 viderit
890 2462 991 2522 quia
1022 2472 1249 2521 peccatum
1278 2473 1367 2519 est,
1402 2473 1447 2509 et

58 2529 269 2575 destiterit
303 2531 443 2575 facere
475 2531 616 2590 ipsum
650 2541 905 2589 peccatum,
946 2531 1067 2592 quod
1098 2532 1197 2578 ideo
1226 2533 1441 2589 faciebat,
1496 2546 1504 2553 ‘

109 2620 118 2636 ¹
137 2614 217 2646 Psal.
245 2625 343 2656 xxxv,
370 2614 398 2645 3.
427 2631 467 2635 —
488 2614 562 2645 ²1d.
585 2625 672 2651 xxiv,
694 2626 724 2656 7.
