1841 3223
457 266 698 297 ENAnnAno
729 271 776 297 nv
806 269 1008 298 PsALMUM
1040 272 1108 298 ιν.
1395 257 1474 298 551

103 348 125 374 »
159 332 439 390 cogitationes
451 332 608 388 cordis,
625 342 668 377 et
688 342 794 378 tunc
816 334 908 378 laus
926 335 1007 378 erit
1023 335 1260 394 unicuique
1276 350 1296 378 a
1312 337 1402 379 Deo
1414 337 1477 378 Ἆγι

99 404 346 463 Antequam
374 403 462 455 hoc
489 403 590 459 fiat,
621 404 666 448 in
687 405 768 448 hac
800 406 1143 464 peregrinatione
1174 404 1357 450 carnalis
1379 406 1480 450 vitae

100 472 284 533 quisque
311 488 385 525 cor
409 489 536 518 suum
558 483 729 534 portat,
754 483 797 519 et
829 491 957 519 omne
976 491 1050 520 cor
1071 476 1190 520 omni
1212 475 1332 521 cordi
1357 475 1481 521 clau-

101 558 197 594 sum
227 552 302 588 est.
336 543 523 588 Proinde
543 545 612 589 isti
642 560 830 605 quorum
861 545 1038 590 consilia
1063 546 1267 590 adversus
1293 547 1413 592 hunc
1435 547 1482 592 in

101 615 266 664 malum
281 651 292 671 ‚
325 635 346 661 «
372 616 591 671 Incolent‚
616 625 660 661 et
685 615 955 661 abscondent
980 636 988 661 :
1018 636 1038 657 »
1060 618 1160 677 quia
1180 618 1226 660 in
1252 618 1332 662 ista
1354 632 1482 677 pere—-

102 686 346 745 gr‘inatione
378 696 478 731 sunt
498 722 509 741 ‚
544 696 588 731 et
621 701 795 730 carnem
831 696 1029 746 portant,
1058 686 1210 731 dolum
1242 696 1396 746 tegunt
1435 688 1482 732 in

100 757 252 812 corde,
278 756 495 817 quidquid
515 756 618 801 mali
649 756 841 816 cogitant
863 756 1150 801 abscondunt.
1177 759 1346 809 Quare?
1369 757 1481 811 Quia

101 826 245 873 adhuc
266 827 490 886 peregrina
506 836 570 872 est
589 827 677 871 vita
692 827 787 871 ista.
803 826 1102 882 Abscondant‚
1120 827 1345 887 apparebit
1361 826 1484 887 quod

101 897 376 948 abscondunt
393 932 404 953 ‚
429 906 472 942 et
492 898 572 957 ipsi
591 913 681 943 non
699 897 1036 942 abscondentur.
1063 899 1140 941 Est
1156 906 1200 942 et
1216 898 1261 941 in
1282 898 1366 942 hoc
1389 897 1485 942 abs-

100 969 278 1019 condito
300 967 409 1016 alius
427 968 697 1023 intellectus⁷
723 968 798 1028 qui
815 968 995 1013 fortasse
1016 969 1150 1026 magis
1171 967 1486 1028 placebit.Ete-

99 1038 191 1083 nim
213 1054 265 1088 ex
286 1039 338 1083 iis
359 1039 436 1099 qui
456 1038 585 1097 longe
607 1037 708 1082 facti
728 1047 830 1082 sunt
861 1054 885 1082 a
907 1039 1063 1082 sanctis
1078 1074 1088 1093 ‚
1114 1038 1363 1082 subintrant
1385 1039 1486 1098 qui-

100 1109 200 1154 dam
219 1110 325 1165 ficti,
348 1119 392 1155 et
412 1111 577 1170 pejores
596 1108 896 1153 tribulationes
917 1109 1084 1154 faciunt
1106 1109 1276 1169 corpori
1297 1109 1482 1167 Christi3

99 1178 200 1239 quia
222 1195 314 1224 non
332 1189 540 1240 tanquam
570 1180 743 1239 penitus
760 1178 887 1222 alieni
905 1179 1172 1223 devitantur.
1196 1179 1264 1223 Ab
1286 1179 1385 1238 ipsis
1405 1194 1486 1238 pe-

100 1248 236 1297 ricula
257 1250 453 1308 graviora
474 1264 818 1294 commemorans
840 1248 1095 1308 Apostolus,
1129 1265 1229 1294 cum
1252 1265 1484 1294 enumera—

100 1328 166 1364 ret
187 1319 345 1369 multas
366 1320 585 1380 passiones
604 1335 726 1375 suas,
753 1329 796 1364 et
823 1320 986 1364 diceret
1006 1340 1015 1365 z
1055 1339 1075 1362 «
1108 1320 1313 1365 Periculis
1335 1321 1484 1364 flumi-

102 1408 124 1432 »
158 1406 288 1446 num,
308 1391 511 1450 periculis
525 1390 745 1435 latronum
759 1425 770 1446 ‚
795 1390 997 1450 periculis
1022 1406 1072 1435 ex
1091 1406 1262 1450 genere,
1281 1390 1484 1450 periculis

103 1478 124 1503 »
158 1476 209 1505 ex
227 1461 430 1519 gentibus
445 1496 456 1515 ‚
479 1460 683 1520 periculis
709 1461 755 1505 in
773 1461 946 1505 civitate
960 1496 970 1516 ,
995 1460 1197 1520 periculis
1220 1462 1265 1505 in
1282 1461 1452 1506 deserto
1470 1497 1481 1516 ,

102 1549 124 1573 »
158 1531 361 1591 periculis
390 1532 436 1576 in
462 1531 599 1576 mari:
630 1530 861 1590 periculis,
899 1531 1062 1591 inquit,
1104 1532 1150 1574 in
1182 1531 1299 1576 falsis
1337 1530 1488 1576 fratria

102 1618 124 1643 η
160 1602 285 1646 bus‘2.
314 1620 334 1643 »
363 1601 418 1646 Hi
440 1602 566 1645 nimis
587 1600 821 1660 periculosi
842 1609 965 1656 sunt,
991 1601 1046 1644 de
1074 1601 1233 1662 quibus
1253 1601 1414 1646 dicitur
1438 1603 1485 1646 in

100 1671 184 1717 alio
201 1671 372 1717 Psalmo
397 1692 406 1717 ;
436 1691 456 1715 «
479 1675 538 1717 Et
558 1671 915 1731 ingrediebantur
935 1681 987 1716 ut
1001 1671 1245 1717 viderent-⁹³.
1268 1672 1487 1731 Ingredie-

102 1762 123 1786 »
157 1744 322 1788 bantur
354 1752 405 1789 ut
434 1744 661 1798 viderent,
701 1762 720 1784 »
762 1752 805 1787 et
834 1759 963 1787 nemo
990 1743 1095 1788 dicit
1127 1763 1135 1788 :
1161 1746 1259 1789 Non
1280 1744 1413 1788 intres
1436 1753 1486 1789 ut

99 1813 260 1862 videas.
299 1817 439 1860 Intrat
460 1815 577 1858 enim
599 1823 809 1874 tanquam
839 1823 941 1858 tuus
957 1849 967 1868 ‚
996 1830 1086 1858 non
1107 1824 1285 1858 cavetur
1305 1824 1356 1858 ut
1377 1814 1484 1858 alie-

100 1900 197 1929 nus.
235 1885 311 1933 Isti
333 1899 434 1943 ergo
457 1903 476 1928 «
503 1884 728 1939 Incolent,
754 1893 798 1928 et
819 1883 1104 1928 abscondent.
1135 1903 1154 1925 »
1190 1884 1301 1937 Quia
1331 1885 1390 1928 sic
1416 1886 1486 1928 in-

101 1965 219 2001 trant
249 1955 296 2000 in
323 1954 504 2003 domum
536 1969 766 2014 magnam,
797 1970 887 1998 non
921 1954 982 1998 ibi
1010 1956 1353 2014 perseveraturi3
1387 1955 1487 2000 ideo

100 2025 308 2072 incolent.
351 2025 473 2070 Tales
505 2026 619 2069 enim
659 2034 907 2084 peccatores
943 2040 1086 2069 servos
1120 2025 1271 2070 volens
1304 2025 1486 2085 intelligi

100 2097 311 2142 Dominus
324 2132 335 2152 ‚
358 2096 597 2142 secundum
618 2095 745 2140 illum
766 2095 1035 2141 intellectum
1055 2096 1370 2155 evangelicum,
1394 2112 1485 2156 quo

105 2186 126 2210 «
160 2167 311 2212 Omnis
324 2168 402 2228 qui·
413 2167 519 2212 facit
530 2176 756 2227 peccatum
766 2182 912 2211 servus
922 2176 984 2211 est
1006 2167 1187 2226 peccati⁷
1211 2166 1270 2210 ait
1291 2185 1300 2211 :
1326 2169 1483 2211 Servus

103 2257 124 2280 »
159 2253 249 2282 non
270 2247 420 2283 manet
445 2238 491 2282 in
523 2237 655 2283 domo
677 2238 722 2282 in
742 2248 953 2283 aeternum
980 2257 989 2282 :
1025 2236 1138 2282 filius
1171 2246 1316 2281 autem
1337 2247 1488 2282 manet

103 2325 125 2349 »
158 2308 204 2352 in
220 2309 474 2355 aeternum4.
503 2327 523 2350 »
548 2309 632 2361 Qui
655 2309 786 2353 intrat
807 2317 856 2352 ut
878 2307 1015 2362 filius,
1050 2323 1140 2351 non
1162 2305 1347 2362 incolet,
1378 2307 1482 2368 quia

101 2379 393 2439 perseverabit
413 2395 550 2439 usque
570 2379 617 2423 in
638 2380 771 2424 finem
785 2382 800 2406 ⁵²
826 2399 834 2424 :
856 2379 933 2439 qui
963 2380 1094 2422 intrat
1116 2387 1166 2423 ut
1187 2393 1356 2433 servus,
1382 2378 1489 2422 sub-

102 2449 250 2505 dolus,
284 2459 486 2509 peccator
505 2485 516 2506 ‚
559 2449 615 2495 ad
646 2450 823 2495 oculum
853 2449 1108 2505 attendens,
1146 2464 1346 2509 quaerens
1378 2449 1486 2509 quid

151 2551 160 2566 ¹
185 2556 197 2577 1
221 2547 350 2587 Cor.1v‚
366 2545 398 2577 5.
419 2562 456 2568 ·-·
475 2552 488 2568 ²
506 2554 526 2578 2
545 2546 678 2587 Cor.x1,
695 2545 748 2577 26.
765 2562 805 2567 -
826 2543 839 2567 3
854 2545 940 2577 Psal.
961 2556 1014 2585 u,
1035 2556 1064 2586 7.
1079 2543 1148 2573 -4
1163 2547 1252 2576 Joan.
1274 2555 1341 2585 vm,
1362 2543 1479 2586 34‚35.

106 2616 146 2621 —
169 2597 307 2631 ⁵Matth.
324 2611 356 2640 x,
376 2609 432 2640 22,
447 2605 480 2632 et
500 2611 588 2639 xxiv,
614 2601 662 2632 13.
