1841 3223
392 203 476 241 322
831 209 864 238 s.
901 210 1132 240 Arousnm
1165 213 1345 240 Erlscom

391 298 413 321 »
448 294 526 324 nos
548 278 705 322 nimis:
735 295 754 317 n
778 277 823 321 id
847 278 935 336 egit
966 287 1015 322 ut
1048 278 1107 322 ibi
1136 288 1245 322 esset
1277 278 1566 339 tranquillitas
1600 296 1772 340 magna.

448 352 524 392 Vl.
553 347 857 407 Videteipsam
882 348 1241 409 tranquillitatem
1266 369 1274 393 ε
1306 368 1325 391 «
1355 353 1589 409 Propterea
1615 367 1705 396 non
1719 352 1778 396 ti·-

390 438 410 461 »
432 419 678 477 mebimus3
708 435 809 463 cum
848 419 1186 464 conturbabitur
1213 429 1350 474 terra,
1391 429 1435 464 et
1462 419 1778 466 transferentur

387 508 409 532 »
434 499 602 535 montes
621 491 667 535 in
685 506 760 535 cor
776 491 919 535 maris.
952 510 969 531 υ
989 494 1111 535 Tunc
1133 506 1221 536 non
1241 491 1504 536 timebimus.
1522 494 1777 546 Quaeramus

383 571 554 606 montes
573 560 800 606 translatos
818 583 829 619 3
849 571 893 606 et
914 562 948 606 si
970 562 1165 606 invenire
1186 561 1475 621 potuerimus,
1496 562 1777 608 manifestum

383 640 446 676 est
467 633 568 692 quia
596 632 688 692 ipsa
720 640 783 675 est
805 631 1011 676 securitas
1043 640 1204 675 nostra.
1234 631 1445 676 Dominus
1474 632 1638 693 quippe
1669 633 1778 679 dixit

381 703 633 764 Discipulis,
663 723 683 745 «
711 704 753 749 Si
780 703 1018 747 habueritis
1056 701 1188 746 fidem
1224 703 1335 747 sicut
1369 718 1553 762 granum
1589 704 1773 764 sinapis,

385 794 403 817 »
424 776 575 821 dicetis
588 776 728 820 monti
746 776 849 819 huic
868 794 876 819 ε
900 774 1068 818 Tollere
1090 784 1133 818 et
1150 775 1322 819 mittere
1343 775 1389 818 in
1412 790 1545 831 mare,
1561 785 1604 820 et
1621 776 1772 820 fiet1.»

380 849 536 903 Forte,
568 866 587 889 «
612 846 752 891 Monti
770 846 872 890 huic
889 881 899 901 ,
929 864 948 887 »
972 845 1026 890 de
1046 861 1090 890 se
1115 846 1207 905 ipso
1230 844 1367 904 dixit,
1401 845 1542 891 dictus
1573 855 1637 891 est
1658 847 1775 892 enim

378 933 504 963 mons
530 939 538 964 z
565 938 584 962 «
609 918 704 963 Erit
725 918 770 961 in
800 917 1041 962 novissimis
1069 917 1338 977 temporibus
1371 918 1626 963 manifestus
1649 934 1774 964 mons

381 1005 402 1029 »
430 988 618 1033 Domini.
647 1006 668 1029 »
696 987 780 1033 Sed
801 988 881 1032 iste
908 1003 1032 1032 mons
1055 1003 1183 1047 super
1214 988 1318 1033 alios
1339 998 1508 1032 montes
1536 988 1774 1034 collocatus

377 1068 442 1104 est
469 1060 598 1120 :quia
635 1067 679 1103 et
709 1057 906 1118 Apostoli
935 1067 1130 1114 montes,
1166 1067 1389 1118 portantes
1417 1068 1610 1103 montem
1635 1060 1769 1105 hunc.

378 1130 485 1176 Ideo
502 1131 699 1191 sequitur
716 1150 724 1174 ε
750 1149 771 1172 «
793 1133 890 1175 Erit
910 1130 956 1174 in
974 1130 1213 1174 novissimis
1234 1131 1503 1191 temporibus
1520 1130 1774 1176 manifestus

380 1220 401 1245 »
427 1217 552 1248 mons
574 1202 775 1257 Domini,
793 1210 969 1261 paratus
987 1201 1031 1245 in
1048 1201 1274 1245 cacumine
1289 1201 1504 1246 montium
1518 1203 1550 1245 ².
1571 1220 1592 1244 »
1614 1205 1774 1247 Trans-

376 1274 525 1319 cendit
547 1289 650 1333 ergo
672 1273 897 1318 cacumina
919 1273 1135 1317 montium
1165 1273 1384 1328 omnium,
1410 1282 1454 1317 et
1479 1273 1524 1316 in
1545 1274 1774 1319 cacumine

375 1346 572 1391 omnium
598 1345 814 1390 montium
838 1343 1073 1389 collocatus
1105 1353 1196 1401 est,
1232 1344 1441 1404 quoniam
1468 1354 1639 1389 montes
1671 1354 1774 1391 sunt

376 1417 685 1461 annuntiantes
717 1424 927 1459 montem.
953 1418 1073 1459 Mare
1100 1423 1246 1459 autem
1280 1414 1495 1473 significat
1522 1415 1605 1460 hoc
1632 1431 1772 1461 saecu-

373 1487 484 1543 lum,
504 1488 550 1531 in
567 1487 690 1547 cujus
702 1486 829 1531 maris
844 1486 1168 1546 comparatione
1183 1496 1392 1547 tanquam
1410 1495 1523 1530 terra
1540 1486 1772 1531 videbatur

375 1574 479 1618 gens
491 1561 515 1602 J
519 1557 764 1602 udaeorum.
780 1559 877 1602 Non
895 1557 1010 1600 enim
1022 1555 1280 1601 idololatriae
1299 1555 1587 1601 amaritudine
1600 1557 1772 1616 tegeba-

373 1639 446 1674 tur
462 1665 472 1685 ,
496 1627 572 1673 sed
594 1637 686 1672 erat
708 1636 917 1688 tanquam
942 1626 1083 1671 arrida
1101 1663 1111 1683 ,
1133 1627 1426 1672 amaritudine
1447 1628 1656 1672 Gentium
1677 1638 1773 1673 tan·

375 1715 510 1761 quam
525 1699 635 1743 mari
655 1696 938 1743 circumdata.
966 1699 1186 1740 Futurum
1205 1707 1295 1741 erat
1311 1707 1361 1741 ut
1376 1697 1627 1741 turbaretur
1638 1706 1768 1753 terra,

373 1771 420 1816 id
441 1781 530 1826 est,
566 1769 639 1814 illa
662 1770 753 1829 ipsa
776 1785 879 1828 gens
901 1767 1077 1826 Judaea3
1106 1777 1149 1812 et
1170 1766 1509 1813 transferrentur
1535 1778 1704 1814 montes
1725 1769 1771 1814 in

373 1858 449 1887 cor
470 1841 621 1895 maris,
642 1840 688 1884 id
710 1849 800 1897 est,
820 1839 961 1899 primo
976 1838 1067 1898 ipse
1085 1853 1209 1882 mons
1231 1854 1413 1897 magnus
1430 1848 1604 1899 paratus
1626 1839 1672 1883 in
1693 1856 1767 1884 ca-

371 1913 547 1959 cumine
587 1911 820 1956 montium.
859 1909 1057 1954 Deseruit
1095 1908 1210 1952 enim
1243 1919 1416 1968 gentem
1459 1909 1658 1954 Judaeam
1674 1946 1685 1966 ,
1725 1920 1770 1957 et

370 1984 513 2030 factus
536 1992 600 2028 est
640 1982 686 2026 in
716 1981 953 2037 Gentibus3
987 1979 1217 2024 translatus
1241 1989 1305 2025 est
1327 1981 1382 2024 de
1411 1990 1526 2025 terra
1549 1980 1606 2025 ad
1629 1997 1763 2026 mare.

374 2052 754 2101 Transferentibus
770 2052 928 2111 quibus
942 2053 960 2095 Ρ
975 2050 1208 2110 Apostolis‚
1223 2051 1384 2111 quibus
1398 2051 1563 2096 dixerat
1579 2071 1618 2096 2«
1637 2052 1680 2097 Si
1694 2053 1768 2097 ha-

373 2145 396 2170 »
418 2124 601 2171 bueritis
614 2123 746 2168 fidem
758 2122 803 2166 in
820 2121 943 2166 vobis
962 2130 1173 2181 tanquam
1200 2137 1383 2180 granum
1398 2122 1557 2182 sinapis
1573 2158 1584 2178 ,
1615 2122 1766 2168 dicetis

373 2218 395 2243 >›
421 2197 561 2243 monti
587 2195 716 2240 huic:
749 2192 917 2238 Tollere
946 2201 990 2237 et
1020 2193 1193 2237 mittere
1215 2193 1261 2236 in
1294 2208 1435 2249 mare,
1462 2203 1507 2238 et
1531 2194 1606 2238 fiet
1631 2210 1640 2235 :
1674 2213 1694 2236 »
1719 2194 1766 2239 id

370 2280 455 2327 est,
482 2284 560 2330 per
581 2265 874 2311 fidelissimam
895 2272 1079 2308 vestram
1103 2263 1456 2323 praedicationem
1478 2264 1553 2309 fiet
1575 2274 1625 2308 ut
1641 2280 1766 2310 mons

368 2343 474 2397 iste,
507 2341 593 2385 hoc
614 2346 702 2394 est,
734 2351 813 2394 ego
844 2336 934 2396 ipse
967 2334 1176 2395 praedicer
1210 2335 1257 2379 in
1279 2334 1520 2391 Gentibus,
1551 2334 1764 2393 glorificer

370 2415 417 2459 in
451 2411 691 2465 Gentibus,
729 2423 935 2468 agnoscar
955 2407 1000 2451 in
1023 2407 1259 2461 Gentibus,
1292 2416 1336 2452 et
1365 2407 1439 2452 fiat
1464 2407 1584 2468 quod
1615 2408 1670 2452 de
1692 2423 1763 2452 me

369 2482 628 2546 praedictum
659 2489 747 2536 est,
779 2499 798 2521 α
833 2477 1026 2538 Populus
1058 2494 1189 2538 quem
1220 2493 1308 2523 non
1341 2479 1554 2538 cognovi,
1587 2479 1763 2524 servivit

419 2576 427 2593 ¹
447 2567 562 2602 Matth.
578 2578 653 2608 xvii,
678 2577 728 2607 ις).
747 2582 788 2587 -
809 2572 821 2588 ²
836 2564 897 2596 Isa'i
930 2575 963 2605 1¹,
982 2572 1013 2595 2.
