1841 3223
376 207 431 244 36
798 215 831 242 s.
868 214 1099 242 AUGUST1M
1132 215 1316 242 Eiuseom

376 301 396 323 »
432 281 618 326 animam
636 315 646 335 ,
669 289 712 323 et
734 279 937 338 deprimit
960 288 1130 323 terrena
1147 279 1406 323 inhabitatio
1428 292 1601 322 sensum
1623 276 1760 322 multa

374 372 394 394 »
430 352 693 410 cogitantem
714 353 724 374 ¹
749 369 757 393 :
783 368 802 390 »
836 349 955 393 aliud
978 360 1123 394 autem
1158 350 1335 411 quando
1365 349 1644 409 perniciosius
1673 348 1763 408 agit

371 423 599 467 adversum
622 437 665 464 se
685 421 829 480 ipsum
850 436 924 465 eor
946 422 1190 466 humanum
1207 457 1218 477 ,
1249 431 1299 466 ut
1321 421 1442 481 quod
1464 420 1597 479 possit
1629 418 1761 464 intel-

369 494 528 553 ligere,
565 492 598 534 si
625 492 740 536 bona
768 491 969 536 voluntas
997 492 1246 547 accederet,
1280 507 1370 537 non
1403 490 1641 549 intelligat,
1672 506 1762 535 non

370 565 471 624 quia
508 562 685 607 dillieile
721 572 810 617 est,
847 562 922 607 sed
950 564 1052 624 quia
1090 563 1292 608 voluntas
1330 562 1505 607 adversa
1549 572 1627 606 est.
1670 564 1762 605 Hoc

369 643 515 678 autem
541 633 591 677 fit
613 632 720 677 dum
742 643 890 677 amant
917 643 1094 693 peecata
1125 650 1222 689 sua,
1262 643 1305 677 et
1330 633 1520 678 oderunt
1547 641 1762 692 praecepta

367 705 460 750 Dei.
497 707 646 749 Sermo
679 704 794 748 enim
818 705 894 749 Dei
923 704 1190 749 adversarius
1216 713 1317 748 tuus
1339 713 1423 759 est,
1456 704 1489 748 si
1523 713 1573 748 tu
1601 704 1762 747 amicus

368 776 422 820 sis
451 775 687 836 iniquitatis
717 785 831 832 tuse,
857 775 890 819 si
909 785 1053 819 autem
1074 785 1124 820 tu
1152 775 1421 819 adversarius
1443 775 1496 818 sis
1520 774 1763 834 iniquitatis

368 855 479 901 tuae,
505 861 645 891 sermo
665 846 741 890 Dei
767 847 930 891 amicus
946 856 1046 891 tuus
1065 856 1144 901 est,
1165 855 1208 890 et
1229 845 1498 890 adversarius
1521 845 1763 905 iniquitatis

370 927 471 961 tuae.
516 917 558 962 Si
580 933 682 977 ergo
706 915 833 961 odisti
863 917 1138 977 iniquitatem
1167 926 1288 961 tuam
1306 952 1316 972 ,
1341 916 1488 976 jungis
1510 925 1551 959 te
1573 916 1762 961 sermoni

367 989 444 1032 Dei
461 1009 472 1045 3
497 997 541 1032 et
557 988 672 1032 eritis
689 987 778 1032 duo
793 987 997 1032 adversus
1019 986 1138 1031 illam
1155 986 1477 1047 perimendam,
1496 996 1544 1031 tu
1561 995 1605 1030 et
1622 1002 1762 1031 sermo

368 1057 461 1103 Dei.
491 1061 556 1101 Tu
576 1058 690 1102 enim
720 1074 797 1117 per
818 1067 860 1102 te
882 1074 932 1101 ex
959 1059 1122 1103 viribus
1150 1058 1234 1102 tuis
1258 1056 1369 1101 nihil
1402 1067 1524 1117 potes
1547 1077 1555 1102 ε
1587 1056 1764 1117 adjuvat

367 1137 410 1172 te
432 1127 504 1172 ille
533 1128 609 1188 qui
638 1128 718 1172 tibi
740 1144 983 1173 sermonem
1018 1129 1156 1183 misit,
1187 1137 1230 1171 et
1259 1128 1449 1172 vincitur
1470 1127 1690 1188 iniquitas.
1719 1128 1762 1173 Si

368 1208 417 1243 tu
440 1198 557 1242 illam
582 1199 736 1257 odisti,
763 1209 806 1243 et
834 1203 948 1243 Deus
978 1199 1166 1254 dimisit,
1203 1208 1246 1243 et
1274 1199 1355 1242 eris
1384 1198 1525 1243 liber:
1559 1200 1592 1243 si
1616 1208 1762 1243 autem

369 1270 507 1329 ipsam
537 1269 722 1328 diligas,
767 1271 1033 1315 eontrarium
1062 1280 1126 1314 est
1155 1270 1234 1313 tibi
1269 1269 1511 1328 intelligere
1545 1270 1763 1331 quidquid

367 1349 519 1385 contra
542 1339 660 1384 illam
682 1340 855 1384 dieitur.
882 1344 968 1384 Fae
990 1341 1213 1384 hominem
1238 1354 1434 1400 quaerere
1464 1340 1687 1400 quomodo
1709 1340 1764 1386 sit

368 1409 546 1471 :equalis
568 1410 702 1455 Filius
726 1412 864 1469 Patri,
881 1410 1082 1466 eredidit,
1103 1411 1261 1471 quaerit
1275 1410 1538 1470 intelligere,
1564 1412 1763 1456 nondum

369 1490 525 1540 potest.
553 1484 711 1540 Magna
732 1482 848 1524 enim
872 1497 937 1525 res
962 1491 1051 1536 est,
1073 1490 1116 1525 et
1136 1481 1247 1525 vires
1271 1482 1452 1541 majores
1476 1481 1693 1526 desiderat
1716 1492 1764 1527 ut

367 1552 502 1612 possit
523 1553 645 1612 oapi,
679 1562 722 1596 et
757 1562 821 1596 est
849 1552 1024 1596 initium
1058 1551 1159 1595 fidei
1196 1551 1316 1612 quod
1347 1552 1538 1596 custodit
1572 1554 1763 1597 animam

365 1623 505 1667 donee
528 1624 773 1668 roboretur.
801 1627 932 1668 Lacte
954 1623 1148 1666 nutritur
1166 1632 1216 1666 ut
1245 1624 1471 1682 perveniat
1493 1623 1549 1667 ad
1581 1624 1762 1669 habitu-

369 1693 517 1738 dinem
536 1704 578 1737 et
600 1695 849 1737 firmitatem
880 1693 1229 1752 eibi-solidioris,
1261 1703 1309 1736 ut
1327 1695 1461 1753 possit
1484 1694 1725 1754 intelligere
1748 1716 1757 1740 :

370 1782 391 1806 «
427 1767 479 1808 In
496 1764 708 1824 principio
730 1773 821 1807 erat
840 1763 1058 1818 Verbum,
1080 1774 1123 1807 et
1140 1763 1334 1807 Verbum
1354 1773 1446 1807 erat
1463 1765 1580 1824 apud
1596 1768 1758 1823 Deum,

369 1854 389 1875 >›
426 1843 469 1878 et
491 1838 606 1879 Deus
624 1844 716 1878 erat
742 1834 933 1878 Verbum
947 1837 979 1877 2.
1008 1852 1027 1875 »
1054 1837 1303 1894 Antequam
1328 1835 1411 1878 hoe
1434 1836 1593 1894 possit,
1620 1837 1761 1881 nutri-

366 1915 438 1950 tur
459 1906 505 1949 in
526 1905 613 1950 fide
635 1926 643 1950 :
664 1915 707 1950 et
733 1915 917 1950 conatur
938 1904 1181 1964 intelligere
1199 1941 1209 1960 ,
1236 1914 1287 1949 ut
1308 1905 1522 1966 intelligat
1543 1917 1759 1968 quantum

365 1980 480 2023 Deus
515 1976 700 2021 dederit.
737 1976 962 2037 Numquid
992 1986 1034 2021 et
1062 1978 1146 2021 11οο
1181 1993 1282 2021 eum
1315 1987 1476 2021 conatu
1518 1979 1756 2039 intelligit:

368 2066 388 2089 >›
425 2047 555 2101 Quod
577 2048 657 2091 tibi
679 2048 772 2091 fieri
798 2063 888 2091 non
909 2047 996 2102 vis,
1022 2045 1095 2090 alii
1115 2063 1169 2091 ne
1192 2046 1342 2091 feceris
1358 2049 1372 2073 3
1400 2068 1407 2092 t
1436 2066 1456 2089 »
1478 2058 1527 2092 ut
1550 2049 1651 2109 quia
1670 2066 1759 2095 non

364 2120 427 2164 vis
445 2119 535 2179 pati
552 2119 828 2179 iniquitatem
842 2155 853 2174 ,
879 2135 967 2163 non
987 2118 1117 2163 facias
1138 2119 1441 2180 iniquitatem,
1465 2121 1567 2181 quia
1589 2138 1684 2172 non
1696 2123 1758 2167 Vis

363 2190 454 2250 pati
477 2189 630 2234 dolum
658 2199 701 2233 et
728 2190 926 2243 insidias,
959 2205 1049 2234 non
1081 2189 1293 2234 insidieris
1316 2189 1470 2234 alteri?
1497 2193 1590 2236 Hoc
1612 2202 1758 2237 autem

364 2277 465 2305 eum
493 2276 583 2305 non
618 2260 681 2304 vis
712 2260 980 2319 intelligere,
1020 2259 1235 2305 voluntati
1274 2270 1361 2304 tuae
1389 2261 1612 2306 tribuitur.
1652 2263 1757 2309 Ideo

370 2350 390 2373 «
425 2331 539 2375 Dixit
559 2331 766 2391 injustus,
792 2341 841 2375 ut
866 2329 1094 2391 delinquat
1120 2331 1166 2375 in
1192 2332 1448 2391 semetipso:
1479 2351 1498 2374 »
1531 2335 1756 2394 proposuit

366 2400 637 2461 delinquere.

426 2475 484 2515 ΙΙ.
514 2470 598 2515 Sed
616 2471 833 2532 numquid
855 2472 929 2532 qui
955 2473 1159 2532 proponit
1175 2472 1428 2535 delinquere
1444 2509 1454 2529 ,
1478 2474 1652 2533 publice
1669 2476 1752 2520 hoe

414 2560 511 2596 ¹5:11).
531 2567 572 2595 ix,
601 2555 648 2586 113.
678 2573 717 2577 -—
739 2558 857 2587 2.10;.1n.
877 2569 900 2597 1,
923 2568 947 2587 1.
975 2575 1013 2578 —
1037 2556 1048 2578 ³
1064 2558 1144 2588 leb.
1169 2569 1212 2596 iv,
1245 2558 1292 2590 i(3,
