1841 3223
359 159 410 196 18
789 164 822 192 s.
859 163 1089 192 Aucus‘mm
1123 164 1307 191 EPISCOPI

347 234 525 278 lucerna
541 267 551 287 ,
576 230 630 276 de
653 230 766 275 coelo
789 230 922 273 ellicit
944 229 1076 273 diem.
1098 247 1118 271 »
1143 232 1200 273 Et
1222 229 1291 273 hic
1315 228 1443 288 plane
1458 227 1586 278 dico:
1616 248 1635 271 «
1661 231 1742 273 Do-

350 321 370 344 »
407 304 543 357 mine,
582 301 678 362 quis
713 299 862 344 similis
896 299 1001 343 tibi?
1026 318 1044 340 υ
1077 303 1246 344 Lunam
1270 308 1312 343 et
1334 298 1478 343 stellas
1501 308 1550 343 tu
1572 298 1740 353 fecisti,

349 375 484 419 solem
521 374 604 418 dici
639 383 686 416 tu
720 370 974 426 accendisti,
1011 370 1173 415 coelum
1214 380 1261 414 tu
1297 370 1592 430 composuisti.
1634 372 1744 414 Sunt

349 445 486 488 multa
518 441 749 487 invisibilia
781 440 972 486 meliora.
1007 441 1093 485 Sed
1116 441 1227 485 forte
1263 451 1305 484 ct
1328 441 1398 484 hic
1421 440 1581 486 dicitur
1603 439 1709 483 mihi
1731 457 1743 485 ε

345 513 536 573 Angelos
559 513 677 567 cole,
712 510 900 571 Angelos
929 511 1076 555 adora.
1106 514 1162 555 Et
1188 512 1257 555 hic
1282 511 1424 555 dicam
1451 528 1460 556 ε
1492 529 1512 553 «
1535 510 1741 565 Domine,

353 604 373 627 »
409 585 504 644 quis
518 583 667 628 similis
686 584 795 628 tibi?
812 602 829 624 υ
850 586 905 628 Et
923 584 1035 642 ipsos
1052 582 1239 641 Angelos
1258 592 1304 627 tu
1320 583 1487 626 creasti.
1509 581 1626 626 Nihil
1642 589 1745 625 sunt

347 655 505 715 Angeli
521 691 531 710 ,
557 655 637 699 nisi
654 654 844 702 videndo
863 663 919 698 te.
946 653 1101 698 Melius
1123 664 1186 699 est
1208 669 1309 698 cum
1328 654 1428 715 ipsis
1449 652 1666 713 possidere
1682 661 1742 708 te,

348 741 479 789 quam
498 726 609 785 ipsos
633 724 856 769 adorando
877 723 1030 768 cadere
1053 740 1075 767 a
1102 733 1157 767 te.

404 797 524 840 XIV.
556 815 577 838 «
601 795 756 838 Omnia
785 810 877 838 ossa
900 809 992 838 mea
1014 793 1162 838 dicent
1185 812 1194 838 ε
1220 793 1406 838 Domine
1426 829 1437 850 ,
1469 793 1566 854 quis
1594 791 1744 837 similis

351 886 371 909 »
409 867 517 910 tibi?
534 886 552 908 »
570 867 607 910 Ο
625 881 782 925 corpus
799 865 958 910 Christi
980 874 1124 909 sancta
1143 865 1359 920 Ecclesia,
1387 865 1533 909 omnia
1557 880 1649 909 ossa
1670 874 1746 909 tua

347 938 493 983 dicant
515 956 524 983 ;
548 957 568 979 «
596 937 778 981 Domine
793 971 804 992 ‚
830 936 926 996 quis
949 935 1099 979 similis
1116 935 1225 980 tibi?
1252 953 1271 977 »
1298 938 1353 980 Et
1373 936 1406 980 si
1429 951 1577 980 carnes
1598 951 1745 995 perse·

346 1010 513 1054 cutioni
543 1017 792 1062 cesserunt,
825 1023 918 1051 ossa
953 1007 1102 1051 dicant
1130 1026 1140 1051 ;
1171 1026 1191 1049 «
1224 1007 1435 1062 Domine,
1470 1007 1568 1067 quis
1597 1005 1745 1051 similis

350 1099 370 1123 »
407 1080 518 1124 tibi?
544 1099 562 1120 »
599 1083 658 1124 De
680 1079 807 1140 justis
838 1078 954 1122 enim
981 1079 1151 1123 dictum
1185 1088 1249 1123 est
1273 1098 1282 1124 ε
1318 1099 1338 1121 «
1365 1079 1515 1136 Diligit
1536 1079 1746 1123 Dominus

349 1170 370 1194 »
406 1150 551 1196 omnia
573 1165 665 1194 ossa
688 1165 836 1193 eorum
856 1184 866 1204 ,
890 1164 1029 1192 unum
1049 1165 1099 1192 ex
1122 1148 1204 1193 illis
1228 1165 1318 1193 non
1339 1148 1644 1208 confringetur
1662 1151 1691 1192 ¹.
1722 1168 1743 1190 »

349 1225 490 1276 Quam
514 1220 661 1265 multis
684 1221 810 1280 justis
835 1220 880 1264 in
912 1220 1210 1280 persecutionc
1234 1236 1326 1265 ossa
1362 1219 1586 1265 confracta
1617 1222 1747 1264 sunt?

349 1298 601 1339 Postremo:
633 1313 652 1335 «
673 1295 822 1336 Justns
844 1308 894 1335 cx
922 1291 1008 1336 fide
1030 1292 1176 1348 vivit‘2‚
1209 1311 1228 1334 »
1255 1302 1298 1337 et
1325 1293 1522 1338 Christus
1537 1293 1747 1353 justificat

349 1366 574 1425 impium²³.
601 1363 832 1418 Quomodo
869 1374 1013 1408 autem
1043 1364 1278 1424 justificat,
1316 1366 1396 1409 nisi
1427 1365 1677 1409 credentem
1704 1374 1748 1409 et

349 1439 663 1483 confitentem?
690 1456 709 1478 (ι
735 1436 846 1489 Quia
865 1435 996 1479 corde
1018 1436 1211 1479 creditur
1233 1436 1287 1480 ad
1307 1436 1520 1496 justitiam
1537 1471 1547 1489 ,
1569 1452 1643 1480 ore
1665 1452 1745 1480 au-

353 1527 373 1550 »
408 1517 497 1552 tem
529 1506 742 1551 confessio
779 1506 827 1549 fit
862 1506 918 1549 ad
944 1505 1126 1549 salutem
1144 1507 1174 1549 4.
1205 1524 1225 1546 »
1262 1508 1378 1564 Ergo
1414 1515 1457 1549 ct
1494 1505 1567 1549 ille
1605 1505 1742 1562 latro,

349 1578 546 1640 quamvis
577 1593 627 1621 cx
648 1576 876 1621 latrocinio
907 1574 1065 1620 ductus
1095 1575 1149 1619 ad
1166 1575 1382 1635 judicem,
1405 1586 1447 1620 ct
1473 1590 1495 1620 a
1521 1576 1670 1637 judice
1701 1577 1748 1621 in

351 1665 548 1704 crucem,
574 1658 721 1692 tamen
750 1648 793 1691 in
818 1648 907 1707 ipsa
938 1663 1066 1691 cruce
1089 1648 1351 1707 justificatus
1375 1657 1439 1692 est
1463 1667 1472 1693 2
1498 1648 1629 1692 corde
1651 1664 1747 1692 crc-

349 1721 483 1775 didit,
515 1735 589 1764 oro
618 1719 841 1763 confessus
874 1728 953 1762 est.
987 1721 1140 1779 Neque
1163 1719 1278 1762 enim
1302 1719 1463 1779 injusto
1487 1729 1529 1764 et
1553 1736 1640 1763 non
1657 1721 1748 1780 jam

345 1792 584 1853 justificato
606 1789 770 1834 diceret
794 1789 1005 1833 Dominus
1028 1804 1036 1829 z
1069 1808 1088 1830 «
1109 1788 1249 1832 Hodie
1266 1805 1438 1834 mecum
1461 1790 1603 1833 crisin
1628 1806 1749 1850 para-

354 1882 376 1906 »
412 1862 530 1907 diso⁵
548 1881 558 1906 :
580 1880 598 1903 »
616 1870 659 1905 et
681 1870 827 1904 tamen
843 1875 936 1904 ossa
950 1861 1044 1919 ejus
1067 1859 1285 1904 confracta
1308 1870 1426 1905 sunt.
1444 1864 1553 1906 Nam
1571 1861 1748 1921 quando

349 1943 531 1980 ventum
560 1941 624 1976 est
662 1941 712 1976 ut
739 1946 922 1991 corpora
959 1929 1285 1990 deponerentur
1318 1947 1446 1976 causa
1483 1932 1749 1978 imminentis

352 2006 549 2060 sabbati,
575 2005 777 2049 inventus
799 2012 862 2046 est
880 2002 1091 2048 Dominus
1107 2002 1197 2062 jam
1221 2003 1450 2058 exanimis,
1477 2013 1520 2047 ct
1537 2020 1624 2048 non
1647 2014 1750 2049 sunt

351 2092 446 2122 ossa
465 2077 556 2136 ejus
581 2075 890 2122 comminutass.
920 2072 990 2117 Illi
1012 2081 1156 2117 autem
1181 2073 1258 2133 qui
1278 2073 1511 2129 vivebant,
1537 2083 1588 2118 ut
1609 2074 1749 2134 depo-

351 2157 577 2202 nerentur,
603 2145 824 2191 confracta
848 2145 905 2189 eis
927 2153 1029 2189 sunt
1051 2160 1176 2189 crura
1193 2179 1203 2197 ,
1229 2154 1280 2189 ut
1302 2146 1386 2189 hoc
1408 2144 1561 2190 dolore
1584 2147 1748 2191 mortui

351 2229 529 2283 possent
551 2217 739 2279 sepeliri.
758 2215 985 2278 Numquid
1008 2216 1137 2262 unius
1153 2215 1332 2263 latronis
1359 2217 1436 2277 qui
1459 2219 1749 2277 perseveravit

352 2292 513 2352 impius
535 2291 581 2335 in
606 2305 758 2343 cruce,
785 2286 1007 2333 confracta
1026 2297 1135 2342 ,sunt
1155 2303 1269 2343 ossa,
1303 2297 1346 2332 et
1372 2304 1461 2333 non
1482 2289 1612 2333 etiam
1634 2289 1747 2334 illius

352 2363 431 2425 qui
452 2361 583 2407 corde
605 2358 790 2406 credidit
808 2360 864 2404 ad
875 2358 1114 2420 justitiam,
1141 2374 1215 2403 ore
1234 2358 1454 2403 confessus
1478 2359 1614 2404 estad
1635 2360 1749 2405 salu-

402 2465 413 2483 ¹
434 2458 517 2491 Psal.
547 2468 645 2490 xxxm
661 2481 670 2499 ‚
698 2464 754 2490 21.
777 2474 819 2480 —
837 2462 850 2479 ¹
868 2457 961 2488 Rom.
983 2466 1018 2497 1,
1040 2465 1090 2498 17.
1111 2472 1153 2479 —
1174 2452 1187 2478 3
1217 2455 1263 2488 Id.
1294 2465 1340 2498 iv,
1359 2454 1391 2488 5„
1411 2471 1454 2479 —
1471 2454 1746 2499 41d.x‚10.-

356 2516 371 2540 5
387 2517 464 2549 Luc.
489 2524 578 2555 xxm,
599 2512 654 2555 43.
675 2530 717 2535 -
734 2510 750 2535 ⁶
767 2515 860 2554 Joau.
882 2522 951 2553 xix,
975 2511 1028 2544 33.
