1841 3223
228 261 470 291 ENARRA-rto
503 262 536 289 11
568 263 614 290 m
644 261 848 290 PsALMUM
880 263 1041 300 vant,
1076 262 1201 289 sEnM.
1237 262 1285 288 11.
1381 248 1461 288 391

86 327 158 372 alii
178 325 351 372 dicunt:
372 346 393 370 «
412 327 686 371 Daemonium
705 328 861 379 habes3
881 346 901 368 η
921 326 991 371 alii
1012 326 1192 371 dicunt:
1219 327 1343 371 «Non
1365 334 1485 371 sunt>

85 398 165 443 ista
179 397 313 443 verba
330 397 595 442 daemonium
610 398 822 442 habentis.
842 398 959 443 »Alii
974 399 1089 442 enim
1102 406 1254 442 tenent
1265 395 1379 441 viam
1393 411 1470 442 sae-

85 468 190 524 culi,
210 477 254 512 et
269 468 348 512 ista
370 467 426 512 ad
447 476 617 527 tempus
639 467 824 513 audiunt
845 488 853 513 :
875 468 945 513 alii
965 484 1054 513 non
1078 467 1236 513 frustra
1254 467 1466 523 audiunt3

85 539 161 584 sed
194 538 361 584 faciunt
392 537 514 599 quod
544 538 709 583 dictum
741 547 829 594 est,
874 558 894 581 «
934 539 1122 583 Auribus
1154 538 1363 598 percipite
1393 538 1470 599 qui

86 604 289 654 habitatis
319 610 468 654 orbem
490 612 520 653 ¹.
570 627 590 650 υ
630 612 687 654 Et
727 623 828 654 cum
861 619 998 668 agunt
1030 609 1138 664 ista,
1181 610 1372 653 incertus
1405 617 1470 654 est

86 678 269 724 fructus.
308 678 392 725 Sed
426 679 502 740 qui
528 678 642 723 male
675 688 830 738 agunt,
867 688 909 723 et
944 679 1058 724 viam
1086 677 1236 724 saeculi
1272 679 1468 738 eligunt,

90 770 110 793 «
134 753 250 795 Mors
279 759 426 810 pastor
459 759 522 794 est
552 751 611 794 eis
643 770 652 795 :
689 769 709 791 n
742 750 819 810 qui
849 760 994 794 autem
1023 749 1190 809 eligunt
1218 749 1333 794 viam
1366 749 1467 809 Dei,

83 820 172 865 vita
193 829 338 880 pastor
360 829 424 865 est
449 819 523 864 eis.
549 819 705 864 Veniet
724 820 816 879 ipsa
843 820 930 865 vita
956 819 1228 880 judicatura,
1265 829 1309 864 et
1344 818 1472 863 dam-

85 900 238 935 natura
281 905 380 935 cum
413 900 585 950 pastore
622 906 701 935 suo
741 906 813 935 eos
850 890 1010 950 quibus
1051 889 1242 935 dicetur:
1271 909 1291 932 «
1324 892 1389 934 Ite
1426 890 1472 934 in

90 982 107 1004 »
143 962 288 1020 ignem
325 970 560 1016 aeternum,
597 961 674 1021 qui
717 971 983 1021 praeparatus
1019 970 1082 1005 est
1108 960 1283 1005 diabole
1313 969 1357 1004 et
1390 976 1471 1005 an-

87 1050 107 1073 »
135 1031 238 1092 gelis
259 1033 392 1093 eju82.
416 1049 436 1073 »
458 1030 528 1076 Illi
550 1041 696 1076 autem
725 1032 883 1092 quibus
904 1031 1160 1076 insultatum
1181 1040 1282 1087 est,
1320 1040 1363 1075 et
1394 1032 1472 1092 qui

84 1103 194 1147 irrisi
224 1112 328 1147 sunt
348 1103 452 1163 quia
484 1102 747 1158 credebant,
775 1101 955 1147 audient
987 1103 1041 1146 ab
1078 1103 1169 1163 ipsa
1189 1102 1306 1158 vita,
1337 1112 1471 1163 quam

83 1174 248 1218 habent
261 1181 500 1234 pastorem:
520 1192 540 1215 «
559 1173 714 1217 Venite
732 1172 952 1217 benedicti
973 1173 1108 1217 Patris
1128 1173 1237 1228 mei,
1259 1173 1469 1233 percipite

85 1258 107 1286 s,
150 1258 334 1303 regnum
372 1244 493 1304 quod
529 1244 652 1288 vobis
693 1253 894 1303 paratum
934 1253 999 1288 est
1042 1244 1097 1288 ab
1135 1245 1300 1304 origine
1337 1259 1470 1288 mun-

86 1334 106 1358 »
133 1314 590 1360 di3.Dominabuntur
616 1328 719 1374 crgo
748 1316 806 1360 eis
841 1316 974 1370 recti,
1011 1334 1030 1356 »
1066 1331 1155 1360 non
1190 1314 1350 1370 modo,
1395 1313 1472 1359 sed

86 1403 107 1427 >1
128 1400 272 1430 mane.
297 1404 318 1428 »
343 1386 482 1431 Nemo
502 1385 619 1430 dicat
645 1405 654 1430 :
682 1387 826 1439 Quare
857 1400 954 1430 sum
975 1386 1277 1431 Christianus?
1303 1385 1471 1445 impero

81 1456 267 1512 nemini,
299 1457 509 1516 imperem
535 1456 708 1517 iniquis.
748 1455 848 1502 Noli
882 1456 1084 1500 festinare
1119 1455 1467 1511 :dominaberis‚

80 1527 156 1572 sed
168 1541 309 1571 mane.
320 1530 402 1572 «Et
418 1527 627 1572 auxilium
645 1543 796 1572 eorum
808 1529 1047 1572 veterascet
1058 1527 1103 1572 in
1115 1527 1286 1572 inferno
1299 1543 1321 1570 a
1337 1526 1471 1585 gloria

86 1619 104 1640 ι)
130 1610 298 1643 eorum.
334 1618 351 1639 »
372 1597 504 1642 modo
524 1598 691 1642 habent
709 1598 914 1658 gloriam,
932 1598 977 1642 in
998 1597 1170 1642 inferno
1183 1595 1466 1643 veterascent.

80 1664 210 1723 Quod
226 1679 290 1714 est
310 1688 327 1710 «
350 1668 572 1714 Auxilium
594 1672 774 1714 eorum?
801 1692 818 1711 »
843 1669 1064 1714 Auxilium
1088 1670 1142 1714 de
1156 1670 1363 1730 pecunia,
1390 1685 1470 1713 au-

79 1739 231 1785 xilium
251 1741 306 1785 de
327 1741 474 1785 amicis
491 1776 502 1796 ,
523 1740 731 1785 auxilium
748 1740 802 1785 de
823 1741 984 1785 virtute
1006 1757 1096 1785 sua.
1126 1740 1210 1785 Sed
1227 1755 1328 1785 cum
1352 1750 1472 1785 mor-

79 1819 181 1856 tuus
203 1811 335 1856 fuerit
355 1811 488 1855 homo
504 1846 515 1866 ,
540 1811 584 1854 in
604 1810 678 1854 illa
700 1811 769 1855 die
785 1812 989 1871 peribunt
1021 1826 1170 1855 omnes
1189 1811 1472 1869 cogitationes

79 1881 171 1940 ejus
186 1877 218 1924 ⁴.
251 1883 470 1934 Quantam
492 1880 608 1924 visus
631 1890 694 1924 est
717 1881 899 1939 gloriam
926 1882 1088 1925 habere
1109 1881 1222 1924 inter
1245 1881 1467 1936 homines,

79 1959 178 1994 cum
197 1950 382 2004 viveret,
412 1958 580 1993 tantam
597 1959 860 1994 vetustatem
889 1960 931 1994 et
953 1951 1280 2010 corruptionem
1300 1950 1469 2011 suppli-

79 2019 247 2064 ciorum
267 2018 446 2063 habebit
460 2053 471 2074 ,
495 2033 597 2063 cum
618 2028 816 2064 mortuus
835 2019 983 2076 fuerit,
1009 2020 1126 2080 apud
1139 2020 1315 2065 inferos.

138 2091 191 2134 V.
217 2108 238 2132 (ι
258 2092 568 2133 Verumtamen
590 2092 704 2134 Deus
729 2089 913 2134 redimet
937 2091 1124 2134 animam
1148 2093 1331 2136 meam⁵.
1351 2109 1370 2132 n
1391 2091 1470 2135 Vi-

79 2158 179 2204 dete
197 2174 352 2205 vocem
375 2160 585 2219 sperantis
607 2159 662 2204 de
679 2159 828 2205 futuro
847 2180 855 2205 :
881 2180 901 2203 «
926 2163 1238 2205 Verumtamen
1260 2165 1373 2206 Deus
1397 2177 1469 2206 re-

82 2248 103 2273 »
138 2229 275 2275 dimet
296 2232 483 2274 animam
513 2246 670 2275 meam.
701 2249 722 2273 »
757 2234 887 2276 Forte
915 2247 997 2276 vox
1029 2241 1091 2275 est
1115 2231 1257 2276 adhuc
1283 2232 1469 2277 volentis

78 2299 253 2344 liberari
271 2300 325 2345 de
345 2316 557 2360 pressura.
583 2302 734 2347 Nescio
749 2302 845 2362 quis
862 2303 907 2346 in
929 2317 1097 2346 carcere
1114 2310 1192 2356 est,
1214 2301 1333 2357 dicit,
1353 2304 1466 2347 Deus

79 2370 263 2416 redimet
287 2371 476 2416 animam
500 2387 641 2416 meam
665 2391 673 2417 ι
696 2373 841 2417 nescio
863 2373 959 2432 quis
982 2373 1026 2415 in
1047 2381 1198 2416 catena
1214 2407 1225 2427 ‚
1260 2376 1370 2417 Deus
1398 2388 1466 2417 re-

81 2441 218 2486 dimet
246 2442 435 2487 animam
464 2459 603 2487 meam
626 2463 635 2488 :
665 2444 808 2488 nescio
834 2444 929 2503 quis
959 2442 1202 2503 periculum
1233 2444 1397 2503 patitur
1417 2444 1464 2490 in

130 2544 137 2560 ¹
160 2537 240 2570 Psal.
261 2549 372 2581 vaur,
386 2548 420 2571 2.
438 2557 480 2562 —
499 2547 512 2562 ²
531 2539 644 2573 Matrh.
669 2551 746 2581 xxv,
765 2540 820 2581 ζμ.
842 2557 881 2563 —-
902 2538 915 2562 3
939 2539 1020 2573 Ibid.
1043 2538 1095 2580 34.
1118 2556 1158 2562 --
1177 2538 1193 2568 4
1212 2540 1291 2572 Psal.
1311 2552 1403 2581 cxrv,
1424 2540 1456 2582 4.

82 2609 124 2616 -
138 2591 217 2626 ⁵1d.
242 2604 354 2636 xum,
377 2597 428 2627 ιδ,
