1841 3223
212 258 453 286 ENAmiATio
486 259 518 285 11
550 258 594 285 m
628 258 830 286 PsALMtJM
862 258 1028 294 xxxm,
1062 255 1187 283 SERM.
1224 259 1271 284 11.
1365 249 1419 287 99

41 320 159 376 Quid
189 322 294 368 vis?
331 322 490 366 habeat
522 320 693 381 pondus
736 337 883 366 annon
914 321 1105 365 habeat?
1136 323 1231 380 Ego
1259 320 1416 368 faveo:

41 407 216 452 prorsus
232 391 330 436 dico
339 426 356 447 ,
381 391 485 450 quia
505 390 574 434 isti
595 406 745 435 omnes
766 390 871 435 salsa
887 391 933 435 in
953 400 996 435 te
1013 389 1237 449 dixerunt3
1254 401 1297 436 et
1319 394 1421 438 audi

42 463 161 507 unde
184 462 357 508 credam
379 482 388 508 z
413 462 524 516 Quia
545 460 663 521 apud
684 461 788 506 alios
803 461 972 521 judices
1001 462 1227 507 obtinuisti
1247 476 1428 509 causam

42 542 192 590 tuam,
228 544 272 579 et
297 533 366 578 isti
392 533 586 577 damnati
613 541 730 577 sunt.
767 532 809 577 Si
832 547 935 591 ergo
963 541 1008 576 te
1033 542 1263 593 propterea
1292 535 1424 581 credo

43 604 342 661 innocentem,
362 604 464 665 quia
484 619 575 648 non
595 603 738 647 exiens
752 602 807 648 ad
830 603 1030 648 factiosos
1045 638 1056 657 ‚
1082 603 1186 648 alibi
1203 605 1426 652 ostendisti

43 675 338 721 innocentiam
356 684 498 730 tuam,
527 683 578 719 ut
602 673 666 718 illi
693 674 770 734 qui
801 683 843 718 te
870 673 1214 730 damnaverunt,
1242 675 1427 722 damna-

44 744 210 790 tionem
229 755 500 791 mererentur
517 766 528 803 3
547 744 725 802 dignare
749 754 971 804 acceptare
993 744 1274 790 Caecilianum
1295 747 1427 792 inno-

44 824 216 859 centem
231 850 242 871 ,
262 815 339 876 qui
359 814 502 859 noluit
527 814 642 858 exire
666 814 721 858 ad
741 816 926 874 majores
948 823 1045 859 tuos
1064 850 1074 870 ‚
1100 824 1144 859 et
1164 815 1223 860 sic
1245 818 1430 862 servavit

45 901 218 930 causam
235 900 357 930 suam
375 885 469 930 orbi
492 894 719 940 terrarum,
744 884 966 945 quomodo
984 894 1032 929 tu
1048 890 1223 930 servasti
1245 888 1430 934 concilio

44 956 348 1002 Numidarum.
378 956 422 1001 Si
444 956 723 1000 innocentem
745 966 788 1000 te
814 955 1006 1000 reddidit
1025 955 1146 1001 sedes
1167 958 1401 1016 Bagaitana
1416 995 1428 1016 ‚

46 1036 212 1088 quanto
234 1028 378 1087 potius
398 1027 526 1071 illum
547 1026 669 1072 sedes
691 1027 969 1087 Apostolica?
989 1031 1079 1073 Aut
1105 1029 1166 1073 vis
1189 1038 1239 1074 ut
1259 1030 1434 1076 valeant

47 1097 125 1157 qui
156 1098 297 1157 primo
327 1097 677 1143 damnaverunt?
708 1098 751 1142 Si
786 1098 961 1153 valent,
1002 1109 1152 1144 contra
1184 1110 1228 1145 te
1268 1101 1430 1147 valent.

47 1170 157 1213 Nam
178 1167 242 1213 illi
258 1177 410 1213 contra
425 1167 707 1214 Caecilianum
727 1183 808 1212 nec
823 1168 1070 1225 valuerunt,
1095 1185 1177 1214 nec
1195 1170 1433 1218 valebunt:

48 1247 194 1283 tamen
211 1239 320 1301 quid
337 1247 489 1284 contra
507 1247 550 1283 te
568 1237 737 1298 judices
748 1273 759 1294 ,
784 1239 975 1284 attende.

107 1311 253 1353 XXII.
270 1311 367 1353 Jam
388 1309 459 1353 hic
480 1307 644 1353 audent
665 1307 810 1353 dicere
829 1328 838 1354 ;
856 1309 941 1355 Sed
957 1324 1036 1354 nos
1050 1311 1126 1371 qui
1148 1320 1295 1370 postea
1313 1313 1436 1358 dam-

48 1379 246 1424 navimus
256 1378 594 1424 Maximianistas
611 1413 623 1434 ,
650 1377 795 1438 plures
819 1395 1004 1424 eramus.
1031 1380 1186 1426 Valeat
1209 1397 1313 1442 ergo
1334 1399 1437 1428 sen-

49 1451 184 1495 tentia
207 1459 349 1497 vestra
379 1450 425 1494 in
445 1452 478 1493 F
483 1449 742 1506 elicianum,
771 1459 815 1495 et
836 1450 999 1496 valebit
1022 1451 1197 1498 illorum
1227 1453 1273 1497 in
1297 1456 1438 1500 Caec'i-

48 1519 229 1566 lianum.
257 1520 341 1565 Ubi
355 1520 486 1580 Bagai
505 1520 740 1565 concilium
766 1519 990 1578 fecerunt,
1014 1524 1144 1568 etiam
1170 1524 1439 1571 Felicianum

49 1591 370 1637 damnaverunt
405 1609 414 1635 :
453 1590 586 1636 modo
610 1590 727 1635 intus
759 1601 823 1636 est
852 1591 1096 1638 Felicianus
1127 1613 1137 1639 ε
1170 1604 1246 1640 aut
1277 1612 1439 1643 nocens

50 1672 249 1723 receptus
266 1672 346 1719 est,
366 1671 441 1707 aut
456 1662 665 1707 innocens
677 1662 908 1708 damnatus
927 1674 1006 1708 est.
1028 1666 1068 1710 Si
1092 1681 1193 1724 ergo
1210 1677 1439 1713 necentem

50 1734 202 1793 recipis
218 1749 299 1793 pro
320 1747 426 1793 pace
447 1732 632 1790 Donati3
654 1732 761 1776 cede
781 1734 985 1779 omnibus
1009 1737 1212 1795 gentibus
1232 1754 1312 1798 pro
1333 1755 1440 1799 pace

51 1803 212 1850 Christi
237 1822 246 1848 :
269 1803 305 1848 si
325 1811 471 1847 autem
483 1817 561 1862 per
574 1817 764 1847 errorem
777 1812 967 1848 vestrum
988 1805 1196 1852 innocens
1209 1808 1440 1856 damnatus

52 1882 138 1932 csta
163 1888 304 1918 errare
327 1881 566 1933 potuerunt
592 1873 776 1917 trecenti
802 1873 954 1919 decem
971 1875 1229 1923 damnantes
1256 1879 1440 1925 Felicia-

51 1960 159 1990 num
174 1979 185 2000 ,
218 1953 262 1989 et
289 1959 379 1989 non
409 1952 649 2003 potuerunt
689 1958 830 1988 errare
872 1947 1146 2005 septuaginta
1185 1948 1442 1996 damnantes

53 2015 366 2062 Caecilianum?
397 2014 516 2068 Quid
556 2030 660 2074 ergo
693 2014 864 2059 dicitis?
903 2018 1016 2061 Cum
1052 2018 1272 2065 audieritis
1314 2023 1439 2069 vobis

53 2085 140 2131 dici
161 2104 171 2131 z
192 2085 359 2130 Priores
377 2100 455 2129 vos
474 2084 792 2129 damnaverunt
815 2087 1143 2132 Maximianistae
1157 2125 1168 2144 ,
1195 2093 1438 2150 recurritis,

54 2164 99 2201 et
115 2155 255 2201 dicitis
276 2170 286 2197 ι
313 2155 398 2200 Sed
418 2170 497 2199 nos
519 2154 664 2214 plures
685 2169 855 2199 eramus
890 2156 967 2217 qui
989 2156 1291 2206 damnavimus
1305 2163 1443 2207 Maxi-

54 2227 292 2272 mianistas.
315 2225 387 2274 Ad
408 2220 646 2288 utrumque
662 2226 784 2271 vobis
811 2227 899 2272 cito
930 2229 1218 2288 respondetur
1233 2267 1244 2285 ‚
1271 2234 1373 2293 quia
1397 2245 1442 2280 et

54 2297 118 2342 illi
148 2297 279 2344 vestri
308 2296 472 2357 priores
511 2296 830 2341 damnaverunt
867 2298 1166 2344 Caecilianum.
1200 2302 1243 2347 Si
1278 2304 1442 2363 priores

55 2367 223 2424 valent,
247 2367 405 2412 cedant
422 2367 705 2411 Primianistae
728 2367 911 2413 concilio
934 2370 1349 2418 Maximianistarum
1376 2390 1385 2416 :
1406 2377 1443 2421 si

57 2439 202 2500 plures
219 2438 365 2485 valent
382 2474 393 2495 ,
417 2438 574 2483 cedant
592 2439 828 2484 Donatistae
845 2440 940 2484 orbi
959 2450 1170 2485 terrarum
1196 2462 1206 2487 ε
1226 2444 1335 2489 nihil
1353 2462 1443 2493 esse

59 2510 245 2555 arbitror
255 2508 565 2570 justius.Pauci
576 2518 678 2554 sunt
691 2510 1016 2554 Maximianistae
1033 2529 1043 2555 ε
1059 2511 1134 2555 sed
1148 2513 1309 2571 priores
1321 2528 1440 2566 sunt.
1473 2524 1476 2527 '

61 2582 177 2625 Reus
201 2594 322 2625 reum
343 2594 432 2625 non
468 2578 587 2624 facit.
615 2579 658 2624 Si
679 2579 762 2623 hoc
784 2587 934 2638 putas,
965 2581 1188 2640 quomodo
1212 2583 1443 2636 damnatus

1267 2656 1307 2695 7.
