1841 3223
223 227 464 258 ENAnaAno
496 231 529 257 11
560 231 606 257 nv
638 228 841 258 PsALMuM
873 228 1028 267 xxxw,
1061 226 1188 256 semi.
1223 231 1271 255 11.
1372 217 1425 255 93

47 293 165 350 dos5
183 295 228 340 si
246 304 408 340 autem
435 293 664 340 sacerdos
685 295 980 354 peccaverit,
1016 294 1121 353 quis
1150 291 1309 338 orabit
1336 309 1428 352 pro

45 381 101 411 eo
122 360 179 409 ¹?
208 385 229 408 »
259 368 352 425 (Et
383 380 485 409 cum
515 364 703 423 legeret,
745 364 863 409 idem
892 373 1079 410 tractans
1111 363 1219 411 dixit
1248 382 1256 408 ε
1283 363 1429 408 Etiam

44 437 242 497 Apostoli
269 437 533 497 scripserunt
554 435 757 497 plebibus
777 445 826 480 ut
843 446 1018 481 orarent
1034 451 1114 496 pro
1136 451 1180 481 se
1196 470 1207 492 ,
1234 444 1277 480 et
1293 438 1430 495 Apos-

43 507 123 555 toli
144 517 314 553 orantes
338 504 571 553 dicebant:
598 507 815 552 «Dimitte
842 506 967 551 nobis
999 507 1147 552 debita
1179 508 1377 552 nostra²z
1404 524 1425 548 »

44 588 89 624 et
116 578 335 639 apostolus
357 580 546 623 Joannes
567 576 675 622 dixit
696 597 705 624 ε
733 596 755 620 «
779 577 1054 623 Advocatum
1075 578 1288 624 habemus
1311 576 1430 639 apud

46 669 68 693 ι)
102 653 276 695 Patrem
292 652 438 695 Jesum
458 650 680 695 Christum
695 649 878 709 justum,
894 658 937 693 et
955 649 1045 709 ipse
1067 658 1131 693 est
1148 650 1336 694 exoratio
1349 665 1429 710 pro

46 739 68 764 »
101 721 288 781 peccatis
308 722 505 766 nostrisss.
529 739 549 762 »
578 719 663 765 Sed
683 719 795 764 illud
813 719 867 764 de
888 719 963 764 illo
981 719 1202 764 sacerdote
1219 720 1431 779 seriptum

43 801 108 836 est
124 826 135 847 ,
161 807 291 853 quem
321 791 392 836 isti
413 806 504 836 non
532 790 806 850 intelligunt,
840 799 890 834 ut
911 790 1219 835 admoneretur
1240 790 1430 850 populus

43 862 90 907 in
112 862 341 922 prophetia
363 861 494 907 talem
516 877 560 906 se
577 862 737 907 debere
769 877 1001 921 agnoscere
1029 860 1295 906 sacerdotem
1313 896 1324 917 ‚
1348 877 1430 921 pro

43 949 133 994 quo
153 933 300 978 nullus
322 943 440 989 orat,
475 933 558 977 nisi
585 932 657 977 ille
684 933 761 993 qui
787 948 866 993 pro
890 933 1093 978 omnibus
1121 931 1430 993 interpellat4?

44 1004 155 1057 Quia
170 1019 273 1064 ergo
294 1013 400 1048 tunc
416 1002 707 1048 sacerdotium
727 1013 821 1048 erat
837 1004 1104 1061 Leviticum3
1129 1003 1208 1048 ubi
1233 1002 1432 1048 sacerdos

43 1074 236 1119 intrabat
255 1074 302 1118 in
326 1076 482 1119 Sancta
498 1110 509 1130 ,
534 1083 579 1119 et
598 1073 813 1118 offerebat
843 1074 1003 1119 hostias
1031 1090 1111 1134 pro
1132 1072 1326 1134 populo,
1349 1074 1430 1118 ha-

43 1144 178 1189 bebat
209 1154 356 1189 autem
377 1144 636 1203 imaginem,
662 1160 752 1190 non
782 1145 1010 1190 veritatem
1039 1144 1179 1189 futuri
1202 1143 1430 1206 cujusdam

44 1215 298 1275 sacerdotis,
322 1225 429 1261 tunc
450 1215 565 1260 enim
584 1225 627 1260 et
647 1216 728 1276 ipsi
749 1216 992 1261 sacerdotes
1012 1224 1259 1276 peccatores
1282 1224 1428 1270 crant,

43 1287 156 1332 sicut
176 1287 321 1332 caeteri
340 1287 537 1332 homines
555 1305 564 1332 ε
584 1286 734 1332 volens
756 1291 869 1333 Deus
891 1303 968 1347 per
987 1286 1261 1347 prophetiam
1279 1286 1432 1331 admo-

42 1373 146 1402 nere
168 1357 398 1418 populum,
418 1359 508 1418 jam
525 1356 656 1402 talem
678 1357 1015 1403 desiderandum
1039 1374 1128 1402 esse
1144 1357 1428 1413 sacerdotem,

43 1428 120 1489 qui
145 1427 442 1488 interpellaret
468 1443 548 1488 pro
575 1429 778 1473 omnibus
794 1465 805 1485 ,
830 1438 874 1473 et
895 1444 974 1489 pro
1005 1444 1057 1473 eo
1090 1427 1237 1472 nullus
1260 1437 1402 1472 oraret
1417 1463 1428 1484 ,

43 1498 272 1557 designans
293 1496 426 1542 talem
440 1532 452 1554 ,
482 1496 712 1543 admonuit
733 1508 776 1543 et
799 1499 908 1542 dixit
930 1514 939 1539 :
965 1517 986 1540 «
1014 1499 1057 1543 Si
1087 1499 1329 1558 peccaverit
1348 1514 1432 1558 po-

45 1587 66 1612 »
101 1568 254 1630 pulus,
278 1569 422 1614 orabit
447 1585 528 1630 pro
555 1585 607 1615 eo
635 1568 856 1626 sacerd053
885 1569 920 1614 si
942 1579 1086 1614 autem
1109 1569 1304 1614 sacerdos
1329 1585 1434 1630 pec-

45 1660 67 1684 »
101 1641 284 1697 caverit,
305 1641 402 1702 quis
419 1641 562 1686 orabit
582 1656 662 1700 pro
684 1642 767 1686 eo?
791 1658 811 1681 »
838 1642 1013 1701 Itaque,
1040 1657 1065 1685 o
1087 1640 1269 1701 popule,
1300 1639 1432 1685 talem

43 1710 155 1770 elige
175 1712 443 1756 sacerdotem
457 1746 468 1767 ,
484 1725 564 1771 pro
579 1727 667 1772 quo
681 1727 771 1756 non
793 1712 958 1771 cogaris
979 1727 1116 1767 orare,
1141 1711 1218 1756 sed
1239 1711 1294 1756 de
1308 1714 1433 1773 cujus

43 1782 237 1827 oratione
249 1797 328 1842 pro
342 1790 385 1826 te
397 1797 573 1826 securus
595 1797 688 1827 esse
699 1783 848 1843 possis.
873 1785 969 1842 Ipse
983 1791 1046 1826 est
1062 1782 1272 1827 Dominus
1286 1791 1433 1827 noster

44 1855 169 1897 Jcsus
201 1852 426 1908 Christus,
464 1868 579 1897 unus
615 1851 843 1909 sacerdos,
878 1868 991 1897 unus
1025 1852 1239 1898 mediator
1280 1853 1358 1898 Dei
1390 1863 1434 1899 et

42 1922 272 1968 hominum
287 1957 299 1978 ‚
318 1922 452 1967 homo
472 1922 669 1968 Christus
687 1925 712 1968 J
715 1938 810 1968 esus
825 1925 856 1966 ⁵.
881 1925 1055 1968 Etcum
1080 1932 1298 1979 tractaret,
1315 1922 1432 1967 idem

42 1993 269 2054 sequentia
300 1992 497 2037 recitavit
519 2012 529 2038 ·.
552 1994 570 2052 )
590 2020 648 2027 --
671 2012 693 2036 «
719 1992 930 2039 Scandala
958 1994 1090 2052 igitur
1124 1994 1356 2049 Primiani,
1391 2002 1435 2038 et

43 2064 176 2124 ipsius
197 2063 391 2124 nequitia
413 2061 665 2122 singularis,
690 2064 749 2109 sic
767 2066 813 2109 in
833 2080 877 2109 se
900 2064 1076 2109 coeleste
1094 2064 1310 2125 judicitun
1331 2081 1434 2125 pro-

44 2132 217 2180 vocavit
241 2168 254 2191 ‚
293 2143 346 2178 ut
380 2134 538 2179 horum
586 2135 819 2179 criminum
855 2143 1077 2180 auctorem
1117 2151 1290 2180 necesse
1325 2144 1434 2180 esset

43 2205 219 2266 penitus
234 2213 489 2265 amputare:
518 2206 595 2266 qui
615 2221 761 2250 recens
784 2205 1033 2262 ordinatus,
1063 2224 1083 2247 n
1116 2209 1204 2265 (Et
1238 2222 1339 2251 cum
1369 2222 1434 2250 re-

45 2276 224 2333 citaret,
249 2275 366 2320 idem
393 2285 584 2331 tractans
603 2275 709 2321 dixit
733 2296 742 2322 ε
779 2279 876 2321 Jam
891 2277 982 2337 jam
1005 2275 1184 2320 crimina
1207 2275 1339 2336 ipsius
1363 2276 1433 2321 di-

45 2356 222 2392 cuntur.
253 2349 311 2391 Et
333 2361 436 2391 cum
458 2355 686 2403 tractaret,
710 2345 827 2391 idem
848 2347 1069 2407 sequentia
1085 2347 1284 2391 recitavit
1305 2363 1315 2389 :
1339 2352 1353 2403 )
1373 2374 1433 2382 —-

51 2436 73 2460 «
105 2418 364 2477 presbiteros
394 2416 653 2478 supradictae
675 2416 814 2478 plebis
844 2417 901 2462 ad
921 2417 1263 2477 conjurationem
1285 2418 1431 2478 impiae

96 2521 106 2537 1
130 2524 143 2545 1
164 2515 242 2556 Reg.
262 2525 297 2556 n,
316 2512 372 2547 25.
392 2531 434 2537 —
452 2519 466 2537 ²
481 2514 598 2547 Matth.
620 2525 666 2557 vt,
685 2523 737 2547 12.
758 2531 801 2537 —
816 2512 831 2538 3
851 2526 863 2547 1
885 2516 977 2547 Joan.
998 2525 1033 2555 n,
1059 2525 1089 2556 1,
1104 2524 1136 2547 2.
1158 2531 1200 2538 ·-
1217 2513 1232 2545 4
1251 2516 1430 2557 R01n.v111,

56 2568 110 2612 34.
127 2567 197 2593 -5
224 2580 238 2602 1
254 2569 334 2603 Tim.
354 2581 394 2613 11,
413 2568 445 2603 5.
