1841 3223
210 222 451 253 ENARRATIO
484 227 499 252 1
530 227 576 253 IN
609 212 812 253 PsALMUM
844 227 1045 265 xxxvm,
1081 224 1207 255 sumu.
1244 231 1274 255 1.
1363 219 1442 258 157

61 292 179 336 hono
191 291 401 349 erogatori
414 291 638 346 Dominus,
659 311 678 332 «
690 294 807 336 Intra
820 292 866 335 in
883 291 1089 350 gaudium
1100 294 1272 338 Domini
1291 294 1353 338 tui
1367 297 1380 321 ¹
1396 313 1405 340 ι
1423 313 1443 337 »

65 381 86 405 «
111 365 302 407 Locutus
326 377 421 405 sum
438 396 449 416 ,
487 361 655 421 inquit,
693 361 738 404 in
765 361 914 421 lingua
940 379 1035 408 mea
1050 367 1082 408 ².
1111 381 1131 405 »
1161 367 1281 409 Inter
1300 360 1459 422 aestus,

59 433 172 477 inter
198 431 389 492 pericula
421 432 515 476 haec
535 466 546 488 ,
591 432 706 475 inter
727 430 1004 477 difficultates
1026 469 1036 490 ,
1062 434 1164 494 quia
1181 435 1240 479 ita
1262 434 1451 481 delectat

59 503 128 547 lex
148 502 349 556 Domini,
374 512 426 547 ut
445 511 588 546 tamen
609 511 787 562 propter
810 502 1125 548 abundantiam
1147 505 1452 551 scandalorum

60 572 309 633 refrigescat
330 574 516 619 charitas
533 573 804 619 multorum3
844 593 852 619 :
892 575 1006 619 inter
1037 576 1116 620 hos
1157 592 1258 635 ergo
1294 588 1450 635 aestus,

64 664 86 688 «
123 648 313 690 Locutus
343 660 439 689 sum
460 680 471 702 ,
512 645 681 706 inquit,
734 646 779 689 in
817 645 966 704 lingua
1005 662 1114 691 mea.
1148 665 1169 688 »
1199 649 1280 694 Cui
1302 651 1320 693 Ρ
1357 653 1454 696 Non

61 715 251 760 auditori
285 731 418 776 quem
442 715 541 761 volo
580 715 772 771 erudire,
815 716 891 760 sed
914 716 1156 762 exauditori
1188 735 1212 763 a
1248 736 1335 780 quo
1353 721 1454 766 volo

62 786 238 831 erudiri.
269 804 289 829 «
314 790 505 831 Locutus
525 803 621 832 sum
644 787 690 831 in
710 786 858 845 lingua
881 803 998 843 mea,
1026 807 1046 830 ))
1082 788 1145 833 illi
1172 806 1195 834 a
1228 807 1316 851 quo
1338 792 1454 837 intus

0 912 3 915 K
61 856 214 913 audio,
240 857 414 918 siquod
432 858 597 902 bonum
616 893 626 912 ,
651 857 823 918 siquod
845 874 997 903 verum
1015 859 1159 904 audio.
1186 861 1302 914 Quid
1330 862 1454 907 locu-

61 937 131 972 tus
171 929 252 972 esP
287 947 307 970 «
340 930 530 984 Notum,
577 928 747 988 inquit,
792 928 900 972 mihi
929 928 1023 985 sac,
1060 930 1274 987 Domine,
1320 932 1454 977 finem

65 1019 84 1042 »
111 1013 274 1043 meum.
298 1016 318 1040 n
347 999 704 1043 Transilivienim
719 999 943 1059 quaedam,
964 1010 1007 1044 ct
1030 1001 1127 1044 veni
1150 1002 1206 1045 ad
1226 1002 1424 1062 quaedam
1441 1040 1453 1060 ,

60 1078 104 1113 et
127 1085 177 1113 ea
193 1069 238 1112 in
249 1084 347 1129 quae
359 1070 459 1114 veni
479 1068 657 1113 meliora
679 1079 781 1113 sunt
803 1070 861 1114 eis
879 1086 902 1114 a
926 1071 1085 1130 quibus
1105 1071 1312 1118 transilivi
1342 1092 1350 1118 :
1378 1074 1456 1118 sed

59 1149 192 1184 restat
207 1138 351 1183 adhuc
373 1138 490 1199 quod
509 1138 838 1183 transiliendum
849 1140 917 1184 sit.
939 1143 1036 1185 Non
1051 1142 1163 1185 enim
1179 1142 1248 1186 hic
1262 1158 1454 1188 remane-

60 1211 224 1266 bimus,
251 1210 326 1255 ubi
350 1211 635 1266 tentationes,
667 1210 745 1254 ubi
781 1210 1010 1267 scandala,
1047 1213 1123 1256 ubi
1161 1215 1377 1258 auditoles
1410 1225 1454 1260 et

59 1281 393 1327 calumniatores
412 1281 617 1341 patimur.
648 1300 668 1323 «
694 1282 848 1325 Finem
867 1297 1011 1326 meum
1026 1293 1181 1329 notum
1202 1285 1413 1331 mihifac:
1427 1304 1448 1329 »

60 1352 193 1397 finem
211 1352 288 1412 qui
309 1352 416 1395 mihi
437 1350 583 1407 deest,
610 1367 697 1398 non
716 1368 890 1396 cuisum
908 1354 983 1413 qui
996 1354 1103 1398 mihi
1117 1354 1251 1399 adest.

120 1425 194 1466 VI.
217 1422 370 1466 Finem
392 1421 516 1466 illum
534 1422 638 1466 dicit
654 1438 821 1483 ,quem
838 1439 1014 1468 cuirens
1036 1425 1291 1470 intuebatul
1311 1429 1454 1487 Apos-

60 1492 202 1548 tolus,
227 1492 347 1538 etde
369 1508 445 1537 sua
478 1458 805 1552 imperfectione
834 1495 1141 1552 confitebatur,
1186 1496 1305 1541 aliud
1334 1498 1380 1541 in
1409 1514 1452 1543 se

59 1564 233 1608 intuens
250 1598 261 1619 ,
295 1564 413 1608 aliud
442 1563 546 1607 alibi
570 1580 786 1624 quaerens.
823 1565 895 1610 Ait
919 1566 1033 1609 enim
1056 1578 1068 1611 ε’
1095 1586 1114 1608 «
1137 1569 1234 1612 Non
1253 1568 1452 1629 quiajam

62 1653 83 1676 »
107 1634 368 1694 acceperim,
394 1643 468 1678 aut
491 1635 582 1694 jam
600 1633 821 1693 perfectus
843 1635 922 1679 sim
942 1671 952 1691 ,
978 1635 1132 1681 fratres
1148 1673 1158 1693 ,
1194 1653 1274 1697 ego
1297 1654 1367 1682 me
1391 1639 1452 1698 ip-

62 1722 84 1746 »
114 1719 211 1749 sum
232 1720 324 1749 non
344 1704 531 1748 arbitror
553 1705 886 1763 apprehendisse
903 1707 934 1749 4.
964 1724 983 1747 »
1009 1709 1066 1750 Et
1100 1723 1154 1751 ne
1178 1707 1362 1763 diceres,
1406 1710 1451 1754 Si

59 1789 151 1820 non
173 1775 466 1835 apprehendi?
488 1774 736 1833 Apostolus,
766 1789 845 1833 ego
869 1777 1135 1835 apprehendi
1150 1779 1167 1821 P
1182 1778 1450 1837 siperfectus

60 1863 150 1891 non
171 1855 235 1890 est
250 1844 483 1905 Apostolus
500 1880 511 1901 ,
537 1860 618 1904 ego
649 1845 868 1904 perfectus
897 1863 992 1890 sum
1012 1849 1030 1890 Ρ
1051 1848 1149 1892 vide
1187 1850 1295 1909 quid
1327 1861 1446 1909 agat,

62 1913 357 1976 attendequid¹
370 1914 501 1960 dicat.
525 1915 642 1968 Quid
660 1931 762 1974 ergo
777 1917 881 1975 agis,
899 1918 1106 1977 Apostole
1119 1921 1135 1961 ‘3
1148 1920 1353 1965 Nondum
1377 1939 1451 1982 ap-

60 1987 353 2048 prehendisti,
378 1986 575 2031 nondum
598 1986 816 2046 perfectus
840 1990 912 2033 es?
950 1990 1067 2042 Quid
1088 1992 1207 2050 agis?
1231 1993 1286 2038 ad
1318 2010 1451 2054 quam

63 2059 277 2104 actionem
298 2073 368 2101 me
384 2057 597 2101 hortaris?
619 2057 726 2118 quid
749 2058 856 2102 mihi
874 2059 1134 2105 imitandum
1152 2065 1452 2123 sequendum-

63 2145 150 2190 que
171 2128 412 2189 proponis?
438 2147 458 2171 «
485 2130 630 2172 Unum
661 2138 833 2184 autem,
859 2130 1030 2191 inquit,
1069 2149 1167 2193 quae
1198 2144 1313 2179 retro
1348 2146 1450 2181 sunt

67 2219 88 2243 >2
114 2199 273 2245 oblitus
286 2235 297 2256 ‚
321 2199 368 2243 in
389 2215 436 2243 ea
459 2215 558 2259 quae
577 2209 675 2244 ante
691 2210 794 2245 sunt
810 2210 1032 2258 extentus,
1048 2205 1448 2252 secunduminten-

33 2273 36 2276 ’
67 2290 89 2314 »
114 2272 277 2316 tionem
299 2286 456 2331 sequor
484 2269 539 2314 ad
564 2270 753 2331 palmam
794 2287 992 2331 supernae
1021 2276 1258 2320 vocationis
1291 2277 1368 2321 Dei
1403 2278 1450 2321 in

70 2361 90 2384 »
115 2341 287 2387 Christo
308 2343 412 2385 Jesu
435 2342 450 2367 ⁵
480 2359 488 2385 z
525 2341 765 2386 secundum
795 2342 1108 2400 intentionem,
1149 2345 1346 2391 nondum
1380 2363 1449 2392 se-

66 2411 263 2457 cundum
290 2411 617 2472 perventionem
635 2448 645 2468 ,
691 2413 888 2457 nondum
926 2415 1167 2460 secundum
1206 2418 1450 2478 apprehen-

114 2515 125 2532 ¹
149 2508 268 2542 Matlh.
285 2520 320 2551 v,
339 2517 392 2541 21.
417 2525 460 2532 -
485 2515 498 2531 ²
516 2508 599 2541 Psal.
619 2519 749 2551 xxxviii,
768 2508 801 2542 5.
824 2526 866 2533 —-
888 2507 901 2533 3
923 2509 1036 2543 Matth.
1056 2522 1140 2555 xxiv,
1163 2521 1215 2546 12.
1236 2530 1277 2538 —
1295 2513 1310 2545 4
1332 2515 1444 2559 Philip.

67 2577 114 2608 in,
136 2575 188 2607 12,
211 2567 261 2599 13,
283 2583 324 2589 —
343 2564 357 2590 5
375 2566 456 2599 Ibid.
484 2564 535 2607 14.
