1841 3223
345 183 430 220 276
777 187 810 215 S.
848 186 1077 214 Aucusnm
1111 186 1290 212 EPlscom

348 275 368 299 »
385 256 476 300 lant
491 270 566 314 per
579 268 672 297 cam
691 253 699 294 l
717 253 855 304 Quam
869 259 984 293 arcta
998 258 1041 293 et
1063 258 1243 307 angusta
1256 249 1323 292 via
1346 257 1409 292 est
1422 263 1520 306 quae
1533 246 1652 291 ducit
1674 245 1728 290 atl

348 345 368 368 »
389 327 539 379 vitam,
578 332 620 366 et
652 321 778 381 pauci
810 329 911 364 sunt
933 320 1006 380 qui
1030 319 1257 363 ambulant
1280 334 1357 378 pcr
1388 318 1559 361 illam1!
1585 336 1604 358 »
1645 318 1730 370 Qui

344 406 447 441 sunt
469 393 620 454 pauci?
643 392 728 445 Qui
752 391 939 436 tolerant
961 389 1283 445 tribulationes,
1321 389 1397 449 qui
1426 387 1613 432 tolerant
1637 397 1733 431 tcn·

347 466 546 519 tationes,
562 463 638 523 qui
660 462 706 505 in
723 461 812 506 istis
833 461 1037 506 omnibus
1058 459 1269 519 molestiis·
1288 474 1378 503 non
1399 458 1630 515 deficiunt3
1656 456 1733 518 qui

346 552 438 582 non
462 534 517 579 ad
538 535 691 578 horam
714 531 907 592 gaudent
927 531 982 576 ad
1004 531 1187 575 verbum
1204 565 1215 585 ,
1245 538 1289 573 et
1304 530 1350 573 in
1374 538 1567 589 tempore
1590 528 1733 572 tribu-

346 607 518 653 lationis
542 616 752 666 tanquam
769 613 864 649 orto
886 602 975 648 sole
994 604 1247 656 arescunt2,
1263 600 1339 645 sed
1361 600 1523 644 habent
1545 598 1735 644 radicem

347 679 583 734 charitatis,
602 678 713 722 sicut
730 675 975 722 audivimus
988 673 1110 734 quod
1126 671 1259 717 modo
1272 672 1434 717 lectum
1448 681 1512 717 est
1528 672 1572 716 in
1593 674 1737 716 Evan-

349 751 506 811 gelioss.
533 749 767 804 Radicem,
805 748 1009 808 inquam,
1048 744 1268 790 charitatis
1296 745 1436 800 habe,
1463 753 1513 788 ut
1534 759 1636 788 cum
1673 743 1738 788 sol

350 831 524 868 exortus
546 819 678 865 fucrit
692 855 702 875 ,
725 834 815 864 non
837 827 878 862 te
896 825 1020 871 urat,
1043 815 1118 860 sed
1133 816 1312 860 nutriat.
1334 834 1354 858 «
1369 818 1471 860 Haec
1494 815 1639 859 onmia
1661 830 1737 860 ve-

353 912 374 936 »
410 901 571 937 nerunt
588 906 716 950 super
735 904 829 944 nos,
846 897 889 932 et
911 886 1036 932 obliti
1056 901 1146 931 non
1163 900 1312 931 sumus
1334 895 1402 944 te3
1424 894 1467 930 et
1489 885 1636 946 inique
1650 901 1739 930 non

353 984 374 1008 »
411 964 574 1022 egimus
589 963 632 1006 in
650 968 908 1005 testamento
932 968 1024 1012 tuo,
1043 967 1086 1002 et
1109 973 1198 1002 non
1221 958 1392 1002 recessit
1416 966 1531 1001 retro
1549 972 1623 1001 cor
1644 972 1742 1000 nos-

353 1054 374 1078 »
410 1045 543 1079 trum.
574 1052 593 1074 »
623 1031 707 1077 Sed
742 1030 844 1091 quia
866 1031 959 1074 haec
995 1029 1140 1073 omnia
1162 1029 1275 1073 inter
1307 1028 1610 1073 tribulationes
1633 1028 1741 1072 faci-

351 1122 472 1160 mus,
490 1104 644 1165 jamin
666 1111 847 1160 angusta
868 1102 935 1146 via
953 1100 1227 1145 ambulantes
1244 1135 1255 1156 ,
1276 1119 1296 1143 «
1318 1099 1552 1145 Declinasti
1573 1099 1742 1144 semitas

356 1196 377 1220 »
413 1186 582 1222 nostras
604 1174 658 1219 dc
680 1174 748 1219 via
772 1183 861 1218 tua.
892 1191 912 1214 »

411 1250 579 1292 XVIII.
610 1266 629 1288 «
655 1245 872 1299 Quoniam
890 1244 1126 1288 humiliasti
1142 1259 1220 1288 nos
1238 1244 1283 1287 in
1306 1242 1403 1288 loco
1422 1242 1699 1287 infirmitatis.
1720 1262 1740 1284 n

354 1322 472 1377 Ergo
494 1316 701 1361 exaltabis
724 1331 801 1360 nos
823 1315 868 1358 in
890 1315 988 1358 loco
1021 1314 1305 1358 fortitudinis.
1335 1333 1355 1356 «
1385 1316 1441 1358 Et
1462 1315 1635 1374 operuit
1667 1328 1746 1357 nos

361 1408 382 1431 »
419 1388 574 1432 umbra
609 1386 805 1431 mortis⁴.
834 1403 854 1426 »
882 1387 984 1429 Haec
1007 1384 1122 1428 enim
1153 1384 1391 1428 mortalitas
1419 1385 1574 1429 umbra
1597 1384 1747 1429 mortis

356 1468 435 1504 cst.
463 1460 574 1502 Vera
596 1473 711 1501 mors
734 1465 798 1500 est
820 1454 1042 1499 damnatio
1064 1469 1166 1499 cum
1189 1453 1380 1499 diaholo.

416 1532 539 1574 XIX.
569 1548 589 1570 «
617 1529 659 1574 Si
682 1528 806 1572 obliti
829 1541 976 1571 sumus
995 1541 1155 1571 nomen
1178 1526 1255 1571 Dei
1273 1526 1423 1571 nostri.
1447 1545 1467 1569 »
1496 1529 1581 1571 Iste
1602 1535 1665 1571 est
1686 1527 1750 1570 in-

358 1600 558 1647 tellectus
580 1598 770 1643 filiorum
792 1600 918 1643 Core.
939 1616 958 1640 «
976 1601 1033 1642 Et
1053 1597 1089 1643 si
1106 1596 1390 1657 expandimus
1412 1613 1565 1642 manus
1584 1607 1750 1643 nostras

362 1692 382 1715 n
420 1671 475 1716 ad
498 1674 639 1716 Deum
661 1669 853 1713 alienum
870 1670 901 1711 ⁵.
932 1686 951 1708 »

416 1744 517 1788 XX.
549 1761 569 1783 «
598 1744 753 1787 Nonne
777 1743 891 1783 Deus
913 1738 1104 1799 requiret
1136 1739 1247 1783 ista?
1266 1742 1361 1799 Ipse
1389 1739 1507 1783 enim
1540 1740 1661 1784 novit
1683 1755 1752 1784 oc-

363 1833 384 1857 »
419 1812 538 1858 culta
559 1811 701 1856 cordis
715 1812 747 1853 ὓ.
776 1828 796 1851 n
823 1809 953 1854 Novit
976 1817 1019 1851 et
1040 1809 1221 1867 requirit
1241 1827 1249 1852 :
1276 1810 1309 1852 si
1331 1810 1453 1853 novit
1474 1810 1643 1854 occulta
1661 1825 1754 1854 cor-

360 1884 448 1939 dis,
485 1880 593 1942 quid
615 1881 676 1924 ibi
702 1878 836 1923 facit?
861 1896 881 1920 «
905 1880 1060 1923 Nonne
1083 1880 1197 1921 Deus
1221 1879 1412 1938 requiret
1433 1879 1541 1923 ista?
1565 1897 1584 1921 »
1626 1880 1754 1925 Novit

360 1955 408 1998 in
427 1968 486 2008 se,
506 1950 688 2011 requirit
709 1957 887 2009 propter
910 1963 1002 1991 nos.
1025 1947 1200 1991 Etenim
1220 1948 1318 1992 ideo
1342 1949 1522 2008 requirit
1546 1952 1658 1993 Deus
1676 1950 1754 1994 ali-

363 2021 541 2085 quando
558 2057 569 2077 ,
596 2030 640 2065 et
663 2019 768 2064 dicit
790 2019 870 2063 sibi
889 2018 1174 2073 innotescere,
1201 2017 1322 2077 quod
1338 2017 1442 2063 facit
1463 2019 1542 2063 tibi
1559 2019 1754 2065 innotes-

363 2110 474 2140 cere.
510 2094 631 2153 Opus
653 2106 781 2136 suum
803 2090 880 2134 tibi
899 2089 1030 2144 dicit,
1057 2104 1145 2133 non
1168 2089 1461 2147 cognitionem
1482 2106 1618 2135 suam.
1647 2092 1757 2136 Dici-

364 2181 464 2211 mus
478 2164 764 2224 plerumque:
781 2164 926 2205 Laetus
943 2159 1032 2203 dies
1045 2158 1222 2220 quando
1233 2175 1407 2205 serenus
1425 2168 1489 2205 est
1509 2180 1517 2206 :
1539 2160 1758 2222 numquid

363 2237 456 2297 ipse
477 2234 568 2279 dies
587 2233 778 2293 gaudet?
803 2231 888 2277 Sed
908 2229 1170 2290 gaudentem
1192 2229 1391 2286 dicimus,
1407 2231 1507 2292 quia
1522 2231 1757 2289 gaudentes

367 2322 446 2352 nos
458 2305 577 2350 facit.
589 2308 647 2349 Et
657 2303 840 2348 dicimus
857 2322 865 2346 z
881 2300 1018 2345 Triste
1030 2299 1207 2344 coelum.
1225 2303 1322 2346 Non
1331 2301 1446 2345 enim
1457 2311 1520 2346 est
1533 2301 1648 2346 ullus
1662 2302 1757 2348 talis

369 2393 518 2423 sensus
541 2377 587 2420 in
608 2375 802 2420 nubibus
829 2393 838 2418 ε
868 2371 943 2417 sed
960 2372 1060 2432 quia
1081 2371 1278 2416 homines
1294 2373 1544 2432 hujusmodi
1561 2373 1758 2418 videntes

371 2448 474 2493 coeli
500 2447 654 2491 faciem
677 2446 1013 2498 contristantur,
1040 2443 1160 2487 triste
1182 2442 1361 2498 dicitur,
1388 2459 1439 2488 eo
1466 2444 1586 2504 quod
1621 2445 1758 2489 tristes

423 2540 433 2556 ¹
449 2531 565 2565 Matth.
589 2543 643 2573 vu,
665 2531 715 2572 13,
741 2529 789 2572 ¹st·
811 2547 851 2552 —
875 2529 953 2560 21‹1.
975 2539 1041 2569 xm,
1062 2526 1174 2560 ’,ω-23.
1201 2545 1243 2550 —
1263 2526 1275 2550 3
1294 2530 1390 2561 Marc.
1413 2529 1542 2570 1v,1G,
1567 2540 1619 2572 17,
1638 2538 1704 2573 205
1727 2535 1760 2562 et

377 2592 452 2622 Luc.
488 2599 553 2628 vm,
577 2588 692 2621 13-113.
718 2605 758 2609 —
773 2586 786 2615 lo
804 2586 881 2617 psal,
903 2594 990 2626 xmn,
1008 2592 1060 2616 20.
1078 2600 1119 2605 -
1134 2581 1148 2606 5
1173 2583 1252 2615 Ibid.
1271 2593 1324 2615 21.
1346 2602 1386 2607 --
1404 2582 1418 2605 ⁴³
1438 2585 1507 2617 Ibid
1525 2594 1579 2618 22.
