1841 3223
363 204 603 235 ENARRATio
637 209 680 235 m
715 206 918 236 PsALMUM
950 206 1113 233 xxxvii.
1355 194 1430 233 141

54 272 110 317 ab
132 271 275 316 anima
303 272 396 332 ejus
421 290 430 317 :
455 271 532 316 sed
558 272 812 332 quaerebant
831 280 882 316 ut
903 270 1152 316 occiderent
1170 285 1280 315 eam.
1306 272 1440 323 Quae-

53 343 163 387 ritur
180 343 297 387 enim
317 342 461 386 anima
481 343 573 401 ejus
594 352 638 386 et
652 343 779 386 bene.
803 345 911 387 Nam
935 339 1018 386 alio
1034 340 1130 386 loco
1152 340 1295 400 arguit
1312 356 1453 400 quos--

53 412 156 458 dam
176 412 323 458 dicens
349 430 358 457 :
387 415 479 456 «Et
499 427 590 457 non
606 421 670 456 est
690 413 767 472 qui
789 413 980 472 requirat
1003 413 1191 457 animam
1209 426 1351 455 meam
1365 413 1396 455 1.
1417 431 1435 452 »

53 484 211 543 Arguit
231 482 443 544 quosdam
465 498 556 527 non
577 491 820 543 quaerentes
856 482 1044 526 animam
1066 484 1158 543 ejus
1173 517 1184 538 ‚
1220 491 1264 526 et
1291 497 1440 526 rursus

53 554 195 612 arguit
223 553 326 598 alios
346 562 590 613 quaerentes
612 552 800 596 animam
828 553 932 612 ejus.
959 551 1064 605 Quis
1095 561 1159 596 est
1180 552 1256 612 qui
1283 552 1441 612 quaerit

54 624 167 669 bene
188 623 375 668 animam
391 623 551 683 ipsius?
569 623 653 676 Qui
670 623 759 683 ejus
776 622 992 682 passiones
1004 622 1213 666 imitatur.
1235 623 1320 675 Qui
1341 630 1444 666 sunt

54 696 129 758 qui
151 695 404 756 quaerebant
428 693 541 738 male
568 695 757 739 animam
774 695 895 755 ejus?
917 693 1003 747 Qui
1025 693 1063 737 ei
1087 693 1174 738 vim
1195 692 1438 749 faciebant,

55 776 99 812 et
121 766 433 824 crucifigebant
453 780 569 810 euni.

112 840 235 884 XIX.
275 837 479 898 Sequitur
521 856 529 881 :
563 836 685 890 «Qui
722 835 980 896 quaerebant
1006 833 1120 879 mala
1149 850 1243 879 mea
1265 869 1276 887 ,
1306 834 1444 879 locuti

56 927 77 952 »
113 917 214 953 sunt
254 908 506 954 vanitatem.
527 926 546 948 »
588 906 704 960 Quid
744 917 829 962 est,
864 926 884 948 «
911 906 996 960 Qui
1033 905 1291 966 quaerebant
1330 905 1445 950 mala

58 999 77 1022 »
113 981 235 1024 mea?
259 996 279 1020 »
304 978 443 1023 Multa
476 977 757 1038 quaerebant,
796 986 840 1021 et
873 992 963 1022 non
984 976 1281 1021 inveniebant.
1314 979 1445 1021 Forte

54 1049 138 1094 hoc
162 1049 319 1093 dixerit
350 1067 359 1093 :
393 1047 660 1101 Quaerebant
682 1047 864 1091 crimina
886 1063 998 1091 mea.
1029 1046 1305 1100 Quaesierunt
1327 1046 1444 1090 enim

11 1113 16 1117 ⁵
53 1136 153 1181 quae
174 1120 220 1164 in
243 1119 370 1164 illum
391 1118 601 1175 dicerent,
618 1127 662 1162 et
678 1134 768 1163 non
790 1118 1072 1163 inveniebant
1085 1120 1117 1161 2.
1136 1137 1152 1159 >›
1179 1118 1446 1171 Quaerebant

54 1191 173 1236 enim
195 1190 308 1236 mala
340 1189 395 1235 de
426 1190 572 1245 bono,
605 1189 864 1250 quaerebant
895 1188 1054 1233 scelera
1082 1187 1138 1232 de
1165 1188 1397 1232 innocente
1433 1207 1442 1233 ε

54 1260 233 1322 quando
254 1260 501 1306 invenirent
523 1259 568 1304 in
591 1275 642 1304 eo
676 1260 752 1321 qui
780 1259 953 1304 nullum
974 1268 1200 1319 peccatum
1222 1259 1447 1304 habebat?

57 1331 141 1379 Sed
153 1331 256 1392 quia
268 1339 446 1392 peccata
459 1330 716 1391 quaerebant
726 1331 772 1374 in
786 1345 853 1385 eo,
866 1331 939 1390 qui
953 1329 1124 1373 nullum
1136 1338 1365 1389 peccatum
1374 1329 1445 1373 ha-

55 1402 203 1458 bebat,
229 1401 420 1446 restabat
440 1410 491 1445 ut
511 1402 728 1459 fingerent
750 1401 871 1461 quod
888 1416 977 1445 non
998 1400 1293 1444 inveniebant.
1321 1401 1444 1455 Ideo,

57 1491 79 1516 »
114 1472 200 1526 Qui
212 1473 471 1533 quaerebant
484 1470 598 1515 mala
614 1486 709 1515 mea
724 1507 735 1526 ‚
756 1471 891 1516 locuti
910 1480 1012 1515 sunt
1030 1471 1265 1514 vanitatem
1281 1505 1292 1525 ‚
1310 1489 1330 1512 »
1357 1485 1448 1514 non

55 1543 332 1588 veritatem.»
365 1545 422 1586 Et
442 1540 591 1586 dolum
618 1550 709 1586 tota
727 1541 797 1585 die
819 1540 1146 1585 meditabantur
1167 1556 1174 1581 :
1205 1559 1224 1582 »
1250 1541 1334 1585 hoc
1356 1549 1420 1584 est
1434 1575 1445 1596 ‚

55 1612 272 1658 fallaciam
319 1613 410 1656 sine
448 1612 686 1656 cessatione
725 1611 1066 1656 meditabantur.
1103 1611 1246 1657 Nostis
1286 1621 1452 1671 quanta

56 1683 164 1728 falsa
186 1683 432 1728 testimonia
454 1682 571 1726 dicta
593 1690 695 1726 sunt
715 1681 761 1725 in
790 1682 1042 1736 Dominum,
1069 1691 1303 1742 antequam
1325 1691 1451 1741 pate-

55 1763 190 1799 retur.
223 1753 366 1799 Nostis
402 1762 568 1812 quanta
596 1750 702 1796 salsa
734 1751 981 1795 testimonia
1015 1751 1130 1795 dicta
1165 1761 1288 1807 sunt,
1323 1752 1452 1796 etiam

56 1840 158 1869 cum
184 1823 498 1868 resurrexisset.
525 1824 634 1867 Nam
663 1820 727 1864 illi
748 1821 905 1865 milites
934 1822 1134 1866 custodes
1157 1822 1364 1881 sepulcri,
1399 1821 1454 1866 de

57 1894 218 1955 quibus
241 1896 372 1939 Isaras
394 1892 502 1936 dixit
527 1911 535 1936 :
565 1910 586 1934 «
605 1894 769 1936 Ponam
787 1890 923 1936 malos
939 1907 1017 1951 pro
1030 1891 1254 1951 sepultura
1274 1893 1364 1953 ejus
1378 1895 1410 1937 3;
1430 1911 1450 1934 »

57 1962 185 2023 (Mali
205 1963 323 2007 enim
343 1971 467 2006 erant
482 1997 493 2018 ‚
525 1971 569 2006 et
591 1961 820 2006 veritatem
840 1960 982 2005 dicere
1003 1961 1264 2018 noluerunt,
1296 1972 1339 2006 et
1363 1979 1456 2008 cor-

58 2034 176 2094 rupti
196 2032 475 2078 mendacium
496 2031 821 2076 seminaverunt
840 2033 880 2089 :)
903 2030 1114 2075 attendite
1135 2031 1311 2092 qualem
1332 2033 1455 2078 vani-

58 2114 195 2150 tatem
214 2104 352 2149 locuti
374 2112 490 2148 sunt.
510 2102 768 2160 Interrogati
781 2111 884 2146 sunt
894 2102 1023 2146 etiam
1042 2103 1137 2162 ipsi,
1159 2112 1202 2147 et
1219 2103 1449 2151 dixerunt:

63 2194 85 2219 «
119 2178 232 2220 Cum
253 2174 542 2219 dormiremus
558 2208 568 2228 ,
592 2181 808 2217 venerunt
828 2172 1039 2233 Discipuli
1057 2174 1147 2234 ejus
1162 2209 1173 2228 ‚
1199 2183 1243 2218 et
1264 2175 1454 2219 abstule-

62 2265 85 2289 »
119 2254 223 2291 runt
253 2260 353 2289 eum
372 2245 406 2287 ⁴.
441 2262 460 2286 n
496 2245 590 2287 Hoc
619 2252 681 2287 est
701 2242 824 2303 loqui
853 2243 1104 2287 vanitatem.
1140 2245 1183 2289 Si
1209 2244 1324 2288 enim
1349 2244 1452 2290 dor-

59 2317 277 2372 miebant,
297 2315 417 2359 unde
438 2314 632 2359 sciebant
653 2313 775 2374 quod
792 2323 960 2373 gestum
982 2316 1102 2358 erat?

120 2390 220 2434 XX.
258 2390 375 2446 Ergo
397 2387 456 2431 ait
488 2405 496 2431 :
540 2404 560 2428 «
585 2388 677 2444 Ego
701 2394 846 2429 autem
873 2385 993 2429 velut
1014 2385 1168 2430 surdus
1188 2402 1278 2431 non
1306 2387 1453 2432 audie-

110 2490 122 2507 ¹
142 2483 221 2516 psal.
250 2494 342 2526 exn,
366 2483 398 2516 5.
423 2500 459 2506 --
493 2490 506 2506 ²
536 2481 649 2514 Mauh.
671 2492 766 2523 xxvu7
789 2481 843 2523 59.
874 2498 914 2504 ——
936 2479 1037 2513 31sa'i.
1058 2492 1136 2521 1-111,
1155 2493 1187 2524 9.
1220 2500 1261 2505 —-
1288 2481 1303 2513 4
1333 2484 1445 2517 Maith.

63 2552 177 2582 xxvui,
199 2540 249 2572 13.
