1841 3223
358 244 598 273 ENARRA‘HO
630 239 675 272 111*
708 245 909 274 PsALMUM
945 247 1097 274 xxxix.
1330 237 1410 274 193

27 310 185 370 corrigi
213 310 424 365 voluerit,
450 319 493 354 et
521 326 651 370 quem
681 311 956 370 occupaverit
984 311 1113 355 timor
1142 309 1214 355 ille
1232 312 1412 372 justitiae
1456 358 1459 361 ᾗ

27 380 155 436 fidei,
181 390 224 425 et
240 379 388 426 volens
405 381 587 440 coeperit
609 381 834 425 ambulare
861 390 1089 440 angustam
1110 381 1251 439 viam,
1271 382 1416 426 dictu-

25 467 97 495 rus
119 462 183 495 est
205 451 331 496 nobis
351 470 360 495 ε
385 449 624 495 Ambulare
648 467 740 495 non
772 450 942 495 durabo
961 487 972 506 ,
997 452 1030 496 si
1052 451 1161 495 nihil
1189 453 1410 511 spectabo.

27 520 144 574 Quid
175 536 275 579 ergo
300 521 506 577 facimus,
543 519 726 565 fratres?
758 521 983 565 Dimissuri
1016 537 1117 565 eum
1150 538 1298 566 sumus
1326 523 1417 567 sine

27 591 309 651 spectaculo?
330 591 559 646 Morietur,
595 607 685 636 non
714 591 939 647 subsistet,
974 607 1064 636 non
1088 608 1165 637 nos
1194 602 1416 653 sequetur.

28 661 146 716 Quid
161 677 264 720 ergo
282 660 494 706 facimus?
520 665 682 706 Demus
703 677 782 721 pro
800 662 1056 721 spectaculis
1081 663 1341 723 spectacula.
1364 668 1421 709 Et

29 749 127 794 quae
160 733 404 793 spectacula
435 732 581 777 (laturi
609 749 758 777 sumus
787 733 1033 778 Christiano
1059 734 1252 789 homini,
1289 751 1422 795 quem

27 802 229 848 volumus
251 803 306 847 ab
329 803 412 847 illis
432 802 686 863 spectaculis
704 805 936 848 revocare?
954 804 1120 848 Gratias
1135 811 1216 863 ago
1234 806 1421 850 Domino

28 878 119 920 Deo
145 883 293 919 nostro
320 893 329 919 ;
365 874 565 934 sequenti
585 890 713 919 versu
745 873 902 918 Psalmi
931 874 1120 919 ostendit
1142 876 1291 932 nobis,
1320 894 1420 938 quae

29 945 344 1006 spectatorssius
375 955 568 1005 spectare
600 945 851 990 volentibus
883 945 1130 1004 spectacula
1157 947 1352 1006 prassaere
1381 959 1425 993 ct

30 1017 258 1062 ostendere
277 1016 529 1061 debeamus.
555 1018 669 1060 Ecce
692 1031 864 1060 aversus
891 1014 1024 1060 fuerit
1046 1033 1067 1061 a
1086 1017 1200 1062 circo
1215 1053 1227 1074 ,
1253 1035 1276 1063 a
1299 1019 1423 1063 thea-

29 1097 98 1132 tro
114 1123 125 1144 ,
162 1088 216 1133 ab
259 1088 579 1147 amphitheatro
596 1122 607 1141 ,
649 1096 817 1148 quaerat
859 1087 980 1147 quod
1018 1098 1205 1148 spectet,
1247 1105 1424 1150 prorsus

30 1167 226 1218 quaerat,
266 1173 356 1202 non
399 1173 499 1201 eum
543 1156 830 1217 relinquimus
867 1156 958 1200 sine
998 1159 1262 1217 spectaculo.
1308 1160 1425 1214 Quid

29 1243 109 1288 pro
137 1227 220 1272 illis
247 1227 472 1272 dabimus?
497 1227 614 1272 Audi
645 1226 767 1288 quod
800 1227 993 1287 sequitur
1019 1246 1028 1272 ι
1065 1247 1083 1270 «
1109 1228 1250 1274 Multa
1287 1229 1426 1275 fecisti

34 1317 53 1340 »
89 1308 165 1354 tu,
201 1298 385 1343 Domine
418 1301 533 1343 Deus
566 1313 715 1353 meus,
757 1297 972 1341 mirabilia
1002 1301 1124 1343 tua1.
1165 1319 1184 1341 »
1215 1301 1439 1355 Miracula

31 1370 260 1414 hominum
286 1370 562 1425 intuebatur,
598 1368 799 1442 intendat
832 1369 1046 1413 mirabilia
1076 1371 1167 1414 Dei.
1195 1371 1334 1416 Multa
1359 1371 1428 1415 fe-

31 1441 90 1485 cit
123 1441 334 1486 Dominus
355 1440 569 1485 mirabilia
599 1457 697 1495 sua,
729 1441 825 1484 haec
849 1440 1063 1500 respiciat.
1099 1444 1243 1492 Quare
1266 1440 1329 1485 illi
1362 1443 1428 1487 vi-

31 1510 244 1554 luerunt?
280 1511 488 1570 Aurigam
523 1510 674 1555 laudat
708 1519 931 1568 regentem
964 1517 1154 1568 quatuor
1183 1526 1343 1570 equos,
1383 1521 1427 1556 ct

33 1582 124 1626 sine
150 1581 250 1625 labe
279 1591 410 1642 atque
442 1581 682 1626 offensione
712 1587 936 1624 currentes
969 1598 979 1623 :
1014 1578 1127 1623 forte
1158 1580 1260 1626 talia
1294 1583 1428 1628 mira—

33 1652 131 1697 cula
153 1652 359 1712 spiritalia
388 1668 477 1697 non
504 1651 608 1697 fecit
639 1651 882 1696 Dominus?
911 1653 1050 1707 chat
1077 1650 1319 1709 luxuriam,
1354 1671 1428 1699 re-

35 1723 381 1781 gatignavkun,
423 1720 859 1780 regatinjusffitkun,
900 1730 1020 1777 regat
1052 1721 1426 1781 hnprudenfflani,

33 1792 309 1836 lnotuS‘sstos
339 1791 416 1852 qui
448 1791 634 1834 nhniuni
671 1790 903 1850 lapsiluec
934 1791 1038 1835 vina
1071 1791 1267 1850 lachint,
1306 1805 1428 1854 regat

35 1870 78 1905 et
100 1862 260 1906 subdat
280 1861 359 1905 sibi
374 1896 384 1916 ,
410 1870 453 1905 et
474 1870 620 1904 teneat
641 1861 833 1904 habenas
849 1895 860 1915 ,
881 1869 924 1904 et
945 1876 1034 1905 non
1057 1862 1272 1921 rapiatur,
1297 1864 1430 1910 ducat

35 1949 124 1993 quo
156 1932 273 1987 vult,
291 1947 400 1976 ‘non
430 1932 629 1976 trahatur
656 1947 745 1992 quo
774 1947 862 1976 non
895 1931 1005 1975 vult.
1043 1933 1250 1992 Aurigam
1273 1935 1428 1981 lauda-

36 2002 135 2057 bat,
161 2003 306 2060 auriga
326 2000 581 2045 laudabitur
602 2021 611 2046 :
638 2001 854 2045 clamabat
876 2011 926 2045 ut
954 2003 1103 2061 auriga
1128 2013 1245 2048 veste
1267 2021 1429 2067 coope-

35 2073 208 2129 riretur,
233 2071 558 2128 immortalitate
575 2072 798 2118 vestietur.
827 2076 931 2117 Haec
959 2089 1161 2130 munera,
1190 2076 1285 2121 haec
1306 2093 1431 2137 spec-

38 2143 182 2188 tacula
208 2142 297 2187 edit
314 2147 444 2188 Deus.
471 2143 641 2188 Clamat
664 2143 718 2188 de
744 2143 857 2188 coelo
882 2147 1038 2204 Specto
1060 2162 1158 2204 vos,
1183 2147 1426 2208 luctamini,

41 2214 279 2275 adjuvabo,
302 2214 464 2259 vincite
480 2249 490 2269 ,
516 2214 751 2259 coronabo.
775 2234 795 2256 «
817 2214 957 2259 Multa
979 2214 1119 2260 fecisti
1151 2226 1195 2261 tu
1211 2253 1222 2273 ,
1248 2221 1431 2266 Domine

43 2302 64 2326 »
98 2288 213 2329 Deus
228 2300 365 2340 meus,
383 2283 597 2330 mirabilia
618 2294 716 2342 tua,
741 2294 782 2329 ct
801 2285 1136 2344 cogitationibus
1158 2288 1241 2333 tuis
1260 2305 1348 2335 non
1366 2301 1430 2337 est

44 2373 64 2397 »
99 2356 176 2415 qui
198 2354 346 2400 similis
364 2354 419 2399 sit
435 2354 516 2399 tibi
530 2358 563 2399 2.
592 2373 612 2396 1)
638 2358 764 2401 Nune
789 2365 935 2415 specta
962 2355 1231 2402 histrionem.
1267 2360 1427 2407 Didicit

43 2425 158 2469 enim
180 2426 313 2470 homo
334 2437 492 2484 magno
515 2424 659 2470 studio
685 2425 730 2469 in
760 2425 866 2470 fune
894 2426 1140 2482 ambulare,
1173 2438 1216 2472 et
1237 2430 1432 2489 pendens

45 2504 87 2540 te
107 2495 347 2555 suspendit.
376 2495 507 2539 Illum
531 2495 706 2540 attende
728 2495 937 2540 editorem
966 2497 1177 2556 majorum
1202 2510 1430 2559 spectacu-

94 2587 102 2602 1
126 2579 203 2611 psal.
230 2589 340 2619 κῖκυς,
357 2581 388 2610 6.
416 2595 456 2601 -
478 2586 489 2601 2
506 2578 586 2610 Ibid.

314 2645 418 2673 cxv,
1197 2642 1244 2679 13
