1841 3223
377 216 462 255 440
815 227 847 254 S.
886 227 1113 255 AL'Gt'S'rtNt
1147 229 1327 254 Errscom

378 314 397 334 «
434 295 528 337 Non
548 307 650 350 ergo
671 302 821 350 regnet
839 301 1064 351 peccatum
1087 292 1131 335 in
1150 301 1292 336 vestro
1315 291 1484 335 mortali
1505 293 1757 350 corpore1.»

374 362 589 407 Nondixit
606 397 616 417 ,
642 364 738 406 Non
756 362 809 405 sit
827 384 837 420 3
858 362 955 417 sed,
985 365 1110 407 «Non
1129 371 1293 420 regnet.
1324 381 1342 403 n
1372 364 1487 405 Inest
1512 370 1759 420 peccatum,

375 449 475 477 eum
499 432 751 491 delectaris,
775 443 946 491 regnat,
967 434 1000 477 si
1016 433 1293 477 consenseris.
1309 430 1500 477 Carnalis
1515 430 1760 487 delectatio,

373 504 612 563 prasertim
650 520 789 565 usque
825 505 879 548 ad
921 503 1067 548 illicita
1096 513 1139 547 et
1170 504 1308 547 aliena
1336 501 1646 562 progrediens,
1680 501 1765 545 fre-

374 576 519 619 nanda
543 584 603 618 cst
623 611 633 630 ,
659 592 747 619 non
766 575 1018 632 relaxanda,
1039 575 1219 634 imperio
1243 572 1482 628 domanda,
1503 588 1592 616 non
1614 572 1659 616 in
1680 572 1766 615 im-

374 647 495 706 perio
534 646 803 691 collocanda.
837 646 1026 690 Attende
1060 661 1261 700 securus,
1298 645 1331 688 si
1364 660 1453 688 non
1482 644 1616 688 habes
1647 642 1766 687 unde

373 718 602 763 movearis.
638 717 720 763 Sed
760 717 991 777 respondes
1029 736 1038 761 :
1077 716 1265 760 Fortiter
1286 725 1429 760 teneo.
1464 713 1766 775 Numquid'tu

373 788 530 833 sortior
545 805 675 849 quam
687 787 851 832 David?

435 862 511 903 IV.
548 858 767 903 Admonet
795 858 924 902 etiam
955 856 1031 901 tali
1059 855 1282 916 exemplo,
1313 872 1402 901 non
1431 871 1473 900 se
1501 869 1768 916 quemquam

375 928 534 974 debere
555 929 761 974 extollere
784 928 828 972 in
849 929 1064 988 prosperis
1083 921 1225 972 rebus.
1246 927 1375 972 Multi
1399 927 1513 971 enim
1533 941 1598 972 res
1621 925 1770 969 adver-

375 1016 441 1044 sas
462 1001 641 1056 timent,
670 1016 735 1044 res
753 1015 978 1060 prosperas
998 1015 1087 1043 non
1113 999 1282 1043 timent.
1311 997 1598 1043 Periculosior
1620 1005 1682 1040 est
1704 1011 1769 1040 res

375 1086 582 1131 prospera
603 1071 769 1126 animo,
803 1086 935 1131 quam
963 1070 1139 1114 adversa
1170 1069 1356 1129 corpori.
1383 1069 1506 1114 Prius
1533 1067 1770 1127 corrumpit

375 1158 581 1202 prospera
598 1178 608 1198 ,
634 1142 890 1187 utinveniat
906 1142 1027 1203 quod
1049 1142 1222 1201 frangat
1243 1142 1436 1185 adversa.
1464 1144 1635 1184 Fratres
1656 1139 1767 1194 mei,

377 1214 581 1258 adversus
605 1213 855 1258 felicitatem
884 1214 1022 1257 acrius
1046 1212 1317 1272 vigilandum
1342 1221 1419 1256 est.
1449 1215 1681 1270 Propterea
1704 1210 1771 1254 vi-

378 1284 478 1328 dete
493 1284 868 1345 quemadmodum
887 1283 1111 1344 eloquium
1134 1284 1210 1327 Dei
1232 1284 1278 1326 in
1301 1292 1447 1327 nostra
1466 1281 1670 1326 felicitate
1689 1280 1773 1325 tol-

377 1354 440 1399 lat
474 1355 600 1399 nobis
631 1355 906 1398 securitatem
935 1374 943 1398 :
974 1374 993 1396 «
1015 1354 1205 1408 Servite,
1237 1353 1403 1413 inquit,
1432 1352 1617 1396 Domino
1649 1352 1693 1395 in
1713 1351 1772 1396 ti-

380 1444 401 1466 »
438 1441 579 1480 more,
606 1435 649 1469 et
671 1424 859 1469 exultate
878 1425 916 1467 ei
940 1439 1040 1468 eum
1056 1428 1283 1468 tremore&
1300 1443 1319 1464 »
1345 1427 1395 1467 In
1413 1422 1701 1478 exultatione,
1725 1432 1775 1467 ut

380 1496 535 1555 gratias
559 1511 759 1555 agamus,
784 1495 830 1538 in
856 1504 1064 1550 tremore,
1092 1511 1147 1538 ne
1170 1496 1390 1539 cadamus.
1424 1496 1517 1538 Hoc
1546 1503 1773 1554 peceatum

379 1583 469 1612 non
497 1567 599 1611 fecit
636 1565 773 1610 David
792 1601 802 1621 ,
841 1581 942 1609 cum
981 1575 1305 1626 persecutorem
1332 1565 1505 1611 Saiilem
1533 1574 1770 1624 pateretur.

379 1637 568 1691 Quando
578 1635 714 1681 David
723 1645 894 1680 sanctus
906 1637 1078 1681 Saiilem
1089 1636 1312 1680 inimicum
1322 1637 1584 1696 patiebatur,
1596 1635 1775 1696 quando

380 1708 494 1753 illius
514 1707 888 1768 persecutionibus
917 1708 1178 1765 agitabatur,
1206 1707 1384 1767 quando
1407 1724 1485 1767 per
1514 1708 1681 1751 diversa
1706 1705 1776 1750 fu-

380 1779 524 1837 giebat
542 1814 552 1833 ,
579 1794 633 1822 ne
651 1778 696 1822 in
719 1793 873 1821 manus
901 1779 990 1838 ejus
1010 1778 1261 1833 incideret3,
1288 1795 1374 1823 non
1400 1778 1650 1836 concupivit
1671 1777 1776 1820 alie-

380 1866 481 1894 nam
500 1885 510 1904 ,
532 1865 621 1893 non
640 1848 883 1893 adulterata
901 1865 1037 1893 uxore
1055 1849 1214 1894 occidit
1227 1851 1385 1893 virum.
1408 1853 1513 1893 Erat
1534 1849 1578 1892 in
1596 1848 1777 1892 infirmi-

380 1932 465 1965 tate
491 1920 784 1964 tribulationis
817 1936 904 1964 sure
940 1929 1062 1964 tanto
1090 1921 1134 1964 in
1169 1924 1309 1965 Deum
1338 1920 1561 1974 intentior,
1597 1919 1775 1980 quando

381 1991 576 2036 miserior
607 1990 853 2034 videbatur.
901 1990 1013 2034 Utile
1049 1991 1259 2050 quiddam
1289 2001 1353 2035 est
1387 1989 1639 2048 tribulatio,
1667 1989 1776 2034 utile

379 2061 539 2106 medici
558 2060 870 2105 ferramentum
885 2097 895 2116 ,
918 2076 1049 2121 quam
1068 2061 1231 2106 diaboli
1255 2070 1591 2106 tentamentum.
1619 2065 1776 2106 Factus

381 2143 444 2178 est
472 2148 649 2177 securus
671 2132 850 2177 devictis
871 2132 1090 2187 hostibus,
1117 2148 1315 2192 pressura
1338 2133 1501 2188 caruit,
1530 2141 1674 2177 tumor
1700 2150 1775 2177 ex-

381 2206 530 2249 crevit.
557 2204 680 2248 Valet
700 2219 799 2262 ergo
823 2204 905 2248 hoc
924 2203 1172 2264 exemplum
1195 2203 1250 2248 ad
1272 2204 1315 2248 id
1331 2240 1341 2259 ,
1366 2213 1416 2248 ut
1438 2204 1667 2248 timeamus
1683 2202 1776 2248 feli-

381 2276 571 2319 citatem.
604 2294 623 2316 «
643 2275 991 2318 Tribulationem
1011 2310 1021 2329 ,
1048 2274 1214 2334 inquit,
1243 2284 1286 2318 et
1307 2274 1503 2320 dolorem
1524 2276 1696 2331 inveni,
1733 2284 1776 2320 et

384 2364 403 2386 »
442 2361 603 2389 nomen
627 2345 800 2389 Domini
823 2345 1066 2389 invocavi&
1097 2364 1117 2385 γ,

440 2418 494 2459 V.
534 2415 619 2460 Sed
640 2414 805 2460 factum
824 2426 887 2460 est
908 2435 916 2459 :
938 2415 1119 2459 dixerim
1143 2416 1236 2460 liaee
1258 2416 1317 2460 eis
1339 2417 1415 2477 qui
1433 2432 1522 2461 non
1544 2417 1776 2461 commise-

430 2519 438 2535 ¹
468 2515 559 2543 Rom.
591 2524 636 2548 νι,
669 2522 718 2544 12.
747 2531 787 2535 -ψ
814 2520 825 2535 ²
857 2512 937 2544 Psal.
959 2524 999 2554 11,
1023 2524 1072 2543 τι.
1099 2528 1135 2533 ’-
1158 2511 1303 2552 31R0g.
1326 2524 1397 2544 xxiv
1417 2538 1424 2551 ‚
1445 2513 1486 2552 5,
1519 2517 1548 2543 et
1573 2524 1657 2553 xxvi,
1675 2523 1707 2554 9.
1737 2530 1774 2535 -

384 2569 396 2597 f,
419 2568 498 2599 Psal.
521 2579 601 2610 xcw,
623 2569 653 2608 3,
673 2568 704 2609 4
