1841 3223
420 264 662 293 ENAnuATio
696 267 739 293 1N
773 266 974 294 rsALMUM
1008 269 1063 294 LI.
1338 258 1415 298 481

42 346 62 370 »
99 329 213 373 niam
243 328 402 384 fecisti,
430 348 449 371 »
475 329 519 374 id
542 340 628 385 est,
655 332 755 391 quia
789 341 835 376 tu
868 333 1034 389 fecisti,
1070 349 1158 376 non
1187 349 1236 377 ex
1262 335 1423 380 meritis
1460 348 1462 351 ·

37 399 168 453 meis,
194 399 269 443 scd
291 415 341 442 ex
361 400 650 444 misericordia
677 412 763 445 tua.
787 405 880 460 Ego
903 403 1016 445 enim
1035 403 1141 463 quid
1166 403 1273 448 feci?
1294 405 1335 449 Si
1354 421 1422 449 re-

37 469 169 524 colas,
191 488 210 511 «
228 469 350 513 Prius
374 468 435 512 fui
458 468 734 528 blasphemus
756 480 798 514 et
812 481 1061 529 persecutor
1083 482 1125 516 et
1141 473 1416 532 injuriosus.»

39 541 104 582 Tu
133 548 276 582 autem
306 537 412 599 quid
448 538 616 583 fecisti?
652 539 777 584 «Sed
806 541 1141 586 misericordiam
1165 553 1422 588 consecutus

39 625 60 650 »
95 622 189 652 sum
207 644 217 663 ,
243 609 345 668 quia
366 608 568 666 ignorans
587 608 708 653 feci1.
730 610 982 655 Confitebor
1008 611 1087 655 tibi
1120 612 1165 655 in
1184 612 1392 658 saeculum
1408 649 1419 670 ,

39 696 60 720 »
95 679 302 738 quoniam
327 678 480 723 fecisti.
509 697 530 719 n

95 751 263 792 XVIII.
303 767 322 790 «
347 751 404 792 Et
426 748 662 808 expectabo
684 764 845 792 nomen
871 758 1016 805 tuum,
1048 751 1149 810 quia
1174 751 1423 811 jucundum

38 837 59 860 »
95 823 201 862 est‘2.
229 839 246 860 »
274 822 482 862 Amarum
509 827 572 862 est
593 818 799 862 saeculum
818 855 828 874 ,
854 820 929 863 sed
946 836 1106 864 nomen
1129 830 1252 865 tuum
1266 823 1424 882 jucun-

35 887 157 932 dum.
184 891 242 932 Et
258 889 292 932 si
308 888 454 932 dulcia
477 888 678 948 quaedam
697 890 858 932 suntin
876 889 1059 944 saeculo,
1087 890 1163 934 sed
1180 907 1280 935 cum
1302 908 1422 937 ama-

36 958 227 1003 ritudine
239 959 513 1018 digeruntur.
533 960 807 1018 Praeponitnr
829 976 989 1004 nomen
1012 970 1153 1015 tuum,
1176 978 1264 1006 non
1281 963 1421 1007 solum

35 1029 349 1088 magnitudine,
370 1031 446 1074 sed
467 1031 595 1074 etiam
610 1031 897 1090 jucunditate.
920 1051 939 1073 «
955 1035 1248 1078 Narraverunt
1262 1035 1423 1078 etenim

37 1120 58 1143 >›
93 1102 200 1145 mihi
232 1102 378 1161 injusti
407 1100 712 1145 delectationes
737 1117 856 1155 suas,
883 1101 959 1146 sed
982 1118 1070 1147 non
1093 1103 1204 1147 sicut
1226 1103 1293 1147 lex
1316 1114 1390 1149 tua
1407 1140 1418 1160 ‚

38 1190 59 1213 »
94 1171 323 1216 Dominc³.
348 1192 364 1212 »
388 1173 539 1230 Neque
562 1171 677 1214 enim
700 1173 734 1215 si
750 1171 999 1216 nihildulce
1016 1183 1123 1217 esset
1138 1175 1420 1232 Martyribus,

35 1251 176 1287 tantas
203 1241 536 1286 tribulationum
564 1241 871 1286 amaritudines
904 1259 1031 1303 aequo
1054 1243 1199 1288 animo
1233 1245 1422 1289 sustinen

34 1321 146 1357 rent.
165 1310 422 1356 Amaritudo
444 1326 595 1355 eorum
618 1327 641 1355 a
660 1302 813 1371 quovis
837 1313 1118 1369 sentiebatur,
1144 1314 1421 1359 dulcedinem

34 1398 184 1428 eorum
214 1398 302 1427 non
321 1380 445 1426 facile
470 1381 700 1442 quisquam
727 1391 898 1441 gustare
917 1393 1100 1442 poterat.
1128 1388 1294 1430 Nomen
1319 1401 1422 1445 ergo

33 1454 111 1499 Dei
120 1453 370 1514 jucundum
388 1461 452 1496 est
473 1452 717 1496 amantibus
737 1456 874 1497 Deum
893 1469 1021 1513 super
1045 1470 1194 1498 omnes
1210 1456 1421 1515 jucundi-

31 1534 155 1569 tates.
185 1543 204 1566 «
219 1523 467 1581 Expectabo
489 1538 648 1568 nomen
666 1533 789 1568 tuum
807 1559 817 1578 ,
839 1525 939 1584 quia
956 1526 1203 1584 jucundum
1226 1536 1302 1571 est.
1320 1546 1338 1568 υ
1365 1530 1422 1572 Et

30 1597 100 1641 cui
124 1595 280 1655 probas
304 1595 406 1655 quia
421 1595 669 1655 jucundum
703 1597 794 1638 est?
820 1598 882 1639 Da
904 1596 1010 1639 mihi
1032 1597 1226 1656 palatum
1256 1599 1325 1641 cui
1343 1600 1418 1657 ju·

30 1666 226 1711 cundum
244 1674 320 1710 est.
347 1664 497 1709 Lauda
518 1664 606 1708 mel
627 1674 841 1724 quantum
864 1675 985 1724 potes
1001 1701 1011 1721 ,
1037 1682 1241 1725 exaggera
1267 1667 1419 1712 dulce-

30 1736 179 1780 dinem
195 1737 285 1796 ejus
302 1735 463 1795 quibus
481 1733 664 1779 valueris
681 1734 824 1778 verbis
845 1754 853 1778 :
876 1736 1007 1780 homo
1026 1738 1219 1781 nesciens
1240 1738 1347 1797 quid
1366 1739 1421 1782 sit

29 1805 143 1860 mel,
168 1805 248 1849 nisi
270 1804 529 1863 gustaverit,
556 1804 662 1864 quid
685 1802 800 1848 dicas
823 1805 971 1848 nescit.
1000 1805 1104 1850 Ideo
1127 1806 1258 1864 magis
1277 1807 1332 1851 ad
1346 1824 1420 1851 ex-

28 1876 321 1937 perimentum
344 1883 386 1918 te
409 1874 597 1917 invitans
621 1873 814 1918 Psalmus
830 1909 841 1928 ,
867 1874 976 1934 quid
999 1876 1083 1919 ait?
1109 1895 1128 1917 «
1146 1878 1323 1921 Gustate
1338 1913 1348 1932 ,
1375 1887 1418 1922 ct

31 1964 52 1988 »
87 1947 232 1991 videte
249 1980 259 1998 ‚
284 1945 491 2006 quoniam
515 1945 655 1989 suavis
689 1953 751 1989 est
784 1946 993 1990 Dominus
1010 1947 1040 1989 ⁴.
1066 1964 1085 1987 »
1122 1949 1304 1992 Gustare
1328 1965 1416 1993 non

28 2018 92 2062 vis
107 2051 116 2061 .
144 2025 186 2061 et
206 2015 311 2060 dicis
338 2034 347 2060 :
366 2014 621 2059 Jucundum
634 2016 726 2058 est?
744 2015 856 2068 Quid
873 2016 1121 2075 jucundum
1142 2020 1231 2062 est?
1251 2018 1293 2063 Si
1316 2035 1418 2078 gus-

28 2088 126 2133 tasti
142 2123 153 2143 ,
178 2088 223 2131 in
244 2085 392 2131 fructu
412 2095 490 2130 tuo
510 2086 772 2141 inveniatur,
803 2102 892 2130 non
916 2088 960 2130 in
986 2088 1085 2131 solis
1114 2089 1293 2133 vocibus
1315 2099 1416 2135 tan-

28 2175 161 2220 quam
179 2156 484 2203 tantummodo
505 2157 551 2201 in
569 2156 702 2212 foliis,
721 2173 775 2201 ne
790 2157 1018 2202 maledicto
1041 2159 1214 2203 Domini
1227 2176 1417 2206 arescere

29 2239 240 2290 tanquam
265 2228 340 2273 illa
367 2227 553 2272 ficulnea
580 2229 780 2272 merearis
796 2229 825 2272 ⁵.
863 2230 1063 2284 Gustate,
1090 2229 1258 2290 inquit,
1284 2240 1326 2274 et
1348 2232 1418 2275 vi-

29 2299 150 2355 dete,
176 2299 383 2359 quoniam
404 2297 544 2342 suavis
571 2307 636 2341 est
662 2298 886 2342 Dominus.
918 2300 1097 2342 Gustate
1114 2334 1124 2354 ,
1156 2309 1199 2343 et
1226 2300 1370 2345 videte
1407 2321 1415 2346 :

28 2379 136 2414 tunc
152 2369 371 2423 videbitis,
389 2369 423 2412 si
442 2367 726 2427 gustaveritis.
748 2368 920 2412 Homini
936 2377 1081 2412 autem
1100 2384 1188 2413 non
1204 2372 1414 2428 gustanti,

32 2439 151 2484 unde
168 2440 351 2500 probas?
364 2437 604 2482 Laudando
617 2437 937 2498 jucunditatem
956 2438 1140 2483 nominis
1160 2441 1253 2495 Dei,
1284 2457 1420 2501 quan-

76 2543 85 2561 1
118 2547 128 2567 1
150 2535 345 2576 Thn.1‚13.
367 2542 439 2558 -2
458 2534 538 2567 Psit
563 2545 684 2576 ιῐ,ιι,
712 2551 750 2556 -
773 2531 989 2577 311.cav1u,
1008 2535 1126 2566 35.-
1144 2534 1351 2576 41!.xxxun
1373 2540 1405 2572 8.

31 2608 72 2614 ....
92 2590 105 2614 5
130 2590 242 2623 Matih.
259 2601 326 2632 xxi,
348 2601 398 2632 19·

201 2656 304 2685 CXV·
1185 2645 1233 2685 3¹
