1841 3223
408 241 650 272 ENAnnA'rm
682 245 727 272 m
759 241 962 273 PsALMUM
994 245 1112 271 XLVI.
1367 233 1451 273 335

68 307 255 354 calvum.
278 307 420 354 Multo
439 309 573 366 magis
594 309 849 354 attendistis.
877 310 1123 354 Obscurum
1145 317 1237 353 erat
1255 324 1359 355 cum
1381 309 1451 355 di-

67 387 270 423 cerentur
286 378 364 423 filii
386 381 497 423 Core
510 413 520 433 ,
541 394 689 422 nonne
711 379 938 424 obscurius
959 389 1022 425 est
1038 395 1140 424 cum
1157 378 1364 425 dicuntur
1376 378 1454 424 filii

66 449 207 494 calvi?
227 449 312 503 Qui
334 458 436 494 sunt
454 448 524 492 isti
545 447 622 492 filii
639 447 776 493 calvi?
795 451 864 494 An
897 448 1018 507 forte}
1035 449 1113 493 filii
1133 450 1312 510 sponsi?
1339 450 1453 504 Quia

66 534 248 578 sponsus
264 519 311 563 in
336 518 434 564 loco
455 517 663 564 Calvariae
684 518 914 563 crucifixus
934 528 1012 564 est,
1038 519 1233 566 Recolite
1250 522 1452 580 Evange-

65 588 175 634 lium
190 625 201 646 ,
234 589 313 634 ubi
334 589 570 635 Dominum
593 589 901 634 crucifixerunt
916 625 927 645 ,
959 599 1002 635 et
1031 589 1255 635 invenietis
1284 606 1385 636 eum
1406 591 1455 637 in

65 658 163 704 loco
184 659 393 706 Calvariae
414 659 709 704 crucifixum¹.
739 657 927 704 Proinde
946 660 1023 720 qui
1045 675 1218 705 crucem
1233 661 1330 721 ejus
1351 660 1452 706 irri-

66 728 200 785 dent,
231 746 254 774 a
276 728 549 775 daemonibus
569 739 778 791 tanquam
806 745 831 774 a
861 729 1007 775 bestiis
1035 729 1315 776 devorantur.
1341 734 1452 778 Nam

66 800 324 860 significavit
350 810 393 846 et
418 801 502 846 hoc
532 801 733 861 quaedam
772 801 992 861 Scriptura
1029 820 1039 846 ε
1067 803 1180 847 Cum
1201 801 1454 847 ascenderet

67 872 285 932 Propheta
306 872 384 917 Dei
405 871 607 928 Elisaeus,
627 871 875 917 clamabant
894 881 993 932 post
1014 887 1115 917 eum
1130 873 1255 933 pueri
1271 872 1453 918 irriden-

65 951 128 987 tes
154 962 163 988 :
190 943 446 998 «Ascende,
471 943 614 998 calve,
639 942 822 988 ascende
842 943 1017 988 calve²z
1048 963 1065 985 »
1092 942 1165 988 ille
1191 952 1338 989 autem
1362 960 1452 989 non

65 1020 154 1058 tam
174 1012 424 1068 crudeliter,
451 1028 583 1074 quam
604 1013 807 1071 mystice,
832 1012 936 1058 fecit
956 1012 1052 1058 illos
1087 1029 1243 1074 pueros
1264 1014 1318 1059 ab
1342 1014 1452 1060 ursis

65 1084 322 1128 exeuntibus
339 1083 578 1128 devorariss.
603 1084 645 1129 Si
661 1099 750 1128 non
771 1082 1083 1129 devorarentur
1096 1083 1158 1128 illi
1171 1086 1311 1145 pueri,
1327 1101 1454 1130 num-

64 1154 172 1216 quid
192 1171 332 1215 usque
347 1154 491 1199 adhuc
508 1154 726 1199 viverent?
747 1164 823 1199 aut
844 1171 933 1201 non
948 1165 1124 1216 possent
1139 1154 1343 1201 mortales
1360 1156 1452 1202 nati

64 1226 193 1270 etiam
214 1224 335 1270 febre
354 1226 582 1286 intercipi?
603 1225 860 1284 Mysterium
882 1226 927 1270 in
950 1227 1007 1270 eis
1030 1235 1176 1271 tamen
1198 1241 1288 1272 non
1310 1236 1454 1272 osten-

64 1296 256 1352 deretur,
276 1297 355 1341 ubi
371 1296 531 1357 posteri
554 1305 834 1340 terrerentur.
860 1297 997 1342 Nemo
1020 1312 1123 1356 ergo
1144 1296 1321 1342 irrideat
1348 1314 1452 1343 cru-

63 1383 158 1413 cem
185 1368 357 1413 Domini
384 1387 393 1413 :
419 1371 441 1413 J
448 1367 562 1412 udaei
585 1377 687 1413 sunt
716 1367 894 1428 possessi
912 1384 935 1412 a
957 1368 1232 1413 daemonibus
1249 1379 1293 1414 et
1313 1369 1451 1416 devo-

62 1440 159 1484 rati.
198 1442 308 1486 Nam
336 1439 382 1484 in
419 1439 628 1485 Calvariae
660 1439 756 1485 loco
783 1439 1086 1500 crucifigentes
1115 1441 1364 1497 Christum,
1409 1451 1453 1487 et

61 1511 253 1556 levantes
280 1511 325 1555 in
357 1527 507 1568 cruce,
539 1521 750 1573 tanquam
783 1511 862 1572 ipsi
890 1512 1096 1557 dicebant
1118 1528 1247 1557 sensu
1268 1512 1448 1573 puerili,

61 1598 151 1627 non
186 1581 478 1643 intelligentes
503 1583 612 1644 quid
643 1581 929 1644 loquerentur
954 1601 963 1628 :
986 1584 1236 1639 «Ascende,
1273 1583 1409 1629 calve.
1426 1602 1449 1627 »

62 1653 179 1707 Quid
202 1662 265 1698 est
287 1653 404 1698 enim
431 1673 439 1698 :
469 1673 489 1696 «
504 1655 728 1699 Ascende?
750 1654 988 1712 Crucifige,
1020 1655 1266 1714 crucifige&
1286 1673 1308 1697 n
1341 1659 1452 1701 Pro-

60 1724 239 1783 ponitur
260 1723 376 1768 enim
396 1723 581 1784 pueritia
601 1723 929 1768 adimitandum
944 1724 1236 1769 humilitatem
1252 1760 1264 1780 ‚
1288 1734 1332 1769 et
1345 1725 1451 1770 item

60 1794 319 1854 proponitur
346 1793 531 1854 pueritia
568 1792 624 1838 ad
655 1792 898 1838 cavendum
931 1792 1191 1839 fatuitatem.
1226 1796 1452 1856 Proposita

60 1864 246 1924 pueritia
260 1863 316 1909 ad
332 1863 594 1909 imitandum
613 1863 904 1908 humilitatem
923 1880 946 1909 a
959 1864 1145 1910 Domino
1167 1873 1245 1921 est,
1270 1865 1451 1926 quando

61 1935 232 1980 vocavit
254 1934 310 1979 ad
331 1950 375 1979 se
389 1950 563 1995 pueros,
589 1943 746 1979 etcum
764 1934 1102 1995 prohiberentur
1123 1934 1294 1992 abillo,
1314 1935 1447 1981 dixit:

65 2023 87 2049 «
123 2006 259 2051 Sinite
281 2021 353 2051 eos
372 2005 521 2051 venire
543 2005 599 2050 ad
619 2020 690 2050 me
706 2040 717 2061 ‚
747 2005 902 2050 talium
924 2015 988 2050 est
1014 2006 1130 2050 enim
1152 2021 1335 2066 regnum
1357 2023 1451 2052 coe·-

64 2094 87 2119 »
119 2076 309 2122 lorum⁵.
330 2095 351 2119 »
387 2077 664 2137 Propositum
695 2077 945 2137 exemplum
977 2077 1176 2137 pueritiae
1204 2078 1260 2122 ad
1289 2094 1451 2124 caven-

61 2144 164 2191 dam
185 2145 432 2192 fatuitatem
454 2147 510 2191 ab
540 2146 748 2207 Apostolo
770 2156 835 2191 est
861 2165 870 2193 ε
901 2165 921 2189 ι(
937 2150 1132 2202 Fratres,
1163 2146 1299 2193 nolite
1325 2149 1451 2208 pueri

63 2235 86 2260 »
120 2233 211 2263 esse
241 2218 452 2263 sensibus.
481 2236 502 2259 »
536 2220 595 2262 Et
617 2233 789 2262 rursum
822 2218 1028 2278 proponit
1056 2218 1112 2262 ad
1143 2218 1403 2264 imitandum
1436 2237 1446 2265 t

0 2296 3 2333 ζ
65 2308 88 2332 «
123 2289 208 2335 Sed
223 2289 385 2334 malitia
410 2287 598 2334 infantes
614 2298 774 2345 estote,
799 2299 850 2334 ut
868 2289 1088 2334 mentibus
1107 2288 1289 2349 perfecti
1315 2290 1445 2336 sitis⁶.

1 2384 3 2400 2
63 2376 86 2402 »
121 2363 205 2404 Pro
226 2359 323 2404 filiis
344 2362 456 2405 Core
480 2378 501 2401 »
527 2359 722 2404 Psalmus
739 2359 910 2405 canitur
935 2379 944 2405 :
969 2374 1072 2418 ergo
1092 2375 1174 2419 pro
1195 2359 1450 2405 Christianis

62 2439 259 2476 cantatus
281 2439 359 2475 est.
384 2429 623 2475 Audiamus
656 2445 758 2474 eum
790 2439 999 2490 tanquam
1024 2429 1103 2474 filii
1131 2430 1276 2490 sponsi
1302 2429 1445 2487 illius,

111 2533 120 2550 ¹
141 2525 254 2560 Matth.
275 2538 381 2569 xxvn,
398 2525 450 2559 33.
470 2543 512 2549 —
535 2532 549 2549 ²
566 2525 587 2570 4
605 2528 681 2569 Reg.
705 2537 746 2568 n,
761 2526 815 2559 23.
836 2542 881 2549 —-
895 2523 908 2549 3
926 2525 1006 2558 Ibid.
1024 2524 1078 2568 24.
1095 2542 1137 2551 ·—-
1155 2523 1172 2557 4
1191 2526 1268 2561 Luc.
1289 2538 1378 2570 xxm,
1391 2535 1446 2561 21.

63 2581 79 2607 5
96 2583 208 2617 Matth.
224 2594 316 2625 xviii,
335 2592 368 2625 2,
389 2587 422 2615 ct
440 2594 505 2626 xxx,
525 2581 577 2625 14.
594 2599 634 2606 ·—
653 2579 668 2605 6
686 2593 699 2615 1
716 2584 788 2616 Cor.
808 2593 880 2624 xxv,
901 2592 954 2615 20.
