1841 3223
357 196 409 234 64
794 204 826 232 s.
865 205 1094 232 Auousnm
1128 204 1309 231 EPISCOPI

355 287 455 330 crgo
478 271 635 316 educet
656 271 766 314 sicut
787 268 937 312 lumen
946 267 1157 327 justitiam
1175 276 1311 321 tuam,
1338 266 1412 311 sed
1434 267 1516 311 erit
1525 268 1741 328 judicium
1783 294 1786 297 v

357 353 480 388 tuum
506 353 708 401 tunquam
730 339 945 383 meridies.
978 339 1111 383 Modo
1133 339 1247 383 enim
1265 338 1432 398 judicas
1455 339 1576 399 sequi
1592 340 1741 385 Chris-

358 423 466 466 tum,
482 414 564 456 hoc
581 410 857 470 proposuisti,
872 410 954 453 hoc
977 409 1157 467 elegisti,
1178 409 1259 453 hoc
1281 418 1344 452 est
1357 409 1574 468 judicium
1592 419 1740 455 tuum:

355 498 484 526 nemo
505 482 581 524 tibi
600 479 789 524 ostendit
811 478 931 539 quod
950 479 1144 539 promisit
1163 495 1171 519 :
1193 479 1493 538 promissorem
1509 478 1654 524 adhue
1676 489 1743 524 te·-

355 568 445 606 nes,
462 551 749 594 exhibitorem
768 559 913 594 autem
936 558 1135 608 expectas
1153 549 1223 593 :in
1235 548 1403 608 judicio
1421 564 1523 608 ergo
1541 548 1642 592 fidei
1657 558 1745 593 tuae

356 623 517 681 elegisti
539 623 660 684 sequi
682 623 801 683 quod
824 638 912 666 non
942 622 1074 665 vides.
1106 624 1154 665 In
1176 619 1432 664 abscondito
1449 629 1512 663 est
1530 618 1746 678 judicium

357 703 481 738 tuum
498 728 508 747 ‚
545 693 688 737 adhuc
712 692 1046 752 reprehenditur
1074 700 1117 734 et
1145 689 1350 734 irridetur
1378 689 1433 732 ab
1466 688 1742 734 infidelibus:

355 763 471 818 Quid
493 763 740 808 credidisti?
757 762 874 817 Quid
893 763 971 806 tibi
986 762 1183 806 Christus
1202 760 1423 820 promisit?
1440 760 1542 819 quia
1564 759 1746 804 immor-

359 835 450 878 talis
473 835 569 888 eris,
590 844 632 877 et
647 834 723 878 dat
746 834 821 877 tibi
844 833 976 877 vitam
1000 833 1234 875 aeternam?
1252 831 1329 874 ubi
1347 838 1410 874 est
1434 831 1546 874 hoc?
1567 829 1746 891 quando

356 903 700 964 dabit?quando
723 904 814 947 fieri
836 904 1005 962 potest?
1028 905 1051 945 J
1059 901 1204 945 udicas
1227 910 1374 945 tamen
1398 911 1448 945 tu
1471 901 1607 960 magis
1625 901 1746 961 sequi

358 975 579 1019 Christum
607 974 932 1034 promittentem
966 971 1087 1033 quod
1114 988 1203 1015 non
1232 972 1377 1027 vides,
1412 987 1541 1032 quam
1565 972 1748 1030 impium

358 1043 748 1104 reprehendentem
774 1042 1004 1087 credidisse
1021 1052 1062 1086 te
1084 1042 1203 1102 quod
1225 1043 1422 1087 nondum
1443 1042 1576 1086 vides.
1592 1044 1649 1086 Et
1663 1042 1748 1086 hoc

358 1126 421 1161 est
439 1115 657 1176 judicium
685 1124 811 1158 tuum
839 1133 847 1158 :
879 1123 922 1158 et
948 1113 1077 1173 quale
1101 1114 1155 1157 sit
1176 1113 1390 1173 judicium
1423 1122 1548 1156 tuum
1568 1147 1578 1167 ‚
1605 1111 1748 1156 adhue

358 1202 448 1231 non
474 1194 682 1245 apparet:
712 1186 756 1228 in
779 1184 860 1228 isto
882 1184 1042 1228 saeculo
1065 1183 1188 1243 quasi
1211 1199 1295 1227 nox
1326 1193 1404 1227 est.
1431 1182 1618 1237 Quando
1645 1197 1749 1241 ergo

359 1256 517 1302 educet
528 1256 746 1316 judicium
767 1265 890 1299 tuum
907 1254 1028 1299 velut
1042 1253 1326 1298 meridiemP«
1338 1256 1450 1299 Cum
1462 1253 1660 1298 Christus
1673 1269 1750 1313 ap-

363 1348 383 1369 »
419 1329 612 1388 paruerit
633 1328 720 1371 vita
742 1336 898 1382 vestra,
919 1335 1025 1370 tunc
1047 1334 1091 1369 et
1107 1341 1182 1369 vos
1199 1341 1298 1370 eum
1318 1326 1410 1385 ipso
1428 1324 1687 1384 apparebitis
1705 1325 1752 1368 in

364 1418 383 1440 »
421 1399 556 1457 gloria
574 1399 605 1440 ².
627 1415 647 1438 >›
665 1399 777 1441 Cum
800 1397 967 1440 venerit
979 1395 1132 1456 judicii
1148 1395 1237 1440 dies
1245 1431 1261 1451 9
1282 1405 1325 1439 et
1344 1396 1512 1440 venerit
1535 1395 1748 1449 Christus,

361 1478 404 1513 et
427 1467 756 1527 congregaverit
771 1482 921 1510 omnes
936 1476 1085 1525 gentes
1099 1465 1375 1525 judicandas,
1393 1463 1500 1525 quid
1515 1465 1594 1509 erit
1617 1466 1752 1509 tunc?

364 1539 528 1597 Impius
548 1538 625 1581 ubi
647 1536 887 1580 abscondet
907 1535 1135 1595 perfidiam
1157 1550 1278 1579 suam
1293 1570 1304 1591 ,
1325 1550 1425 1580 cum
1447 1534 1597 1580 videro
1619 1535 1752 1578 fidem

361 1624 502 1652 meam
519 1611 536 1651 Ξ)
551 1611 668 1666 Ergo
687 1606 819 1651 modo
841 1607 974 1666 quid?
991 1606 1238 1664 Angustiae,
1266 1605 1568 1650 tribulationes
1592 1614 1636 1649 et
1658 1614 1753 1650 ten-

365 1679 562 1722 tationes.
581 1681 638 1720 Et
654 1678 728 1720 bea
737 1686 802 1719 tus
821 1676 897 1735 qui
916 1675 1145 1734 perdurat:
1166 1695 1185 1716 «
1204 1676 1312 1728 Quia
1324 1676 1401 1736 qui
1418 1676 1754 1735 perseveraverit

365 1767 384 1789 »
421 1763 558 1807 usque
582 1748 628 1790 in
650 1748 784 1790 finem
801 1781 811 1801 ‚
840 1747 910 1789 hic
945 1745 1086 1790 salvus
1109 1747 1232 1789 erit2.
1262 1764 1281 1786 »
1313 1749 1402 1791 Nee
1423 1746 1549 1790 cedat
1571 1746 1755 1790 insulta-

362 1819 551 1872 toribus,
577 1833 657 1861 nec
680 1816 811 1875 eligat
833 1817 902 1859 hic
925 1816 1078 1860 florere
1098 1825 1146 1859 ut
1168 1831 1219 1858 ex
1236 1815 1390 1859 arbore
1406 1814 1575 1860 foenum
1595 1816 1685 1859 fiat.

421 1891 542 1931 VIII.
565 1886 681 1940 Quid
703 1887 834 1944 igitur
854 1884 1020 1929 debeo?
1043 1884 1160 1937 Quid
1179 1885 1338 1929 debeas
1359 1885 1484 1932 audi:
1507 1905 1526 1927 «
1544 1885 1754 1930 Subditus

366 1978 385 2000 »
422 1968 512 2003 esto
537 1958 746 2012 Domino,
768 1966 811 2000 et
829 1956 1004 2000 obsecra
1023 1971 1123 1999 eum
1137 1957 1168 1999 ³.
1187 1974 1206 1996 »
1231 1958 1323 2000 Hoc
1341 1956 1394 1999 sit
1415 1956 1502 2000 vita
1526 1966 1598 2000 tua
1613 1991 1623 2011 ‚
1644 1957 1754 2000 obe-

365 2028 456 2073 dire
485 2028 711 2088 praeceptis
744 2028 848 2086 ejus.
877 2029 969 2070 Hoc
1004 2035 1067 2070 est
1089 2026 1205 2069 enim
1235 2026 1459 2070 subditum
1486 2026 1549 2070 illi
1576 2042 1687 2082 esse,
1712 2036 1756 2072 et

365 2100 590 2146 obsecrare
608 2134 619 2154 ‚
644 2098 784 2142 donec
814 2096 889 2140 det
921 2096 1040 2156 quod
1068 2097 1278 2155 promisit.
1312 2100 1559 2141 Perseveret
1587 2097 1756 2142 bonum

367 2187 475 2231 opus
491 2206 502 2226 ‚
523 2178 769 2230 perseveret
791 2177 834 2212 et
856 2168 1008 2212 oratio.
1040 2187 1060 2209 «
1081 2169 1263 2226 Oportet
1281 2167 1395 2211 enim
1419 2183 1589 2226 semper
1604 2184 1726 2213 orare
1740 2203 1752 2224 ‚

371 2261 389 2282 »
426 2251 468 2284 et
492 2255 580 2284 non
599 2238 783 2282 deficere
800 2240 831 2280 ⁴.
861 2256 880 2277 »
909 2240 959 2280 In
977 2252 1065 2296 quo
1088 2252 1266 2296 appares
1283 2237 1514 2281 subditus?
1537 2238 1755 2283 Faciendo

369 2309 488 2370 quod
504 2309 725 2369 praecepit.
754 2306 839 2352 Sed
861 2305 1104 2350 mercedem
1121 2307 1317 2350 nondum
1335 2306 1505 2366 accipis,
1526 2307 1638 2352 forte
1655 2309 1758 2369 quia

369 2395 524 2439 capere
546 2377 743 2423 nondum
771 2385 908 2436 potes.
941 2378 1036 2419 Jam
1065 2375 1179 2419 enim
1202 2376 1274 2419 ille
1296 2385 1439 2435 potest
1459 2376 1585 2433 dare⁷
1610 2378 1686 2422 sed
1708 2388 1756 2423 tu

419 2483 425 2498 ¹
456 2476 571 2508 Coloss.
602 2486 652 2516 111,
684 2473 715 2515 4.
736 2490 776 2496 -›
808 2479 821 2497 ²
842 2471 955 2504 Manli.
975 2483 1070 2513 xxrv,
1096 2471 1143 2504 13.
1167 2489 1207 2494 -—-
1228 2471 1241 2495 3
1266 2472 1345 2505 Psal.
1380 2484 1497 2515 xxxvi,
1518 2484 1548 2516 7.
1576 2491 1616 2497 -—
1640 2474 1653 2504 l.
1674 2477 1751 2508 Luc.

373 2543 470 2572 unt,
496 2543 522 2562 ι.
