1841 3223
394 272 476 314 124
820 286 853 311 s.
890 282 1120 311 AUGUSTINI
1153 284 1335 312 Emscom

388 350 595 408 inciperet
618 367 625 393 :
653 366 673 390 «
699 346 882 391 Domine
897 382 907 402 ,
934 362 990 391 ne
1012 347 1056 391 in
1080 347 1379 406 indignatione
1402 356 1475 391 tua
1500 361 1652 405 arguas
1670 361 1739 390 me
1759 381 1771 401 ,

389 439 410 461 n
447 435 590 479 neque
607 419 651 462 in
668 419 727 462 ira
747 428 821 462 tua
843 417 1046 462 emendes
1064 433 1133 462 me
1151 421 1180 462 ¹.
1211 437 1231 459 »
1254 422 1471 463 Futurum
1497 427 1561 462 est
1583 418 1698 462 enim
1725 426 1776 461 ut

387 491 565 551 quidam
580 489 625 532 in
642 489 703 533 ira
718 489 793 533 Dei
815 489 1118 544 emendentur,
1133 498 1176 533 et
1197 489 1242 532 in
1263 488 1564 549 indignatione
1587 503 1777 547 arguan-

387 570 472 604 tur.
499 563 555 604 Et
583 558 696 604 forte
726 575 817 604 non
838 575 986 603 omnes
1009 560 1084 620 qui
1115 568 1357 617 arguuntur
1385 558 1739 604 emendabuntur
1761 577 1770 604 :

385 629 460 674 sed
480 639 626 674 tamen
648 630 786 675 futuri
807 640 908 674 sunt
933 631 977 674 in
1000 631 1306 673 emendatione
1335 630 1513 689 quidam
1536 629 1656 674 salvi.
1684 633 1777 674 Fu-

386 710 535 744 turum
559 710 622 745 est
643 700 845 761 quidem,
882 702 983 761 quia
1015 700 1264 744 emendatio
1289 700 1510 744 nominata
1532 709 1596 744 est
1620 720 1629 744 ε
1657 719 1677 742 «
1710 701 1778 746 Sic

388 791 408 814 »
444 782 590 816 tamen
612 773 735 833 quasi
765 788 841 831 per
863 773 1008 831 ignem
1021 776 1053 816 ¹².
1089 790 1109 812 »
1143 775 1174 815 F
1181 772 1300 815 uturi
1323 781 1469 815 autem
1492 771 1670 832 quidam
1702 773 1778 832 qui

386 854 652 902 arguentur,
673 853 717 887 et
738 859 827 887 non
848 842 1216 886 emendabuntur.
1242 845 1351 887 Nam
1370 842 1522 902 utique
1539 846 1694 900 arguet
1707 858 1779 887 eos

385 915 546 975 quibus
567 915 682 959 dicet
705 934 713 959 ;
734 935 753 956 «
775 915 969 968 Esurivi,
991 923 1033 957 et
1050 930 1139 958 non
1161 913 1339 958 dedistis
1356 914 1462 957 mihi
1484 914 1774 972 manducare,

387 1004 406 1027 »
443 986 556 1030 sitivi
577 1021 588 1041 ,
613 995 657 1030 et
679 1001 767 1030 non
786 985 964 1045 potastis
982 986 1080 1028 me³
1102 1001 1110 1026 :
1140 1003 1159 1025 »
1182 994 1226 1029 et
1241 993 1397 1029 eaetera
1420 1001 1519 1045 quae
1541 985 1603 1028 ibi
1626 1000 1776 1044 prosc·-

384 1072 522 1116 quens
539 1091 549 1111 ,
583 1056 822 1116 quamdam
846 1054 1210 1099 inhumanitatem
1233 1064 1276 1099 et
1296 1055 1564 1100 sterilitatem
1587 1056 1777 1115 increpi-

384 1134 468 1181 tat,
500 1125 622 1170 malis
645 1125 700 1170 ad
721 1126 937 1170 sinistram
960 1125 1228 1180 constitutis,
1255 1126 1416 1186 quibus
1445 1126 1606 1170 dicitur
1631 1146 1639 1171 :
1666 1145 1685 1168 «
1712 1130 1777 1171 Ite

386 1215 406 1237 n
442 1198 488 1240 in
520 1197 664 1254 ignem
687 1206 899 1241 aeternum
918 1232 928 1250 ,
956 1197 1031 1257 qui
1054 1206 1229 1256 paratus
1261 1206 1324 1240 est
1347 1195 1524 1241 diabolo
1547 1207 1590 1241 et
1615 1197 1778 1257 angelis

386 1286 405 1307 )›
441 1268 574 1326 ejus&
601 1286 620 1308 ι)
648 1269 751 1311 Haec
774 1267 853 1312 iste
881 1268 1076 1325 graviora
1092 1267 1345 1321 formidans,
1373 1277 1550 1327 excepta
1570 1269 1655 1311 vita
1679 1269 1773 1324 ista,

382 1337 428 1380 in
446 1338 568 1397 eujus
590 1337 714 1381 malis
736 1337 918 1397 plangit,
935 1347 978 1381 et
997 1338 1155 1396 gemit,
1180 1347 1304 1396 rogat
1322 1347 1364 1381 et
1381 1337 1486 1382 dicit
1509 1358 1517 1382 :
1539 1339 1774 1394 «Domine,

385 1424 406 1447 )›
441 1422 496 1450 ne
520 1407 565 1450 in
587 1406 886 1465 indignatione
908 1417 983 1451 tua
1006 1423 1159 1466 arguas
1183 1423 1265 1450 me.
1289 1426 1307 1447 »
1326 1410 1423 1451 Non
1446 1407 1526 1451 sim
1548 1408 1660 1452 inter
1682 1407 1778 1453 illos

383 1477 543 1536 quibus
564 1476 760 1521 dicturus
784 1492 827 1520 es
846 1497 854 1521 ;
885 1497 905 1518 α
932 1480 997 1520 Ite
1018 1478 1062 1520 in
1083 1478 1228 1535 ignem
1249 1486 1485 1532 aeternum,
1507 1478 1584 1538 qui
1602 1488 1778 1538 paratus

385 1565 405 1588 »
442 1557 505 1591 est
528 1546 703 1591 diabolo
733 1556 776 1591 et
799 1546 959 1604 angelis
988 1549 1095 1607 ejus.
1132 1551 1283 1608 Neque
1310 1548 1355 1591 in
1377 1549 1441 1592 ira
1474 1557 1548 1592 tua
1572 1549 1777 1594 emendes

385 1637 404 1660 ι)
442 1634 538 1662 me:
569 1637 588 1659 »
614 1628 665 1662 ut
686 1619 731 1662 in
752 1619 833 1662 hac
854 1619 942 1662 vita
968 1634 1122 1678 purges
1153 1634 1220 1662 me
1236 1655 1247 1671 ,
1274 1629 1317 1663 et
1344 1619 1477 1663 talem
1498 1635 1569 1664 me
1591 1619 1746 1665 reddas
1762 1657 1774 1677 ,

381 1690 451 1732 cui
467 1691 559 1749 jam
581 1688 879 1733 emendatorio
902 1689 1002 1747 igne
1024 1705 1114 1734 non
1136 1706 1245 1749 opus
1268 1690 1345 1745 sit,
1371 1700 1553 1750 propter
1574 1691 1669 1736 illos
1701 1693 1778 1753 qui

381 1758 486 1803 salvi
509 1768 664 1814 erunt,
690 1759 749 1803 sic
770 1769 915 1803 tamen
939 1760 1061 1819 quasi
1084 1775 1161 1819 per
1186 1761 1350 1819 ignem.
1379 1763 1546 1816 Quare,
1572 1761 1653 1805 nisi
1675 1762 1777 1821 quia

380 1830 452 1874 hic
464 1829 683 1874 aedificant
701 1846 829 1889 supra
842 1830 1176 1874 fundamentum
1193 1830 1325 1889 ligna,
1343 1830 1532 1887 soenum,
1546 1833 1777 1892 stipulam?

381 1900 666 1945 AEdifiearent
689 1910 836 1944 autem
865 1916 1044 1956 aurum,
1073 1912 1323 1960 argentum,
1349 1901 1515 1962 lapides
1537 1903 1745 1962 pretiosos
1761 1939 1773 1960 ,

381 1980 425 2016 et
443 1971 497 2015 de
516 1981 704 2031 utroque
722 1971 821 2030 igne
839 1972 977 2015 securi
995 1981 1135 2015 essent
1151 1993 1162 2029 3
1179 1988 1266 2016 non
1281 1972 1422 2016 solum
1440 1973 1493 2017 de
1516 1973 1592 2018 illo
1611 1983 1776 2020 aeterno

380 2043 457 2103 qui
481 2043 527 2086 in
548 2053 762 2087 aeternum
785 2043 1056 2087 cruciaturus
1079 2052 1142 2087 est
1165 2044 1318 2104 impios
1337 2079 1347 2098 ,
1375 2044 1451 2088 sed
1473 2045 1602 2090 etiam
1623 2046 1677 2091 de
1700 2045 1776 2091 illo

378 2114 455 2174 qui
469 2114 651 2157 emenda
660 2114 722 2157 bit
734 2129 805 2158 cos
824 2116 899 2174 qui
918 2129 993 2173 per
1004 2114 1151 2172 ignem
1166 2114 1272 2158 salvi
1286 2124 1429 2158 erunt.
1444 2115 1612 2160 Dicitur
1633 2117 1772 2163 enim:

382 2204 402 2227 «
428 2188 523 2244 Ipse
552 2193 699 2228 autem
738 2183 878 2228 salvus
899 2184 1008 2239 erit,
1039 2185 1097 2228 sic
1129 2194 1275 2228 tamen
1304 2185 1427 2246 quasi
1453 2201 1530 2245 per
1551 2187 1713 2245 ignem.
1750 2206 1770 2229 »

378 2258 435 2300 Et
453 2256 554 2315 quia
567 2255 748 2310 dieitur,
771 2274 791 2297 «
815 2255 964 2300 Salvus
982 2256 1083 2310 erit,
1105 2274 1124 2296 »
1141 2257 1437 2300 contemnitur
1458 2256 1531 2300 ille
1554 2257 1680 2316 ignis.
1709 2261 1775 2303 Ita

377 2325 506 2385 plane
539 2326 736 2386 quamvis
774 2325 878 2370 salvi
910 2341 986 2385 per
1015 2325 1189 2385 ignem,
1220 2327 1387 2384 gravior
1417 2336 1562 2371 tamen
1591 2329 1671 2372 erit
1699 2327 1775 2373 ille

377 2396 509 2454 ignis,
533 2412 665 2456 quam
688 2395 903 2457 quidquid
938 2405 1082 2455 potest
1109 2397 1241 2440 homo
1280 2398 1367 2456 pati
1388 2397 1434 2440 in
1468 2398 1548 2441 hac
1579 2398 1682 2442 vita.
1711 2401 1771 2443 Et

378 2468 509 2512 nostis
527 2477 690 2527 quanta
714 2468 782 2511 hic
804 2468 913 2528 passi
936 2477 1038 2512 sunt
1060 2467 1186 2523 mali,
1213 2477 1255 2512 et
1277 2478 1456 2527 possunt
1478 2469 1594 2528 pati:
1619 2478 1766 2514 tamen

426 2582 433 2598 ¹
451 2576 530 2607 psai.
550 2586 670 2617 xxxvii,
693 2585 723 2607 2.
742 2592 784 2598 —
806 2582 819 2597 ²
844 2578 946 2608 1Cor.
972 2587 1020 2618 ιιι,
1043 2575 1094 2607 15.
1114 2592 1155 2598 —-
1175 2574 1188 2598 3
1206 2576 1319 2609 Martii.
1341 2588 1414 2616 xxv,
1433 2576 1486 2619 ἀι.
1509 2595 1550 2600 -—
1569 2577 1584 2608 l,
1599 2578 1679 2610 thid.
1703 2577 1761 2619 49.
