1841 3223
413 211 496 251 410
848 223 882 251 s.
919 223 1153 253 Anaus'rnw
1186 226 1370 254 Erimon

410 286 682 348 poenitendi3
713 288 845 332 modo
869 288 1130 333 adhibeatur
1147 288 1200 333 ad
1224 290 1388 334 radices
1407 289 1569 334 arboris
1591 291 1804 350 cophinus

409 357 607 402 stercoris
630 357 771 402 cordis
797 358 942 403 luctus
965 369 1007 403 ct
1029 360 1321 418 lacrymarum
1337 396 1347 414 ‚
1381 376 1436 404 ne
1458 361 1601 405 veniat
1636 371 1679 405 et
1707 377 1804 405 era-

411 429 565 473 dieet1.
586 429 697 472 Cum
713 429 829 473 euim
844 430 1243 492 eradicaverit,jam
1257 432 1367 490 ignis
1383 441 1648 491 expectatur.
1671 431 1804 478 Modo

412 508 456 543 ct
477 499 510 541 si
529 497 653 543 fracti
677 508 778 543 sunt
798 500 903 544 rami
918 504 950 556 ²,
976 511 1158 560 possunt
1181 518 1326 546 rursus
1347 502 1477 546 inseri
1500 522 1508 546 :
1530 523 1550 544 «
1565 506 1687 547 Tunc
1710 518 1805 547 om-

415 589 434 610 »
471 570 536 613 nis
559 570 687 614 arbor
704 587 802 631 quse
824 587 912 615 non
936 571 1040 616 facit
1063 570 1255 616 fructum
1278 573 1444 616 bonum
1460 608 1471 628 ‚
1495 572 1735 628 excidetur,
1761 582 1805 618 et

414 659 433 682 »
470 640 515 684 in
538 640 682 698 ignem
706 642 948 686 mittetur3.
984 644 1101 702 Ignis
1123 644 1167 687 in
1189 653 1427 703 conspectu
1449 645 1540 704 ejus
1571 643 1757 688 ardebit.
1780 662 1801 685 »

470 714 592 755 VIII.
633 715 724 757 «Et
749 713 792 756 in
815 714 1000 758 circuitu
1022 715 1112 774 ejus
1134 723 1366 774 tempestas
1391 714 1580 759 valida4.
1603 733 1623 756 »
1652 714 1806 759 Valida

411 791 642 842 tempestas
659 819 669 837 ‚
694 783 956 828 ventilatura
979 793 1069 828 tani
1091 799 1292 843 magnam
1316 800 1476 829 aream.
1504 788 1595 829 Hac
1618 794 1806 845 tempes-

411 862 499 897 tate
522 854 602 897 erit
635 853 706 898 illa
734 854 982 910 ventilatio,
1018 871 1104 915 qua
1131 856 1402 915 separabitur
1431 872 1455 900 a
1488 856 1645 900 sanctis
1677 871 1807 900 omne

410 924 691 969 immundum
705 961 716 981 ,
742 941 765 971 a
788 925 989 970 fidelibus
1006 928 1145 971 omnis
1163 927 1397 981 simulatio,
1424 944 1444 971 a
1464 928 1543 987 piis
1561 937 1604 971 et
1619 936 1807 971 tremen-

410 996 526 1040 tibus
553 997 736 1041 verbum
771 998 849 1041 Dei
875 998 1014 1043 omnis
1043 1007 1319 1058 contemptor
1347 1008 1391 1043 et
1418 999 1647 1059 superbus.
1673 999 1808 1043 Modo

410 1067 528 1110 enim
561 1067 749 1112 mixtura
771 1068 974 1129 quaedam
991 1070 1107 1130 jacet
1129 1086 1151 1113 a
1175 1069 1275 1114 solis
1299 1079 1399 1115 ortu
1422 1085 1561 1130 usque
1592 1069 1648 1114 ad
1676 1085 1806 1114 occa-

411 1154 523 1183 sum.
555 1138 790 1184 Videamus
821 1156 925 1199 ergo
952 1139 1176 1202 quomodo
1200 1140 1349 1197 saciet,
1375 1142 1451 1202 qui
1471 1150 1684 1186 venturus
1716 1150 1804 1196 est,

412 1220 668 1271 tempestate
691 1211 763 1256 illa
785 1212 893 1273 quid
910 1211 1106 1257 facturus
1122 1249 1133 1268 ‚
1167 1229 1267 1273 quae
1300 1213 1381 1257 erit
1406 1216 1488 1256 «In
1510 1212 1695 1257 circuitu
1717 1213 1807 1272 ejus

414 1301 436 1325 »
472 1292 705 1343 tempestas
726 1283 884 1329 valida.
914 1304 934 1327 >›
962 1284 1121 1330 Procul
1143 1284 1280 1329 dubio
1298 1285 1377 1329 ista
1399 1294 1631 1344 tempestas
1649 1299 1807 1344 quam-

411 1353 513 1398 dam
531 1355 846 1414 separationem
863 1355 1032 1400 factura
1053 1365 1131 1400 est.
1155 1358 1239 1399 Ista
1259 1355 1407 1399 estilla
1423 1355 1653 1414 separatio,
1673 1370 1808 1414 quam

411 1440 502 1469 non
523 1434 862 1485 expectaverunt
884 1426 960 1486 qui
984 1435 1218 1487 antequam
1237 1425 1292 1470 ad
1311 1425 1432 1470 littus
1454 1426 1676 1480 venirent,
1700 1425 1807 1469 retia

411 1495 734 1556 disruperunt5.
762 1500 813 1541 In
836 1496 909 1541 illa
931 1513 1034 1541 vero
1057 1497 1329 1557 separatione
1360 1498 1410 1541 fit
1437 1496 1640 1557 quaedam
1658 1495 1810 1555 {malo-

411 1583 507 1610 rum
528 1576 572 1611 et
594 1567 811 1612 bonorum
830 1567 1065 1612 distinctio.
1084 1567 1170 1612 Alii
1187 1577 1289 1612 sunt
1312 1567 1429 1611 enim
1442 1575 1672 1628 sequentes
1690 1582 1808 1610 nunc

411 1638 632 1683 Christum
655 1637 864 1698 expeditis
884 1638 1076 1683 hameris
1098 1638 1189 1682 sine
1212 1639 1378 1683 sarcina
1402 1653 1604 1682 curarum
1629 1636 1810 1681 saecula-

410 1710 524 1753 rium
541 1745 552 1765 ‚
577 1711 654 1770 qui
680 1726 769 1755 non
791 1709 950 1755 frustra
973 1710 1208 1755 audierunt
1229 1729 1237 1754 :
1263 1710 1338 1766 ‹55i
1363 1710 1426 1755 vis
1446 1725 1535 1754 esse
1558 1707 1778 1769 perfectus
1793 1744 1805 1765 ‚

411 1798 431 1822 »
466 1781 602 1836 vade,
628 1782 771 1826 vende
804 1782 950 1826 omnia
972 1798 1071 1842 quae
1096 1781 1253 1837 habes,
1286 1790 1329 1824 et
1353 1781 1407 1825 da
1438 1780 1704 1841 pauperibus
1723 1814 1733 1834 ‚
1766 1788 1810 1824 et

411 1871 430 1894 »
466 1852 649 1896 habebis
682 1853 937 1897 thesaurum
969 1853 1015 1896 in
1044 1851 1183 1907 coelo,
1219 1861 1262 1896 et
1295 1852 1395 1896 veni
1418 1867 1599 1909 sequere
1623 1853 1722 1895 me6
1747 1870 1756 1895 :
1784 1869 1804 1891 »

407 1920 614 1982 qualibus
636 1920 797 1964 dicitur
823 1939 832 1965 :
858 1940 874 1960 «
893 1919 1105 1964 Sedebitis
1131 1934 1259 1978 super
1288 1918 1521 1963 duodecim
1555 1918 1676 1963 sedes
1692 1955 1702 1974 ‚
1733 1921 1809 1980 ju-

413 2010 433 2033 »
468 1992 661 2049 dicantes
685 1990 919 2035 duodecim
938 1990 1079 2034 tribus
1097 1989 1230 2034 Israel
1245 1991 1276 2032 ⁷.
1303 2008 1321 2030 »
1347 1989 1431 2034 Alii
1454 2004 1556 2048 ergo
1590 1999 1720 2034 erunt
1735 1991 1809 2050 ju-

409 2063 602 2107 dicantes
625 2079 727 2107 cum
749 2063 939 2107 Domino
964 2078 975 2106 .·
996 2061 1069 2106 alii
1089 2077 1192 2107 vero
1203 2060 1432 2121 judicandi
1449 2097 1459 2116 ‚
1485 2060 1560 2105 sed
1584 2060 1639 2105 ad
1656 2061 1808 2105 dexte-

408 2149 501 2178 ram
527 2133 736 2193 ponendi.
768 2136 878 2177 Nam
909 2132 1010 2193 quia
1048 2141 1178 2176 erunt
1211 2132 1389 2192 quidam
1422 2132 1669 2192 judicantes
1706 2147 1807 2176 cum

407 2204 594 2249 Domino
612 2204 822 2248 habemus
835 2203 1152 2263 apertissimum
1180 2202 1475 2246 testimonium
1495 2238 1505 2258 ‚
1531 2201 1651 2264 quod
1674 2202 1808 2246 modo

407 2274 755 2321 commemoraviv
784 2294 791 2318 :
832 2294 851 2316 «
867 2273 1077 2319 Sedebitis
1103 2289 1234 2332 super
1257 2272 1490 2317 duodecim
1514 2272 1634 2317 sedes
1652 2308 1662 2328 ‚
1682 2271 1806 2333 judi·-

412 2366 431 2388 »
467 2355 612 2391 cantes
633 2345 869 2391 duodecim
888 2345 1026 2388 tribus
1052 2343 1198 2388 Israel.
1220 2362 1240 2385 »

470 2420 547 2461 IX.
586 2417 671 2462 Sed
693 2416 794 2461 dicit
826 2415 981 2475 aliquis
1009 2434 1017 2460 :
1044 2415 1284 2459 Duodecim
1308 2413 1397 2458 illic
1424 2412 1620 2474 Apostoli
1650 2428 1805 2458 conse-

455 2521 462 2537 ¹
489 2516 566 2546 Luc.
588 2514 705 2554 x111,8.
727 2530 767 2536 --
789 2520 801 2536 ²
817 2516 909 2545 Rom.
930 2524 974 2553 xi,
999 2523 1049 2555 ¹9·
1069 2529 1112 2534 —
1132 2510 1145 2534 3
1170 2511 1285 2543 Matlh.
1307 2522 1356 2552 111,
1380 2522 1428 2543 10.
1456 2527 1497 2533 ·—
1526 2509 1541 2540 4
1563 2510 1642 2543 Psal.
1666 2521 1752 2551 xmx,
1769 2511 1802 2542 3.

406 2588 448 2594 —
466 2569 480 2593 5
500 2573 576 2604 Luc.
598 2582 629 2611 v,
654 2571 686 2603 6.
710 2587 751 2592 —-
779 2568 794 2592 6
812 2569 925 2602 Maitvlui
946 2580 1010 2610 xix,
1026 2578 1080 2602 21.
1102 2585 1142 2590 —
1158 2575 1171 2600 7
1198 2568 1276 2600 lbid.
1300 2568 1356 2601 28.
