1841 3223
393 143 474 182 464
819 156 851 181 s.
890 153 1118 182 AUGUSTtNI
1152 155 1331 182 muscom

391 231 637 274 cantamus,
676 220 743 263 vel
783 220 901 280 quod
942 221 1105 265 cantari
1137 220 1351 266 audimus.
1388 222 1521 267 Modo
1553 223 1774 270 videamus

391 293 535 335 Do'ecb
553 326 562 344 ,
594 290 724 334 modo
746 291 969 335 videamus
993 307 1149 350 corpus
1172 292 1279 349 regis
1301 302 1343 336 ot
1365 292 1617 348 sacerdotis,
1643 295 1775 339 modo

387 363 610 405 videamus
631 377 787 421 corpus
802 362 1027 406 hominnm
1046 362 1248 406 adversus
1263 378 1404 421 regem
1427 372 1469 408 et
1490 364 1771 409 sacerdotem.

450 435 524 475 IV.
560 432 703 476 Primo
733 433 908 476 nomina
942 433 1029 492 ipsa
1053 432 1264 476 attendite
1292 449 1424 492 quam
1456 434 1636 491 mystica
1672 435 1772 479 sint.

389 504 534 548 Do'ech
558 504 867 563 interpretatur
894 513 1037 548 motus
1060 523 1067 547 :
1097 502 1315 547 ldumaeus
1348 505 1658 563 interpretatur
1686 515 1775 550 ter-

389 590 532 617 renus.
559 576 655 617 Jam
673 574 815 618 videte
837 574 965 635 quale
988 590 1123 633 genus
1145 574 1373 617 hominum
1396 575 1609 633 significet
1631 576 1777 620 Do‘ech

388 645 466 689 iste
489 654 632 689 motus
661 664 668 688 ε
697 661 783 689 11011
806 660 907 703 ergo
928 659 1206 703 perseverans
1227 644 1272 687 in
1295 654 1505 688 {eternum
1537 665 1544 689 :
1570 645 1644 689 sed
1667 645 1777 690 emi-

391 714 595 774 grandus.
637 718 847 758 Terrenus
880 734 887 758 :
914 714 1020 774 quid
1049 714 1281 773 expectatis
1309 713 1363 757 de
1396 715 1572 758 homine
1606 725 1777 760 terreno

390 787 555 846 aliquos
578 785 771 829 fruetus?
789 784 987 829 Coelestis
1009 785 1141 828 homo
1159 784 1239 828 erit
1259 785 1303 827 in
1321 793 1550 828 aeternum.
1579 789 1655 830 Est
1677 801 1777 845 ergo

391 871 572 914 regnum
603 865 822 899 terrenum
845 874 852 899 :
880 864 928 898 ut
965 855 1153 898 breviter
1185 854 1326 899 dicam
1349 864 1392 899 et
1422 856 1507 900 cito
1531 856 1741 901 insinuem
1762 893 1774 913 ‚

391 926 520 971 bodie
539 927 582 970 in
600 927 681 970 isto
704 926 885 982 saeculo,
908 925 985 969 ubi
1009 935 1072 969 est
1093 935 1136 970 et
1160 941 1344 984 regnum
1366 926 1556 970 coeleste.
1588 928 1777 987 Peregri-

390 1014 467 1042 nos
482 998 616 1042 habet
629 997 741 1042 cives
760 1013 859 1042 suos
881 1006 1119 1056 utrumque
1136 1011 1336 1055 regnum,
1353 1012 1536 1055 regnum
1558 1006 1777 1042 terrenum

389 1079 432 1114 et
456 1084 638 1128 regnum
663 1068 867 1124 eoeleste,
901 1083 1081 1126 regnum
1110 1066 1420 1111 eradicandum
1454 1077 1496 1112 et
1520 1084 1702 1128 regnum
1733 1069 1779 1112 in

390 1149 602 1184 {eternum
626 1138 933 1199 plantandum.
966 1137 1098 1183 Modo
1122 1137 1167 1180 in
1194 1138 1278 1182 hoe
1297 1137 1454 1182 saeculo
1477 1138 1589 1182 cives
1618 1139 1778 1183 utrius·-

390 1227 476 1271 que
505 1211 624 1268 regni
648 1210 846 1270 permixti
870 1218 972 1254 sunt
994 1228 1002 1253 :
1028 1224 1184 1268 corpus
1208 1209 1328 1266 regni
1351 1209 1535 1263 terreni,
1557 1219 1598 1254 et
1621 1225 1779 1270 corpus

390 1283 512 1341 regni
525 1281 710 1326 eoelestis
729 1281 1011 1325 commixtum
1025 1288 1102 1323 est.
1116 1282 1317 1337 Regnum
1334 1279 1510 1324 coeleste
1523 1281 1654 1337 gemit
1668 1282 1780 1325 inter

390 1354 503 1398 cives
520 1354 641 1412 regni
659 1352 833 1406 terreni,
851 1361 893 1394 et
906 1349 1157 1411 aliquando,
1175 1365 1275 1393 nam
1291 1359 1332 1393 et
1347 1351 1428 1394 1106
1443 1350 1675 1395 tacendum
1691 1368 1780 1396 non

390 1434 475 1477 est„
499 1423 689 1484 quodam
708 1422 839 1466 modo
862 1437 1045 1480 regnum
1071 1431 1288 1465 terrenum
1311 1422 1502 1479 angariat
1524 1423 1636 1466 cives
1660 1423 1778 1481 regni

392 1494 602 1539 eselorum
621 1530 631 1549 ‚
655 1504 697 1538 et
715 1509 898 1551 regnum
922 1492 1096 1536 eoeleste
1115 1492 1306 1550 angariat
1324 1492 1435 1536 cives
1459 1493 1580 1552 regni
1601 1494 1774 1538 terreni.

394 1569 636 1625 Utrumque
656 1565 776 1608 vobis
795 1564 848 1607 (16
865 1563 1084 1622 Scriptura
1098 1562 1174 1606 Dei
1192 1562 1600 1608 demonstrabimus.
1627 1563 1780 1608 Daniel

392 1647 435 1680 et
458 1647 541 1681 tres
562 1636 684 1696 pueri
707 1636 750 1678 in
776 1633 1015 1691 Babylonia
1046 1633 1263 1693 praepositi
1286 1643 1386 1677 sunt
1409 1634 1590 1691 negotiis
1612 1635 1745 1692 regis¹
1767 1650 1775 1676 τ

393 1708 552 1768 Joseph
569 1708 611 1750 in
636 1710 829 1765 AEgypto
852 1704 1068 1749 secundus
1089 1721 1111 1748 a
1137 1719 1232 1761 rege
1251 1705 1412 1763 positus
1432 1714 1493 1748 est
1512 1705 1780 1749 aministrarc

393 1778 705 1838 rempublicam
722 1779 754 1830 2,
781 1776 835 1820 de
858 1792 943 1836 qua
966 1774 1190 1834 republica
1213 1783 1304 1818 orat
1323 1774 1509 1833 populus
1532 1774 1604 1818 ille
1629 1776 1704 1819 Dei
1726 1775 1781 1819 li-

391 1849 610 1893 berandus
633 1868 641 1892 2
667 1849 711 1891 in
733 1848 822 1907 ipsa
845 1845 1067 1906 republica
1091 1845 1309 1902 angariam
1339 1845 1528 1904 quodam
1560 1846 1689 1890 modo
1712 1845 1780 1891 fa—

392 1922 534 1965 ciebat
558 1921 717 1979 loseph
735 1955 745 1973 ,
772 1920 883 1962 sieut
900 1917 960 1961 illi
987 1926 1067 1960 tres
1088 1917 1226 1976 pueri,
1247 1917 1356 1960 sieut
1380 1917 1544 1961 Daniel.
1572 1917 1780 1962 Manifes-

394 2003 485 2037 tum
509 2002 571 2036 est
589 2007 691 2049 ergo
714 1990 834 2050 quod
858 1997 1087 2047 usurparat
1103 1987 1185 2031 sibi
1207 1987 1261 2031 ad
1285 2003 1414 2047 opera
1438 2004 1535 2043 sua,
1556 1988 1600 2031 id
1621 1998 1699 2044 est,
1725 1989 1781 2033 ad

391 2079 520 2123 opera
546 2062 664 2119 regni
687 2061 767 2115 sui,
794 2075 883 2104 non
901 2059 956 2102 ad
977 2057 1090 2102 faeta
1107 2073 1184 2101 sua
1201 2057 1330 2112 mala,
1357 2073 1535 2115 regnum
1561 2068 1781 2103 terrenum

393 2135 507 2179 cives
530 2132 645 2190 regni
667 2130 895 2175 coelorum.
918 2129 1030 2182 Quid
1048 2139 1090 2172 et
1108 2144 1289 2187 regnum
1309 2128 1537 2184 coelorum,
1558 2130 1781 2189 quomodo

394 2214 575 2264 usurpat
587 2205 630 2247 in
642 2204 724 2247 1106
743 2201 901 2247 saeculo
917 2199 972 2245 ad
987 2209 1155 2260 tempus
1168 2201 1279 2244 cives
1296 2201 1412 2258 regni
1428 2202 1585 2244 terreni
1596 2204 1612 2242 ‘3
1628 2204 1780 2247 Nonne

394 2277 449 2321 de
466 2277 533 2320 his
560 2273 792 2334 Apostolus
822 2272 953 2327 dicit,
979 2271 1098 2331 quod
1132 2287 1221 2314 non
1243 2280 1356 2315 caste
1382 2271 1664 2329 Evangelium
1700 2288 1780 2315 an—

395 2347 682 2400 nuntiabant,
715 2344 789 2388 sed
826 2353 994 2387 terrena
1028 2340 1320 2384 desiderantes
1354 2356 1536 2398 regnum
1566 2342 1778 2386 coelorum

396 2417 717 2478 praedicabant,
744 2430 817 2458 sua
842 2413 1098 2474 (puerebant
1119 2422 1160 2457 et
1184 2412 1402 2456 Christum
1433 2412 1780 2457 annuntiabant?

446 2509 455 2526 ¹
477 2504 554 2534 Dan.
575 2512 607 2541 11,
628 2499 680 2542 .‘,9.
699 2517 738 2523 -—
764 2506 775 2522 2
796 2501 958 2538 Gen.x1,i,
978 2497 1031 2539 (10.
