1841 3223
385 226 470 268 476
826 233 859 263 S.
896 234 1126 263 ,incusum
1157 234 1340 261 Emscom

384 325 405 347 n
441 321 518 365 per
541 318 639 347 eum
665 301 899 358 ridebunt3
919 312 962 347 et
984 303 1131 347 dicent
1157 319 1165 343 ε
1193 305 1305 347 Ecce
1327 302 1460 346 homo
1483 301 1559 361 qui
1578 317 1666 346 non
1689 317 1772 362 po-

385 395 404 417 »
441 375 526 419 suit
553 377 690 418 Deum
720 372 961 433 adjutorem
990 389 1116 417 suum
1144 375 1172 417 ¹.
1202 392 1221 413 »
1255 372 1410 416 Videte
1443 387 1601 432 corpus
1638 381 1773 416 terre—-

381 462 503 491 num.
521 449 744 498 Quantum
754 445 951 500 habebis,
964 454 1110 489 tantus
1120 444 1513 488 cris.P1-overbium
1525 459 1769 499 avarorum,

381 518 619 577 rapacium,
646 517 899 560 innocentes
924 515 1281 575 opprimentium,
1306 530 1370 558 res
1393 514 1552 559 alienas
1569 514 1774 558 invaden-

381 590 513 644 tium,
558 587 863 633 commendata
892 588 1161 647 negantium.
1191 586 1324 640 Quale
1355 587 1438 630 hoc
1467 587 1774 646 proverbium?

381 666 601 715 Quantum
625 660 833 714 habebis,
861 669 1006 703 tantus
1032 660 1134 711 cris,
1174 658 1217 702 id
1253 668 1340 713 est,
1366 668 1578 719 quantum
1603 658 1774 702 babue-

380 733 435 775 ris
473 732 696 792 pecuniae,
730 740 944 791 quantum
988 730 1259 790 aequisie1*i3‚
1298 738 1420 774 tanto
1455 729 1552 789 plus
1596 723 1770 789 poteris.

385 822 405 845 «
439 806 551 847 Ecce
574 803 706 846 homo
725 802 901 861 quinon
921 801 1066 860 posuit
1089 805 1227 845 Deum
1252 800 1495 861 adjutorem
1520 816 1646 844 suum
1663 836 1672 854 ,
1700 799 1775 845 sed

382 892 402 915 n
439 874 625 933 speravit
654 874 698 917 in
732 872 1015 916 multitudine
1044 872 1293 916 divitiarum
1318 888 1509 916 suarum.
1540 891 1559 913 »
1585 875 1681 917 Non
1705 871 1774 915 di-

380 954 449 989 cat
471 960 636 1004 pauper
653 942 763 987 forte
787 942 947 996 malus,
970 947 1063 1002 Ego
1082 959 1170 988 non
1189 958 1284 987 sum
1301 942 1355 986 dc
1370 944 1452 986 hoc
1472 958 1666 1002 corpore.
1689 946 1776 986 Au-

380 1014 488 1058 divit
511 1014 626 1058 enim
653 1014 913 1073 Prophetam
943 1013 1160 1057 dicentem
1188 1033 1196 1057 :
1227 1014 1458 1071 «Spei-avit
1486 1013 1529 1056 in
1569 1013 1774 1056 multitu-

382 1105 402 1127 »
439 1086 541 1130 dine
571 1086 818 1130 divitiarum
855 1101 1031 1129 suarum
1071 1105 1078 1129 :
1109 1103 1129 1125 η
1169 1085 1380 1129 continuo
1411 1084 1445 1128 si
1484 1100 1647 1144 pauper
1685 1093 1771 1139 est,

380 1157 566 1201 attendit
595 1173 760 1216 pannos
791 1172 916 1211 suos,
943 1156 1129 1215 respexit
1148 1158 1271 1217 juxta
1301 1171 1344 1199 se
1378 1154 1489 1199 forte
1518 1154 1697 1198 divitem
1730 1156 1777 1198 in

379 1227 546 1289 populo
570 1228 646 1271 Dei
672 1228 864 1272 ornatius
885 1229 1112 1281 vestitum,
1140 1236 1181 1270 et
1204 1227 1262 1271 ait
1278 1226 1323 1270 in
1346 1225 1478 1271 corde
1493 1242 1571 1270 suo
1592 1229 1678 1270 :De
1695 1226 1775 1270 isto

381 1298 508 1352 dicit,
537 1297 752 1357 numquid
776 1298 829 1341 de
852 1299 947 1341 me?
970 1296 1067 1341 Noli
1091 1296 1193 1340 inde
1218 1306 1260 1340 te
1288 1297 1506 1356 excipere,
1539 1295 1628 1340 noli
1650 1311 1775 1355 sepa-

384 1383 495 1422 rare,
522 1368 605 1411 nisi
627 1368 785 1411 videris
814 1377 856 1411 ct
878 1367 1091 1421 timueris,
1123 1376 1172 1410 ut
1193 1376 1341 1426 postea
1364 1366 1517 1410 rideas.
1542 1369 1648 1411 Nam
1669 1365 1778 1426 quid.

380 1439 460 1482 tibi
484 1437 685 1498 prodest,
710 1438 742 1482 si
760 1454 857 1496 eges
872 1438 1079 1482 facultate
1099 1446 1141 1480 et
1166 1436 1288 1481 ardes
1307 1436 1572 1496 cupiditate?
1589 1437 1776 1490 Quando

381 1510 590 1553 Dominus
614 1519 760 1553 noster
782 1512 903 1553 Jesus
927 1509 1124 1553 Christus
1142 1508 1319 1551 abeunti
1339 1525 1361 1552 a
1382 1523 1425 1551 se
1442 1506 1505 1551 illi
1523 1507 1646 1551 diviti
1671 1523 1777 1552 con-

380 1582 548 1625 tristato
571 1580 736 1625 dixerat
762 1600 769 1625 :
796 1600 815 1622 α
839 1580 980 1635 Vade,
1006 1579 1147 1623 vende
1170 1579 1315 1623 omnia
1338 1595 1437 1640 qua:
1459 1579 1594 1623 habes
1610 1615 1620 1633 ,
1651 1589 1694 1624 et
1721 1580 1777 1624 da

382 1671 402 1693 »
438 1652 704 1712 pauperibus
722 1687 732 1706 ,
759 1661 802 1695 et
817 1651 999 1695 habebis
1021 1652 1273 1695 thesaurum
1296 1651 1339 1694 in
1363 1650 1475 1694 coelo
1493 1686 1503 1704 ,
1529 1660 1572 1695 et
1588 1651 1688 1695 voni
1710 1667 1777 1695 se-

386 1741 406 1765 »
443 1739 576 1783 quere
599 1726 693 1766 me²
709 1742 717 1767 :
733 1741 752 1763 »
783 1731 825 1765 et
848 1737 1047 1779 magnam
1065 1721 1411 1780 desperationem
1436 1720 1644 1765 divitibus
1662 1737 1776 1781 prse-

384 1795 635 1849 nuntiarat,
661 1803 710 1838 ut
733 1793 896 1837 diceret
924 1792 1090 1837 facilius
1115 1808 1240 1852 posse
1263 1792 1477 1837 camelum
1504 1794 1685 1836 transire
1701 1809 1778 1853 per

383 1865 581 1910 foramen
605 1881 722 1919 acus,
749 1880 879 1924 quam
895 1864 1074 1908 divitem
1093 1864 1252 1907 intrare
1273 1864 1318 1906 in
1340 1879 1524 1921 regnum
1544 1864 1773 1921 coelorum,

384 1953 531 1982 nonne
554 1937 764 1981 continuo
788 1935 994 1995 Discipuli
1016 1935 1277 1979 constristati
1295 1944 1397 1978 sunt
1413 1970 1423 1983 ,
1445 1934 1636 1979 dicentes
1659 1936 1777 1995 apud

382 2024 427 2052 se
448 2009 562 2067 ipsos
587 2028 594 2052 :
625 2027 643 2049 «
664 2008 874 2060 Quisnam
899 2006 1057 2065 poterit
1080 2005 1234 2049 salvari
1250 2006 1264 2031 ³
1286 2008 1303 2047 ⁶?
1329 2024 1347 2045 η
1377 2008 1493 2064 Ergo
1516 2006 1694 2065 quando
1717 2005 1777 2051 di-

382 2078 540 2123 cebant
567 2098 575 2122 :
602 2077 839 2130 «Quisnam
860 2077 1018 2136 poterit
1040 2076 1218 2130 salvari,
1237 2094 1256 2116 »
1284 2076 1437 2120 divites
1454 2092 1614 2136 paucos
1632 2087 1775 2122 atten-

383 2149 572 2202 debant,
599 2149 763 2193 latebat
784 2164 855 2192 eos
877 2157 995 2192 tanta
1027 2163 1268 2206 pauperum
1292 2146 1557 2192 multitudo?
1574 2151 1671 2193 Non
1694 2149 1776 2192 sibi

382 2229 585 2280 poterant
603 2218 746 2263 dicere
768 2238 776 2263 ε
807 2220 848 2264 Si
872 2217 1047 2262 difficile
1067 2227 1150 2272 est,
1174 2218 1536 2278 imoimpossibile
1552 2220 1776 2264 utintrent

383 2290 536 2335 divites
569 2291 614 2333 in
649 2305 829 2349 regnum
855 2288 1090 2343 coelorum,
1116 2289 1227 2332 sicut
1249 2288 1516 2348 impossibile
1546 2299 1609 2333 est
1631 2299 1682 2334 ut
1705 2290 1775 2333 in-

383 2370 468 2404 tret
490 2360 679 2404 camelus
696 2376 771 2420 per
795 2359 989 2404 foramen
1008 2375 1130 2413 aeus,
1157 2375 1306 2403 omnes
1324 2375 1534 2419 pauperes
1551 2360 1715 2404 intrent
1730 2361 1777 2404 in

382 2446 566 2489 regnum
596 2431 836 2485 coelorum,
873 2429 1027 2473 divites
1065 2429 1140 2473 soli
1177 2429 1494 2474 excludantur?
1530 2435 1643 2483 Quot
1673 2440 1776 2474 sunt

383 2502 498 2546 enim
522 2500 701 2545 divites?
715 2505 771 2546 At
783 2517 885 2546 vero
898 2515 1138 2560 pauperum
1152 2499 1283 2544 millia
1300 2501 1650 2545 innumerabilia.
1672 2504 1769 2546 Non

432 2585 593 2627 'Psal.1.1‚
609 2594 641 2625 ς).
663 2603 704 2608 --
729 2586 1086 2626 2tltntth.x1x,s›,1.—-
1109 2583 1220 2615 31bid.
1244 2584 1297 2626 24.
