1841 3223
251 229 493 257 ENARRATIO
524 232 570 258 IN
601 231 804 259 PsALMUM
835 233 1034 270 xxxvm,
1068 229 1195 259 SERM.
1230 233 1261 259 1.
1358 222 1442 260 179

69 312 86 333 «
115 296 325 338 Lazarum
339 297 351 320 ¹
372 297 390 338 P
414 313 434 335 »
452 295 611 355 Utique
638 297 714 356 qui
735 296 987 356 loqueretur
1009 306 1100 341 erat
1120 332 1129 351 ,
1155 307 1198 341 et
1220 298 1295 358 qui
1318 296 1445 341 arde-

65 373 131 408 ret
139 374 230 409 erat
248 384 256 409 :
275 374 318 409 ct
334 366 667 425 quiresurgatin
677 368 824 421 finem,
839 377 880 411 et
896 367 1079 411 cuicum
1093 366 1265 413 diabolo
1283 358 1454 413 aeterno

65 435 165 494 igne
187 436 432 480 damnetur.
459 436 576 489 Quid
606 445 670 480 est
699 452 800 494 ergo
831 440 962 482 «Non
992 454 1081 494 ero,
1096 456 1115 479 >›
1144 439 1223 482 nisi
1248 439 1447 498 respiciat

64 505 144 549 iste
160 503 365 561 idithun,
386 506 494 565 quid
511 515 575 550 est
609 522 698 550 esse
715 542 725 561 ,
757 516 801 550 et
831 522 921 551 non
958 523 1047 551 esse
1069 510 1086 551 Ξ)
1104 508 1293 553 Videbat
1332 509 1446 553 enim

6 610 9 611 ν
55 574 189 627 ,illum
208 576 339 619 finem
360 611 370 631 ,
391 592 480 636 quo
497 576 627 620 corde
642 586 835 636 poterat,
861 593 947 638 qua
969 578 1124 622 mentis
1143 579 1232 623 acie
1251 578 1446 634 valebat,

65 663 197 707 quem
239 647 320 691 sibi
356 647 525 692 ostendi
562 647 879 692 desideraverat
920 648 1066 693 dicens
1094 665 1102 690 :
1137 669 1156 691 «
1181 653 1344 694 Notum
1380 651 1450 696 fac

70 736 90 758 »
116 717 250 773 mihi,
274 718 483 773 Domine,
508 718 639 761 finem
657 734 818 762 meum.
842 737 863 760 υ
887 719 1075 763 Videbat
1103 735 1333 764 numerum
1358 720 1452 764 die-

64 803 161 835 rum
182 803 361 831 suorum
383 786 459 848 qui
480 797 568 831 est:
594 788 848 834 attendebat
865 788 978 834 infra
1001 790 1147 834 omnia
1160 806 1260 850 quae
1277 801 1380 835 sunt
1402 791 1448 835 in

68 857 390 917 comparatione
404 856 520 902 illius
533 873 622 902 esse
640 894 650 914 ‚
671 868 713 903 et
734 874 824 904 non
846 875 936 904 esse
953 895 964 915 ,
985 869 1028 903 et
1052 875 1096 904 se
1113 876 1203 904 non
1220 876 1309 905 esse
1332 859 1454 906 dice-

69 928 160 973 bat.
178 927 259 973 Illa
281 929 398 973 enim
413 939 670 988 permanent
695 945 705 971 τ
731 930 808 975 ista
830 930 1058 976 mutabilia
1075 941 1201 988 sunt,
1227 931 1425 978 mortalia
1439 969 1452 990 ,

69 998 269 1059 fragilia—2
288 1009 331 1044 et
362 999 488 1045 dolor
512 1000 602 1060 ipse
625 1011 813 1046 aeternus
832 1037 843 1058 ‚
873 1001 1029 1062 plenus
1055 1003 1365 1063 corruptionis,
1400 1003 1457 1049 ad

69 1070 152 1114 hoe
168 1085 260 1114 non
277 1070 443 1126 finitur,
468 1080 519 1115 ut
534 1071 625 1115 sine
648 1071 733 1115 fine
743 1072 933 1116 finiatur.
950 1074 1155 1132 Respexit
1168 1089 1269 1133 ergo
1283 1073 1457 1119 beatam

70 1140 190 1186 illam
213 1142 434 1201 regionem
451 1178 462 1198 ,
487 1141 660 1187 beatam
685 1144 868 1203 patriam
887 1180 898 1199 ‚
938 1145 1112 1188 beatam
1144 1144 1324 1189 domum
1339 1181 1349 1201 ,
1380 1145 1456 1190 ubi

70 1212 300 1272 participes
321 1222 423 1257 sunt
441 1213 576 1258 sancti
591 1213 692 1258 vitae
721 1215 994 1274 sempiternae
1016 1224 1147 1275 atque
1169 1216 1462 1260 incommuta-

72 1281 170 1326 bilis
183 1282 373 1328 veritatis
399 1302 407 1328 :
429 1292 473 1327 et
492 1283 642 1328 timuit
659 1293 776 1328 extra
798 1285 883 1340 ire,
908 1285 983 1329 ubi
1010 1301 1099 1330 non
1139 1296 1201 1331 est
1238 1302 1354 1345 esse3
1399 1286 1460 1330 ibi

73 1351 321 1398 desiderans
338 1369 452 1410 esse,
473 1353 550 1399 ubi
576 1363 639 1399 est
656 1371 876 1400 summum
895 1371 998 1400 esse.
1026 1360 1208 1416 Propter
1225 1357 1339 1402 hanc
1357 1353 1460 1416 ergo
1500 1379 1503 1382 ·

74 1424 445 1484 comparationem
483 1425 596 1470 inter
630 1435 868 1488 utrumque
901 1428 1162 1472 constitutus
1178 1463 1188 1483 ‚
1229 1427 1374 1473 adhuc
1405 1428 1462 1472 ti-

74 1510 195 1539 mens
217 1495 345 1541 dicit:
366 1514 386 1538 «
410 1496 600 1541 Remitte
612 1497 741 1553 mihi,
767 1508 816 1542 ut
834 1498 1185 1559 refrigererprius
1198 1515 1330 1560 quam
1348 1515 1459 1556 eam,

79 1587 98 1608 »
124 1575 168 1611 et
189 1566 373 1627 amplius
390 1568 480 1628 jam
502 1584 593 1613 non
617 1584 706 1614 ero.
737 1590 755 1612 »
793 1571 836 1615 Si
872 1570 989 1614 enim
1011 1571 1118 1615 mihi
1139 1587 1230 1616 non
1250 1572 1464 1616 remiseris

4 1691 9 1695 μ
76 1647 250 1698 peccata
268 1673 280 1695 ‚
304 1638 378 1683 ibo
391 1639 437 1683 in
449 1648 664 1685 aeternum
686 1642 762 1685 abs
785 1650 842 1685 te.
859 1644 917 1686 Et
935 1658 958 1686 a
975 1658 1064 1703 quo
1077 1643 1151 1688 ibo
1164 1644 1209 1686 in
1227 1644 1465 1687 aeternum?

77 1708 146 1753 Ab
167 1707 243 1752 illo
259 1708 336 1769 qui
352 1707 486 1754 dixit:
508 1713 636 1769 «Ego
656 1726 752 1755 sum
766 1712 842 1771 qui
865 1727 961 1756 sum
987 1732 996 1756 ;
1026 1731 1044 1753 »
1067 1713 1121 1757 ab
1144 1713 1220 1755 illo
1232 1714 1308 1771 qui
1327 1712 1460 1756 dixit:

81 1798 102 1822 «
127 1779 205 1824 Dic
223 1779 322 1825 filiis
340 1779 471 1825 Israel
497 1797 506 1821 ε
533 1782 618 1832 Qui
634 1791 698 1823 est
714 1783 827 1824 misit
847 1795 916 1824 me
939 1780 995 1824 ad
1015 1797 1091 1825 vos
1109 1785 1141 1825 2.
1165 1799 1186 1822 >›
1210 1782 1280 1826 Ab
1299 1798 1350 1828 6ο
1365 1798 1466 1841 ergo

78 1849 154 1908 qui
171 1863 271 1893 vere
293 1857 357 1892 est
374 1848 509 1907 quiin
530 1850 795 1893 contrarium
815 1849 955 1909 pergit
971 1885 982 1905 ‚
1010 1850 1066 1895 ad
1084 1867 1174 1895 non
1200 1867 1289 1896 esse
1306 1853 1462 1912 pergit.

140 1921 307 1964 XXIII.
346 1922 528 1979 Itaque,
559 1918 713 1964 fratres
742 1921 850 1976 mei,
884 1921 962 1965 etsi
996 1938 1203 1966 onerosus
1228 1922 1293 1966 fui
1325 1923 1466 1969 labori

82 1989 272 2049 corporis
292 1989 422 2034 vestri
435 2024 448 2045 ‚
471 1989 582 2034 ferte
596 2010 607 2048 3
622 1989 725 2050 quia
747 1999 790 2034 et
809 2005 887 2048 ego
904 1991 1097 2037 laboravi
1124 2012 1133 2037 :
1152 2002 1195 2037 et
1215 2009 1316 2037 vere
1337 1992 1435 2039 dico
1451 2029 1463 2050 ,

81 2060 183 2120 quia
200 2060 330 2104 istum
343 2058 539 2104 laborem
559 2075 635 2105 vos
652 2060 776 2105 vobis
798 2059 951 2106 facitis.
970 2062 1013 2108 Si
1029 2062 1145 2106 enim
1169 2063 1376 2109 sentirem
1390 2080 1467 2110 vos

82 2128 272 2175 fastidire
294 2128 415 2190 quod
428 2128 602 2186 dieitur,
629 2130 715 2175 cito
730 2139 932 2176 tacerem.

132 2233 141 2250 ¹
164 2228 241 2260 Luc.
255 2236 322 2267 xw,
343 2224 399 2268 24.
417 2240 457 2249 --
484 2233 497 2249 2
517 2226 617 2259 Exod.
634 2238 680 2266 ιιι,
703 2225 757 2268 14.
