1841 3223
385 281 628 311 ENARRAno
660 284 707 310 ΙΝ
738 281 941 311 PsALMUM
973 284 1094 311 xmx.
1363 271 1447 312 423

60 349 104 393 in
128 363 238 393 eam.
255 348 430 408 Indiges
444 363 494 392 eo
513 349 633 408 quod
650 358 795 393 tecum
813 358 876 393 est
891 384 901 403 ,
922 364 1011 393 non
1031 348 1198 408 indiget
1214 351 1330 394 Deus
1348 349 1450 408 agro

59 418 136 478 qui
156 433 256 462 cum
276 418 352 463 illo
374 427 452 462 est.
479 421 591 463 Cum
613 417 689 463 illo
713 435 840 478 ager,
867 435 968 463 cum
998 418 1074 464 illo
1107 420 1268 479 species
1296 429 1448 477 terrae,

60 503 161 533 cum
182 488 258 533 illo
275 489 436 548 specics
459 487 581 542 coeli,
617 503 717 532 cum
739 487 814 532 illo
837 489 981 533 onmia
1002 489 1193 534 volatilia
1210 525 1220 544 ‚
1244 490 1344 550 quia
1360 491 1453 551 ipse

58 558 238 618 ubique.
265 559 322 602 Et
342 558 478 618 (snare
506 557 624 617 apud
648 558 790 617 ipsum
813 558 988 619 omnia?
1011 559 1121 613 Quia
1149 569 1192 603 et
1215 569 1450 621 antequam

58 637 200 672 essent
221 627 365 672 omnia
384 663 395 682 ,
421 637 497 671 aut
518 636 793 683 crearentur,
821 628 858 671 ei
873 637 975 672 nota
1000 639 1123 673 erant
1140 630 1300 674 omnia.

115 701 239 743 XIX.
266 699 367 752 Quis
385 698 571 759 explicat
587 734 597 754 ,
625 699 721 759 quis
750 699 927 758 exponit
948 699 1059 744 illud
1081 699 1202 760 quod
1232 701 1272 744 ei
1294 701 1454 746 dicitur

57 769 102 813 in
116 768 202 814 alio
220 769 391 814 Psalmo
408 789 416 814 ε
438 789 457 812 «
475 771 689 823 Quoniam
705 769 920 814 bonorum
941 785 1138 814 meorum
1156 787 1245 815 non
1263 787 1360 831 eges
1372 774 1384 798 ¹
1397 775 1415 817 ⁴?
1428 790 1448 813 n

56 841 155 884 Non
176 855 221 883 se
238 855 364 898 egere
386 856 409 884 a
427 840 551 885 nobis
571 840 717 900 aliquo
736 841 976 885 necessario
995 841 1117 886 dixit.
1143 860 1162 883 «
1187 842 1229 886 Si
1243 842 1449 903 esuriero,

61 928 79 950 η
106 925 196 953 non
232 909 374 954 dicam
407 910 532 954 tibi2.
567 928 588 951 η
628 914 725 956 Non
751 911 931 967 esuriet,
963 927 1108 972 neque
1133 912 1271 967 sitiet,
1309 927 1453 975 neque

55 979 298 1035 laborabit,
338 996 481 1040 neque.
517 980 763 1025 obdormiet
797 982 873 1042 qui
908 982 1099 1027 custodit
1138 981 1269 1027 Israe'l
1289 984 1321 1029 ³.
1367 983 1454 1028 Sed

56 1065 156 1095 ecce
177 1050 419 1094 secundum
441 1050 742 1095 carnalitatem
764 1061 882 1095 tuam
908 1051 1065 1112 loquor
1103 1072 1113 1098 ε
1138 1054 1240 1114 quia
1272 1062 1322 1097 tu
1350 1069 1453 1098 curn

55 1136 145 1165 non
165 1120 494 1166 manducaveris
509 1157 520 1176 ,
546 1120 707 1165 famem
729 1122 902 1181 patieris
919 1158 929 1177 ,
955 1122 1067 1167 forte
1088 1133 1215 1182 putas
1245 1133 1288 1168 et
1310 1127 1452 1168 Deum

55 1191 216 1235 esurire
238 1200 289 1236 ut
309 1190 558 1236 manducet.
576 1191 668 1235 Etsi
686 1192 905 1247 esurierit,
932 1208 1020 1237 non
1044 1193 1124 1237 tibi
1146 1191 1253 1238 dicit
1275 1213 1283 1238 ι
1306 1194 1451 1238 omnia

55 1270 155 1305 ante
176 1260 300 1305 illum
323 1271 451 1316 sunt,
483 1261 602 1305 unde
632 1260 728 1305 vult
761 1261 876 1306 tollit
908 1262 1028 1323 quod
1061 1262 1121 1307 illi
1156 1264 1447 1308 necessarium

54 1341 132 1375 est.
158 1331 282 1377 Dicta
304 1341 406 1376 sunt
426 1333 521 1377 haec
546 1331 601 1376 ad
616 1332 969 1377 convincendum
992 1333 1225 1394 parvulum
1248 1350 1444 1390 sensum,

54 1416 144 1446 non
172 1402 275 1462 quia
303 1400 518 1462 professus
553 1411 616 1447 est
643 1405 756 1446 Deus
790 1404 973 1447 esuriem
1009 1420 1145 1449 suam.
1185 1408 1446 1466 Quanquam

53 1482 232 1532 propter
253 1489 331 1517 nos
354 1476 468 1517 Deus
491 1472 564 1516 ille
582 1473 766 1518 deorum
789 1483 831 1517 et
853 1475 1015 1518 esurire
1038 1475 1243 1533 dignatus
1264 1485 1342 1520 est.
1364 1479 1446 1520 Vc-

52 1543 119 1587 nit
140 1543 302 1587 esurire
324 1552 367 1587 ct
388 1544 604 1603 saginare,
628 1544 749 1587 venit
776 1544 893 1588 sitire
921 1554 963 1588 et
984 1554 1139 1603 potum
1163 1545 1265 1590 dare
1283 1582 1293 1601 ,
1326 1547 1450 1591 venit

51 1613 198 1657 vestiri
233 1613 496 1658 mortalitate
518 1623 562 1658 et
582 1614 740 1658 vertire
762 1615 1108 1672 immortalitate,
1137 1617 1257 1661 venit
1279 1632 1446 1677 pauper

53 1683 205 1727 divites
231 1682 441 1728 facturus.
469 1684 642 1729 Etenim
666 1700 754 1728 non
782 1685 971 1743 perdidit
997 1686 1165 1731 divitias
1187 1703 1284 1731 suas
1323 1704 1445 1732 assu-

51 1752 213 1798 mendo
234 1763 537 1813 paupertatem
560 1763 752 1798 nostram
765 1790 775 1809 ,
793 1756 893 1815 quia
906 1756 951 1799 in
965 1756 1039 1800 illo
1058 1766 1161 1801 sunt
1177 1773 1326 1801 omnes
1342 1759 1443 1802 the-

53 1823 168 1868 sauri
184 1824 405 1883 sapientiae
427 1832 470 1867 et
487 1823 675 1868 scientiae
697 1824 980 1868 absconditi&
1011 1845 1031 1868 «
1056 1827 1098 1870 Si
1118 1827 1328 1882 esuriero,
1354 1844 1444 1872 non

53 1911 75 1935 »
100 1892 243 1938 dicam
256 1894 352 1938 tibi.
369 1897 493 1938 Meus
507 1903 570 1938 est
587 1894 703 1937 enim
717 1894 833 1939 orbis
851 1903 976 1938 terrae
994 1905 1037 1940 et
1049 1896 1278 1956 plenitudo
1293 1899 1397 1958 ejus.
1418 1918 1437 1940 »

50 1962 150 2009 Noli
167 1979 270 2024 ergo
286 1964 486 2009 laborare
504 1964 612 2026 quid
627 1965 735 2009 mihi
752 1966 827 2009 des
844 2000 854 2020 ,
876 1966 967 2009 sine
988 1965 1139 2011 labore
1161 1967 1304 2013 habeo
1322 1969 1442 2030 quod

51 2033 166 2079 volo.

108 2107 208 2149 XX.
229 2104 346 2158 Quid
366 2119 468 2163 ergo
492 2105 546 2149 de
569 2106 767 2164 gregibus
789 2106 874 2151 tuis
897 2107 1040 2152 adhuc
1058 2109 1245 2167 cogitas?
1266 2128 1286 2151 «
1304 2112 1443 2155 Num-

52 2193 73 2217 »
98 2175 205 2235 quid
226 2175 502 2220 manducabo
519 2191 665 2220 carnes
689 2186 913 2222 taurorum
929 2214 940 2234 ,
967 2188 1042 2223 aut
1060 2180 1315 2238 sanguinem
1342 2181 1436 2225 hir-

52 2262 73 2286 »
93 2260 245 2289 corum
266 2245 486 2304 potabo⁵P
504 2265 524 2287 »
551 2246 742 2291 Audistis
770 2247 878 2308 quid
908 2265 931 2293 a
967 2249 1093 2293 nobis
1126 2265 1215 2294 non
1238 2260 1434 2311 quaerat,

48 2316 125 2375 qui
149 2316 294 2360 nescio
315 2316 424 2376 quid
446 2317 570 2361 nobis
592 2317 688 2361 vult
708 2318 915 2363 indicere.
944 2319 985 2364 Si
1009 2319 1064 2363 de
1090 2320 1249 2365 talibus
1279 2322 1439 2380 cogita-

49 2385 185 2440 batis,
208 2391 298 2442 J'am
327 2386 494 2431 auferte
526 2388 810 2447 cogitationes
846 2400 1007 2434 vestras
1031 2407 1053 2435 a
1079 2389 1238 2435 talibus
1270 2393 1398 2437 rebus
1425 2413 1433 2438 ε

48 2455 156 2499 nihil
171 2456 256 2500 tale
277 2459 366 2501 Deo
386 2457 544 2502 offerre
566 2459 778 2518 cogitetis.
809 2460 851 2504 Si
868 2461 1002 2504 habes
1019 2470 1194 2505 taurum
1208 2462 1432 2522 pinguem,

97 2558 105 2573 ¹
126 2551 208 2584 Psal.
227 2563 282 2593 xv,
301 2561 332 2585 2.
353 2570 395 2576 —-
416 2561 428 2576 ²
459 2555 507 2586 Id.
526 2566 617 2595 xmx,
650 2565 702 2588 19..
723 2574 764 2579 —
785 2554 862 2588 ³1d.
887 2567 968 2599 cxx,
989 2556 1020 2598 4.
1046 2575 1077 2580 -
1107 2557 1258 2592 4001055.
1278 2571 1322 2601 ιι,
1342 2561 1372 2593 3.
1397 2577 1436 2585 -

51 2604 65 2628 5
83 2606 164 2638 Psal.
180 2618 265 2648 uix,
287 2608 339 2640 13.
923 2604 929 2609 ⁵
