1841 3223
386 255 629 287 munaum
661 259 706 286 m
738 254 942 286 PSALMUM
973 258 1092 286 xmv.
1360 247 1444 287 313

60 332 199 370 mater
225 332 268 369 et
290 323 368 368 filii
389 323 518 369 simul
535 333 679 381 ,totum
701 323 756 369 ad
777 323 997 370 Christum
1018 323 1258 386 pertinens,
1290 323 1342 369 ad
1374 340 1462 370 ca·

60 403 143 456 put
165 396 401 454 pertinens.

118 467 284 510 XXIX.
322 465 406 510 Sed
427 465 530 526 quia
550 466 664 510 fiunt
683 465 762 510 ista
781 481 910 526 opera
924 475 967 511 et
983 466 1074 512 istae
1092 467 1377 527 eleemosynae
1391 466 1447 513 ad

54 536 308 597 jactantiam
331 536 558 580 hominum
575 571 586 592 ,
610 535 711 580 inde
739 536 844 581 dicit
866 537 956 596 ipse
978 538 1187 582 Dominus
1214 557 1223 583 ε
1252 541 1447 584 «Cavete

63 624 84 648 >›
120 605 261 652 facere
275 607 487 667 justitiam
503 616 690 652 vestram
713 623 859 653 coram
880 608 1130 652 hominibus
1149 618 1198 653 ut
1213 608 1447 654 videamini

63 694 84 719 ³)
120 677 175 722 ab
198 677 303 722 eis¹a
323 696 342 719 n
361 677 592 732 Quomodo
616 687 761 722 autem
777 688 819 723 et
836 677 1009 738 publice
1031 678 1194 723 debent
1211 680 1449 741 fieriprop-

61 755 128 793 ter
158 747 327 793 vultum
353 764 548 809 sponsae,
574 749 635 793 ait
668 769 677 794 :
714 768 733 791 «
751 752 946 793 Luceant
973 764 1103 809 opera
1130 759 1270 794 vestra
1301 765 1447 795 coram

63 836 85 861 »
119 819 369 863 hominibus
386 855 396 875 ‚
422 828 473 864 ut
493 819 670 864 videant
690 819 805 864 bona
826 819 939 864 facta
962 829 1123 869 vestra„
1144 829 1187 864 et
1208 820 1449 879 glorificent

63 907 86 932 »
122 893 293 935 Patrem
314 900 504 936 vestrum
530 891 606 952 qui
634 892 679 935 in
711 891 830 936 coelis
865 893 952 937 est²
980 912 988 937 ε
1016 911 1036 933 n
1074 908 1163 937 non
1196 901 1245 936 ut
1268 892 1449 952 gloriam

62 970 247 1006 vestram
274 962 477 1022 quaeratis
504 962 549 1006 in
571 962 773 1022 operibus
801 963 926 1007 bonis
947 979 1046 1023 quae
1068 963 1245 1023 publice
1274 962 1412 1008 facitis
1434 999 1445 1018 ,

61 1032 138 1077 sed
151 1041 202 1076 ut
223 1031 403 1091 gloriam
421 1033 513 1076 Dei.
533 1035 590 1077 Et
611 1033 708 1089 quis
730 1034 879 1088 novit,
903 1034 1048 1095 inquit
1063 1070 1073 1089 ‚
1100 1044 1247 1078 utrum
1268 1034 1449 1094 gloriam

61 1103 139 1148 Dei
157 1119 328 1164 quaero,
355 1119 410 1148 an
433 1103 608 1163 gloriam
637 1107 808 1149 meam?
831 1105 941 1158 Quia
958 1106 1015 1149 do
1034 1106 1238 1166 pauperi,
1262 1105 1412 1150 videor
1437 1125 1445 1151 :

62 1189 150 1235 quo
169 1174 312 1219 animo
336 1174 435 1218 dem
455 1210 466 1230 ,
492 1175 587 1235 quis
605 1174 751 1220 videt?
777 1176 972 1220 Sufficiat
993 1175 1072 1219 tibi
1100 1176 1175 1237 qui
1205 1176 1351 1232 videt,
1377 1175 1450 1220 ille

60 1244 180 1289 videt
216 1244 292 1305 qui
328 1245 552 1289 retribuet.
587 1247 710 1289 Intus
736 1255 852 1290 amat
879 1247 954 1307 qui
990 1247 1108 1291 intus
1141 1247 1260 1291 videt
1293 1266 1302 1291 ι
1335 1247 1451 1290 intus

62 1325 193 1371 amat,
213 1315 330 1360 intus
352 1325 537 1371 ametur,
556 1316 632 1376 qui
650 1316 897 1360 interiorem
922 1315 1082 1361 facitet
1102 1318 1239 1377 ipsam
1261 1316 1452 1377 pulchri-

61 1386 275 1432 tudinem.
292 1387 390 1434 Noli
413 1389 534 1448 quasi
555 1388 692 1433 oculis
707 1389 990 1433 exterioribus
1005 1387 1232 1444 delectari,
1258 1389 1361 1449 quia
1381 1388 1450 1433 vi-

61 1458 196 1514 deris,
221 1468 262 1503 et
278 1459 379 1519 quia
400 1458 590 1503 laudaris
605 1495 615 1515 ,
641 1459 817 1504 attende
833 1460 941 1520 quid
960 1460 1031 1504 hic
1050 1469 1255 1520 sequatur
1283 1479 1291 1505 :
1321 1460 1452 1503 «Om-

64 1546 86 1570 »
120 1529 185 1573 nis
203 1528 337 1587 gloria
355 1530 446 1590 ejus
461 1528 562 1573 filiae
581 1530 688 1588 regis
703 1530 960 1574 intrinsecus
975 1532 1007 1575 3.
1026 1549 1044 1571 »
1067 1530 1343 1574 Extrinsecus
1362 1544 1452 1573 non

61 1598 203 1644 solum
219 1599 346 1652 vestis
369 1609 432 1644 est
453 1615 582 1644 aurea
602 1610 646 1644 et
666 1601 781 1645 varia
796 1636 806 1656 ,
829 1599 904 1644 sed
926 1601 1042 1644 intus
1059 1599 1288 1657 pulchram
1310 1600 1448 1655 novit,

61 1669 138 1730 qui
154 1670 341 1728 speciem
364 1671 454 1729 ejus
477 1671 651 1715 amavit.
679 1673 785 1724 Quae
809 1680 911 1713 sunt
933 1670 1137 1713 interiora
1155 1669 1452 1729 pulchritudi-

61 1740 153 1783 nis?
175 1739 477 1784 Conscientiae.
506 1741 574 1782 Ibi
604 1740 720 1782 videt
742 1738 962 1793 Christus,
990 1738 1050 1782 ibi
1082 1749 1197 1783 amat
1226 1740 1449 1796 Christus,

61 1809 124 1853 ibi
155 1807 394 1870 alloquitur
420 1808 644 1864 Christus,
679 1808 740 1852 ibi
772 1808 899 1868 punit
928 1809 1150 1866 Christus,
1181 1810 1244 1854 ibi
1273 1819 1454 1855 coronat

62 1879 273 1925 Christus.
298 1879 361 1924 Sit
382 1894 484 1938 ergo
508 1878 781 1937 eleemosyna
801 1888 874 1923 tua
897 1879 942 1923 in
965 1879 1138 1925 occulto
1163 1900 1172 1926 :
1193 1881 1294 1941 quia
1321 1882 1454 1925 «Om-

66 1968 86 1992 »
120 1949 186 1993 nis
207 1948 341 2008 gloria
357 1950 448 2010 ejus
465 1948 565 1992 filiae
587 1949 696 2008 regis
718 1949 976 1994 intrinsecus
997 1969 1006 1995 ε
1029 1953 1080 1994 In
1099 1950 1278 1995 fimbriis
1294 1952 1449 2007 aureis,

65 2037 87 2062 »
121 2019 443 2065 circumamicta
463 2020 671 2064 varietate
687 2021 718 2063 4.
738 2038 758 2060 »
787 2019 1074 2066 Pulchritudo
1093 2021 1351 2066 intrinsecus
1378 2022 1454 2067 :in

62 2089 244 2134 fimbriis
262 2099 407 2133 autem
425 2090 564 2134 aureis
578 2090 762 2135 varietas
776 2089 1026 2149 linguarum
1043 2126 1053 2146 ‚
1074 2091 1283 2136 doctrinae
1301 2091 1450 2137 decus.

64 2162 148 2204 Ista
172 2158 281 2221 quid
302 2169 502 2220 prosunt,
527 2160 560 2205 si
583 2176 673 2205 non
694 2161 748 2205 sit
768 2160 1051 2220 pulchritudo
1075 2161 1149 2207 illa
1170 2163 1454 2207 intrinsecus?

120 2233 264 2275 XXX.
303 2250 323 2274 «
340 2231 592 2276 Afferentur
611 2231 701 2290 regi
717 2232 901 2290 virgines
924 2241 1021 2292 post
1044 2248 1154 2277 eam.
1181 2254 1198 2275 »
1226 2236 1337 2277 Vere
1360 2233 1452 2278 fac-

64 2311 159 2347 tum
192 2310 270 2346 est.
300 2301 496 2346 Credidit
520 2302 711 2346 Ecclesia
727 2337 737 2357 ‚
765 2302 877 2347 facta
901 2312 965 2347 est
993 2302 1182 2347 Ecclesia
1206 2319 1284 2364 per
1305 2319 1454 2348 omnes

65 2382 228 2432 gentes.
262 2371 396 2417 Modo
418 2373 789 2432 quemadmodum
812 2374 1127 2433 concupiscunt
1147 2374 1336 2434 virgines
1358 2375 1454 2435 pla-

64 2457 160 2487 cere
191 2441 254 2486 illi
286 2443 404 2501 regi?
427 2443 552 2487 Unde
573 2443 840 2487 incitantur?
868 2444 975 2496 Quia
1000 2445 1215 2503 praecessit
1236 2444 1453 2490 Ecclesia?

69 2530 91 2554 «
123 2512 373 2556 Afferentur
395 2513 487 2572 regi
507 2513 693 2572 virgines
710 2523 809 2574 post
830 2530 926 2558 <sam
958 2533 966 2558 :
998 2514 1206 2574 proximae
1227 2516 1319 2575 ejus
1342 2516 1452 2560 affe-

116 2602 124 2618 ¹
144 2596 256 2628 matth.
277 2608 326 2639 vr,
347 2608 374 2630 1.
396 2614 437 2622 —-
463 2604 476 2620 ’
493 2598 538 2630 Id.
566 2609 599 2639 V,
623 2598 672 2630 16.
695 2616 735 2621 —-
753 2596 764 2621 3
782 2597 859 2631 Psal.
896 2608 983 2639 xuv,
1007 2598 1056 2630 15.
1074 2616 1114 2622 -
1129 2587 1144 2618 4
1169 2598 1250 2632 Ibid.
