1841 3223
396 174 475 210 132
826 182 860 209 s.
897 183 1127 208 Auubsnml
1161 183 1339 208 uriscori

387 262 500 306 gere.
526 246 671 290 'l'alem
695 245 862 289 invenit
882 245 1093 290 Dominus
1115 244 1340 289 mulierem
1354 246 1594 305 perdecem
1616 256 1774 292 010010

387 333 522 363 annos
546 332 723 361 curvam
745 331 753 356 :
780 331 870 361 non
887 331 931 360 se
949 325 1119 376 poterat
1139 317 1340 375 erigere&
1370 316 1491 361 Tales
1514 326 1615 362 sunt
1637 318 1775 378 quiin

387 398 500 434 terra
521 403 596 432 cor
619 387 795 431 habent.
820 390 878 431 At
898 402 1023 443 vero,
1048 387 1154 447 quia
1174 388 1339 431 invenit
1360 387 1515 431 mulier
1538 387 1611 431 illa
1633 389 1776 432 Domi-

388 474 521 513 num,
557 467 600 501 et
630 456 797 501 sanavit
823 472 915 501 eam
935 493 945 513 ,
980 457 1128 502 audiat
1154 473 1325 502 sursum
1358 474 1446 503 cor.
1486 461 1537 502 In
1559 468 1776 519 quantum

387 540 532 574 tamen
555 537 775 583 curvatur,
801 527 945 573 adhuc
964 529 1112 587 gemit.
1139 530 1358 573 Curvatur
1380 529 1495 573 0111111
1518 528 1591 573 ille
1608 529 1685 589 qui
1705 527 1774 573 di-

387 601 471 644 cit:
502 619 522 641 «
544 600 712 659 Corpus
730 598 846 643 enim
864 598 984 659 quod
1007 599 1316 658 corrumpitur,
1340 608 1545 658 aggravat
1566 601 1771 655 animam,

387 689 408 712 »
444 680 488 715 et
516 669 722 730 deprimit
751 678 921 713 terrena
942 669 1201 713 inhabitatio
1224 684 1398 713 sensum
1419 669 1558 714 multa
1581 670 1776 727 cogitan-

387 760 408 784 »
444 744 578 786 tem‘2.
609 760 627 783 »
657 743 709 785 In
725 740 791 785 his
812 749 970 798 gemat,
986 748 1037 783 111
1051 738 1161 783 illud
1179 739 1382 799 accipiat3
1407 740 1661 784 recordetur
1680 741 1777 785 sab-

384 813 537 857 batum
554 847 564 867 ,
589 820 640 856 ut
661 810 715 855 ad
745 811 976 855 sabbatum
999 809 1223 869 pervenire
1246 819 1476 854 mereatur.
1501 810 1631 864 Quod
1658 812 1775 855 enim

384 883 607 929 celebrant
629 880 771 926 Judaei
788 916 799 937 ,
827 881 1001 940 signum
1021 889 1134 924 erat.
1162 880 1296 940 Cujus
1321 880 1382 924 rei
1406 881 1607 940 signum?
1635 883 1774 935 Quam

384 956 462 1000 iste
478 953 747 1008 recordatur,
773 952 850 1013 qui
868 951 973 997 dicit
995 968 1003 993 :
1030 971 1050 994 (t
1070 952 1251 996 Miseriis
1274 953 1459 996 afflictus
1479 968 1591 1008 sum,
1612 962 1655 997 et
1677 969 1777 998 cur-

387 1043 407 1068 »
442 1035 567 1070 vatus
598 1039 694 1069 sum
728 1038 869 1083 usque
900 1023 944 1067 in
979 1023 1126 1066 finem.
1160 1040 1179 1063 »
1218 1021 1333 1075 Quid
1363 1031 1459 1066 est:
1499 1042 1519 1065 «
1556 1026 1701 1083 Usque
1730 1024 1777 1067 in

387 1115 407 1137 >›
442 1097 591 1140 finem.
614 1112 632 1136 »
661 1096 807 1153 Usque
828 1093 874 1136 in
896 1102 1097 1137 mortem.
1123 1111 1143 1134 «
1161 1094 1268 1137 Tota
1289 1091 1359 1135 die
1381 1093 1662 1137 contristatus
1684 1109 1777 1137 atn-

388 1186 409 1209 »
444 1165 668 1211 bulabam.
707 1168 815 1210 Tota
847 1163 943 1221 die,
975 1183 995 1206 »
1028 1165 1120 1208 sine
1150 1164 1480 1208 intermissione.
1519 1168 1613 1210 Hoc
1643 1164 1772 1222 dicit,

387 1258 408 1281 «
446 1241 553 1282 Tota
572 1237 665 1293 die,
695 1255 714 1279 »
736 1246 828 1281 tota
850 1237 951 1280 vita.
977 1235 1061 1280 Sed
1074 1252 1125 1279 ex
1139 1251 1227 1295 quo
1249 1236 1482 1294 cognovit?
1503 1239 1567 1280 Ex
1580 1252 1668 1297 quo
1685 1237 1776 1281 sab-

383 1309 539 1354 batum
571 1307 787 1353 recordari
825 1307 974 1366 coepit.
1002 1306 1208 1359 Quamliu
1234 1307 1351 1349 enim
1383 1307 1635 1351 recordatur
1656 1307 1778 1368 quod

385 1379 586 1425 nondum
613 1378 771 1433 habet,
801 1393 890 1422 non
911 1376 974 1421 vis
1007 1386 1057 1420 ut
1078 1376 1357 1421 contristatus
1385 1376 1585 1422 incedat?
1617 1397 1637 1420 «
1669 1380 1777 1423 Tota

388 1470 409 1493 »
445 1451 515 1495 die
538 1449 816 1494 contristatus
834 1447 1129 1491 ambulabam.
1157 1465 1177 1488 >›

443 1523 524 1564 XI.
550 1519 768 1573 Quoniam
794 1519 935 1562 anima
958 1532 1053 1561 mea
1076 1517 1293 1576 completa
1321 1527 1385 1561 est
1407 1518 1702 1574 illusionibus,
1733 1528 1778 1564 et
1840 1526 1841 1529 ’

386 1610 407 1633 »
442 1606 534 1635 non
555 1599 618 1635 est
635 1590 792 1634 sanitas
814 1589 858 1632 in
876 1604 1005 1632 carne
1028 1603 1123 1632 mea
1139 1590 1171 1631 3.
1196 1607 1216 1628 »
1245 1588 1328 1632 Ubi
1350 1604 1450 1646 ergo
1474 1599 1537 1634 est
1559 1598 1676 1635 totus
1695 1590 1777 1635 ho-

385 1677 458 1706 mo
475 1696 485 1716 ,
508 1661 649 1704 anima
671 1669 715 1704 ct
736 1675 835 1704 caro
854 1667 932 1703 est.
964 1658 1122 1702 Anima
1144 1658 1360 1717 completa
1384 1668 1447 1703 051
1469 1659 1742 1705 illusionibus
1761 1696 1773 1717 ,

385 1748 484 1778 caro
507 1731 735 1775 sanitatem
756 1745 846 1774 non
864 1729 995 1773 habet
1015 1748 1024 1774 2
1050 1728 1158 1789 quid
1173 1737 1367 1772 remanet
1385 1729 1502 1773 unde
1524 1730 1578 1774 sit
1598 1730 1777 1775 laetitia?

384 1806 540 1849 Nonne
574 1810 747 1862 oportet
777 1809 827 1844 ut
864 1800 1171 1844 contristetur?
1209 1818 1229 1839 «
1257 1801 1364 1843 Tota
1394 1799 1465 1842 die
1499 1801 1776 1846 contristatus

386 1893 407 1916 >›
444 1871 742 1917 ambulabam.
761 1887 782 1912 1)
805 1867 994 1914 Tristitia
1012 1868 1137 1912 nobis
1155 1868 1223 1923 sit,
1246 1868 1386 1912 donec
1409 1877 1453 1912 01
1469 1870 1612 1914 anima
1629 1881 1775 1916 nostra

384 1954 567 1990 exuatur
589 1942 879 1996 illusionibus,
900 1950 943 1984 01
959 1955 1115 2000 corpus
1134 1949 1331 1984 nostrum
1351 1939 1561 1984 induatur
1574 1942 1771 1987 sanitate.

385 2015 466 2061 Illa
487 2024 552 2059 est
568 2014 684 2058 enim
706 2028 805 2057 vera
828 2011 1007 2065 sanitas,
1040 2026 1138 2070 quae
1161 2019 1225 2053 est
1247 2009 1563 2054 immortalitas.
1590 2013 1774 2064 Quanta:

385 2088 472 2132 sint
489 2085 708 2130 illusiones
732 2082 887 2127 animae
904 2116 914 2136 ,
944 2081 978 2125 51
1000 2080 1180 2124 voluero
1203 2079 1371 2136 dicere,
1403 2090 1575 2141 tempus
1597 2084 1774 2143 quando

384 2157 570 2203 sufficit?
589 2156 722 2215 Cujus
735 2154 851 2198 enim
869 2152 1011 2197 anima
1024 2152 1101 2196 ista
1118 2166 1207 2195 non
1220 2151 1408 2211 patitur?
1424 2154 1559 2197 Breve
1577 2162 1640 2197 cst
1654 2153 1776 2214 quod

387 2228 625 2282 admoneo,
651 2223 873 2286 quomodo
897 2223 1039 2267 anima
1061 2232 1206 2267 nostra
1233 2223 1449 2281 completa
1471 2233 1536 2267 est
1558 2222 1774 2269 illusioni-

388 2298 486 2343 11115.
507 2302 546 2342 Α
567 2297 677 2342 facie
699 2296 889 2356 ipsarum
910 2293 1179 2347 illusionum,
1198 2292 1433 2352 aliquando
1455 2292 1525 2336 vix
1542 2309 1663 2338 orare
1679 2310 1774 2354 per-

388 2369 616 2414 mittimur.
636 2371 697 2412 Dc
714 2365 967 2426 corporibus
985 2364 1172 2423 cogitare
1190 2379 1280 2407 non
1302 2362 1501 2407 novimus
1523 2364 1604 2407 nisi
1620 2365 1772 2423 imagi-

385 2457 461 2486 1105
482 2457 489 2481 :
522 2450 565 2484 ct
585 2455 698 2499 saepe
720 2440 895 2483 irruunt
916 2452 1020 2497 quas
1043 2452 1131 2480 non
1153 2435 1409 2496 qurerimus,
1433 2445 1476 2480 01
1497 2436 1700 2481 volumus
1721 2454 1771 2482 cx

436 2535 442 2549 ¹
466 2529 542 2558 Luc.
569 2536 633 2566 xm,
655 2536 702 2556 11.
726 2542 765 2546 —
788 2531 798 2546 ²
823 2526 894 2566 Sap.
914 2534 954 2563 ix,
979 2522 1027 2555 15.
1057 2539 1093 2543 -
1115 2519 1127 2542 7.
1150 2521 1226 2553 [¹5:11.
1251 2533 1366 2563 xxxvii,
1387 2521 1417 2553 8.
