1841 3223
387 221 628 250 ENARRATio
660 223 706 249 IN
738 221 938 250 PsALMUM
973 224 1028 248 LI.
1334 208 1416 247 465

35 291 92 332 Et
112 295 161 331 ut
181 285 383 331 noveritis
406 285 528 345 quod
549 295 592 330 et
614 286 692 345 ipsi
713 287 769 330 ad
788 302 895 346 opus
917 286 1039 345 regni
1062 285 1269 330 coelorum
1284 320 1294 339 ,
1321 294 1438 348 tan--

33 373 166 418 quam
182 356 452 411 mercenarii,
465 358 673 416 assumpti
689 367 805 412 sunt,
818 357 1051 416 Apostolus
1064 356 1254 414 gaudens
1269 355 1323 399 de
1338 355 1421 399 illis

35 427 140 472 dicit
158 447 166 472 :
193 447 212 469 (ε
235 430 345 472 Sunt
366 427 442 487 qui
463 442 540 486 per
559 427 766 470 invidiam
791 437 834 470 et
855 428 1179 471 contentionem
1199 426 1421 471 Christum

37 516 58 540 »
94 498 376 551 annuntiant,
413 513 502 541 non
539 506 676 551 caste,
702 497 991 541 existimantes
1032 496 1357 540 tribulationem
1380 511 1423 540 se

38 586 59 610 »
94 567 298 613 suscitare
320 567 502 612 vinculis
518 568 640 611 meis.
658 566 772 619 Quid
791 567 906 610 enim
919 567 1024 610 dum
1044 567 1162 611 omni
1184 566 1316 611 modo
1334 567 1421 611 sive

37 657 58 681 »
94 654 170 698 per
187 639 455 683 occasionem
470 638 557 683 sive
573 653 651 697 per
662 637 889 681 veritatem
907 638 1103 682 Christus
1116 638 1422 681 annuntietur?

39 728 60 752 »
93 713 152 754 Et
172 710 217 754 in
240 711 323 754 hoc
347 709 532 769 gaudeo,
558 709 633 753 sed
654 719 697 753 et
720 708 962 768 gaudeb01.
988 728 1007 749 >2
1028 713 1089 753 De
1112 708 1271 752 talibus
1293 709 1424 752 etiam

36 781 233 827 Christus
255 782 506 836 annuntiat,
543 780 690 825 dicens
713 801 721 825 :
755 800 774 822 «
809 781 1013 825 Pharisaei
1040 790 1083 824 et
1108 780 1269 824 Scribae
1297 795 1426 839 super

41 869 61 894 »
95 851 348 897 cathedram
377 851 519 909 Moysi
556 851 761 896 sederunt
788 871 795 896 z
822 868 921 912 quse
946 851 1113 906 dicunt,
1144 850 1302 908 facite,
1329 866 1427 910 quae

40 941 61 965 ³)
97 932 243 967 autem
264 921 457 977 faciunt,
483 921 626 966 facere
648 921 784 966 nolite
812 942 820 966 ε
843 922 996 965 dicunt
1014 922 1152 976 enim,
1181 930 1222 965 et
1253 937 1342 965 non
1361 919 1428 965 fa-

41 1011 62 1036 »
97 994 259 1039 ciunt2.
291 1011 311 1035 »
340 996 448 1047 Quae
476 994 656 1048 dicunt,
689 994 905 1053 pertinent
934 993 989 1038 ad
1018 993 1184 1050 David,
1218 1010 1317 1053 quae
1346 1009 1426 1037 au-

40 1074 127 1109 tem
158 1063 325 1108 faciunt
344 1099 354 1119 ,
388 1064 609 1123 pertinent
642 1063 696 1108 ad
719 1066 881 1109 Doech.
916 1069 996 1109 Per
1024 1064 1120 1108 illos
1156 1079 1225 1107 me
1248 1063 1396 1108 audite
1414 1099 1425 1117 ,

39 1133 137 1180 illos
158 1135 315 1179 imitari
336 1134 486 1179 noli-te.
515 1138 600 1179 Ista
622 1136 711 1180 duo
736 1152 892 1194 genera
914 1137 1144 1181 hominum
1175 1145 1278 1180 sunt
1297 1135 1428 1180 hodie

39 1206 85 1249 in
99 1214 227 1249 terra.
251 1208 314 1249 De
335 1205 401 1250 his
423 1204 597 1249 duobus
619 1205 850 1265 generibus
877 1206 1109 1251 hominum
1131 1214 1278 1250 cantat
1305 1204 1427 1250 Psal-

40 1291 137 1320 mus
158 1276 252 1320 iste.

100 1349 154 1391 V.
176 1346 321 1391 Habet
341 1354 488 1390 autem
510 1345 669 1390 Psalmi
687 1346 838 1391 titulus
865 1366 873 1391 :
905 1367 921 1387 ι(
950 1350 1001 1391 In
1032 1348 1162 1391 finem
1186 1341 1433 1391 intellectus

47 1436 65 1459 »
90 1415 254 1472 David,
279 1432 381 1461 cum
409 1416 530 1461 venit
551 1417 699 1461 Doech
721 1417 961 1472 Idumaeus,
988 1427 1031 1461 et
1052 1417 1271 1462 nuntiavit
1302 1415 1402 1461 Saul
1418 1451 1429 1471 ,

44 1507 64 1530 n
91 1487 223 1533 Venit
242 1487 380 1532 David
414 1487 460 1531 in
496 1487 677 1532 domum
703 1488 982 1532 Abimelech3
1007 1508 1014 1532 :
1055 1506 1074 1529 η
1105 1504 1205 1532 cum
1236 1487 1432 1546 legamus

43 1575 143 1603 eum
174 1558 341 1603 venisse
362 1557 408 1601 in
440 1558 620 1602 domum
654 1559 976 1603 Achimelech4.
1010 1562 1067 1603 Et
1097 1559 1278 1604 fortasse
1310 1557 1432 1618 quod

42 1645 132 1674 non
160 1628 347 1673 absurde
384 1628 594 1672 sentimus
627 1638 806 1689 propter
841 1629 1170 1673 similitudinem
1207 1629 1395 1673 nominis
1419 1663 1429 1683 ,

44 1709 88 1744 et
110 1699 240 1743 unius
263 1697 445 1756 syllabae
471 1698 763 1743 differentiam
783 1734 794 1754 ,
820 1698 889 1743 vel
921 1701 1067 1758 potius
1097 1699 1226 1743 unius
1248 1700 1404 1743 litterae
1420 1734 1431 1752 ,

43 1770 195 1814 variati
226 1779 328 1814 sunt
359 1768 490 1813 tituli.
529 1772 580 1812 In
610 1768 832 1813 codicibus
866 1779 1011 1814 tamen
1037 1769 1306 1814 Psalmorum
1332 1785 1433 1813 cum

45 1840 383 1900 inspiceremus,
431 1839 567 1897 magis
609 1838 865 1883 Abinielech
901 1855 1032 1898 quam
1078 1839 1331 1883 Achimclch
1366 1841 1434 1883 in-

45 1910 258 1954 venimus.
281 1913 339 1954 Et
355 1909 563 1970 quoniam
594 1909 640 1952 in
669 1908 752 1953 alio
781 1908 877 1953 loco
895 1910 1029 1954 habes
1064 1909 1435 1954 evidentissimum

48 1979 268 2025 Psalmum
288 2015 299 2030 ,
330 1996 417 2024 non
446 1979 842 2024 dissimilitudinem
864 1980 1066 2035 nominis,
1088 1981 1161 2024 sed
1179 1997 1349 2040 prorsus
1367 1981 1437 2025 di-

45 2065 217 2095 versum
242 2065 404 2094 nomen
433 2049 751 2107 insinuantem,
785 2051 1143 2110 quandoquidem
1175 2051 1310 2095 David
1337 2061 1437 2096 ante

46 2135 190 2178 regem
211 2120 362 2175 AchiS,
393 2135 482 2164 non
511 2129 610 2163 ante
644 2135 790 2178 regem
821 2120 1077 2165 Abimelech
1100 2122 1346 2165 immutavit
1368 2122 1438 2166 sa-

45 2191 156 2235 ciem
193 2206 349 2246 suam,
386 2199 430 2234 et
462 2189 624 2234 dimisit
650 2206 772 2246 eum,
809 2200 853 2235 et
881 2191 986 2234 abiit
1007 2193 1021 2216 ⁵
1056 2211 1064 2236 :
1105 2191 1257 2236 titulus
1292 2202 1435 2237 autem

0 2282 1 2300 1
47 2261 205 2305 Psalmi
221 2262 279 2306 sic
294 2261 477 2320 scriptus
493 2270 556 2305 est
574 2281 582 2305 :
606 2280 626 2303 «
645 2261 832 2315 Quando
854 2262 1099 2306 immutavit
1117 2262 1289 2307 vultum
1309 2279 1438 2308 suum

50 2349 71 2372 »
106 2346 252 2376 eoram
279 2331 532 2376 Abimelech
565 2350 573 2375 ;
606 2349 627 2373 »
664 2335 762 2391 Ipsa
790 2332 925 2391 magis
958 2333 1140 2377 mutatio
1173 2334 1360 2378 nominis
1391 2335 1438 2380 in

49 2401 306 2460 mysterium
327 2401 432 2446 facit
458 2401 648 2446 intentos
666 2438 676 2458 ,
709 2418 763 2446 ne
793 2412 999 2462 tanquam
1021 2418 1085 2447 res
1115 2404 1305 2449 historiae
1336 2421 1437 2465 per-

100 2493 108 2509 ¹
130 2486 240 2530 Philip.
256 2498 279 2528 1,
299 2497 352 2528 17,
376 2487 428 2519 18.
448 2503 490 2508 —-
508 2493 522 2509 2
544 2487 657 2519 Matth.
680 2498 770 2526 xxiii,
791 2496 823 2529 2,
840 2488 869 2519 3.
888 2505 928 2509 —
945 2485 957 2510 3
973 2487 1052 2520 Psal.
1075 2499 1115 2528 Li,
1138 2499 1169 2528 x,
1188 2498 1222 2522 2.
1236 2487 1307 2519 —4
1330 2502 1341 2522 1
1360 2494 1436 2533 Reg.

53 2554 120 2586 xxi,
139 2554 168 2579 1,
183 2561 225 2567 -
238 2541 254 2566 5
271 2542 353 2576 Ibid.
377 2543 430 2586 13,
450 2547 484 2576 et.
503 2543 583 2577 Psal.
602 2554 712 2585 xum,
731 2555 761 2576 1.

244 2607 350 2638 cxv,
1208 2600 1258 2640 30
