1841 3223
420 229 662 258 ENARRATIO
694 232 739 259 IN
771 230 974 259 PsALML‘M
1005 231 1129 258 xxxv.
1410 222 1464 261 35

83 309 103 332 u
133 292 344 351 justitiam
365 302 512 350 tuam,
535 304 626 339 tota
647 294 718 339 die
734 295 909 339 laudem
931 305 1052 339 tuam
1068 297 1099 338 ¹.
1119 315 1137 337 ·»
1160 298 1217 340 Et
1234 301 1356 352 cujus
1386 296 1467 341 lin-

79 375 165 419 gua
183 361 314 407 durat
329 363 528 411 meditari
542 374 633 409 tota
650 365 720 408 die
740 364 917 410 laudem
934 366 1038 410 Dei?
1055 369 1168 411 Ecce
1181 366 1313 410 modo
1335 366 1466 426 paulo

76 429 247 490 longior
271 448 411 478 sermo
433 433 573 480 factus
593 443 656 479 est
671 470 682 490 ,
708 433 966 493 fatigamini.
993 439 1100 480 Tota
1121 434 1191 479 die
1208 439 1346 480 Deum
1368 436 1467 486 lau-,-

75 500 180 546 dare
200 503 297 564 quis
312 503 471 549 durat?
494 508 688 565 Suggero
705 504 964 559 remedium,
980 505 1098 548 unde
1117 515 1207 550 tota
1227 506 1297 550 die
1316 506 1466 551 laudes

75 573 232 628 Deum,
252 573 287 617 si
297 574 375 619 vis.
392 573 621 636 Quidquid
640 575 777 634 egeris
793 575 906 618 bene
925 589 1017 632 age,
1039 584 1082 619 et
1105 574 1290 620 laudasti
1307 580 1462 622 Deum.

73 643 259 696 Quande
284 654 430 690 cantas
452 646 669 704 hymnum
684 681 695 701 ,
715 644 867 690 laudas
889 648 1029 690 Deum
1052 665 1060 690 :
1092 644 1243 704 lingua
1265 657 1340 691 tua
1357 647 1466 708 quid

74 713 184 771 agit,
215 714 297 759 nisi
318 715 470 761 laudet
498 725 541 760 et
569 717 830 761 conscientia
867 717 975 760 tua?
995 717 1178 761 Cessasti
1207 717 1263 761 ab
1297 718 1463 775 hymno

69 785 291 831 cantando
305 822 316 842 ,
334 786 519 832 discedis
537 797 587 832 ut
603 787 833 832 reficiaris?
854 787 946 831 noli
963 787 1190 842 inebriari,
1213 797 1257 831 et
1276 786 1465 833 laudasti

72 857 228 900 Deum.
254 857 445 903 Discedis
466 867 518 902 ut
536 857 752 903 dormias?
778 857 877 902 Noli
899 873 1075 916 surgere
1105 858 1160 902 ad
1182 857 1463 904 malefacien-

70 925 180 970 dum
194 962 206 983 ,
222 937 266 972 et
285 927 472 973 laudasti
485 932 639 973 Deum.
666 929 897 988 Negotium
917 929 1038 987 agis?
1056 929 1156 974 Noli
1178 928 1378 973 fraudem
1394 930 1462 975 fa-

66 1012 167 1041 cere
182 1032 193 1053 ‚
216 1008 262 1042 et
277 997 461 1044 laudasti
478 1003 634 1045 Deum.
659 1005 823 1059 Agrum
840 1001 970 1046 colis?
994 1002 1093 1047 Noli
1115 1002 1237 1047 litem
1259 1018 1457 1059 movere,

69 1076 114 1112 et
133 1067 319 1113 laudasti
336 1072 491 1117 Deum.
515 1074 567 1115 In
582 1071 828 1116 innocentia
854 1088 1036 1133 operum
1063 1082 1240 1119 tuorum
1264 1089 1459 1134 praepara

68 1147 112 1184 te
133 1138 190 1184 ad
209 1139 480 1189 laudandum
498 1145 639 1187 Deum
656 1151 748 1187 tota
767 1142 853 1187 die.

65 1305 178 1328 mmm
748 1313 1101 1330 mummwwww
1105 1314 1457 1332 wwwmumwnwv

568 1432 950 1482 ENARRATIO

418 1580 481 1620 IN
528 1580 839 1622 PSALMUM
880 1582 1093 1623 XXXV2.

123 1719 159 1761 Ι.
186 1718 408 1760 immun·
422 1712 620 1758 Charitas
642 1715 794 1757 Vestra
817 1713 1049 1772 paululum
1070 1723 1237 1758 textum
1268 1724 1312 1759 et
1331 1731 1450 1773 mys-

62 1785 171 1830 teria
191 1783 350 1830 Psalmi
370 1783 518 1843 hujus,
539 1791 582 1826 et
599 1797 823 1826 curramus
840 1798 940 1826 eum
956 1819 966 1838 ‚
987 1783 1089 1843 quia
1112 1784 1157 1827 in
1178 1783 1326 1829 multis
1345 1785 1450 1831 locis

63 1865 236 1916 apertus
250 1864 334 1899 est:
345 1853 424 1897 ubi
442 1861 587 1896 autem
602 1851 876 1899 obscuritatis
888 1853 1116 1897 necessitas
1133 1869 1211 1898 nos
1226 1855 1448 1900 immorari

61 1925 272 1985 coegerit,
306 1922 546 1968 tolerabitis
576 1922 724 1966 fructu
755 1921 964 1967 discendi.
1000 1924 1154 1968 «Dixit
1184 1924 1369 1984 injustus
1396 1936 1447 1970 ut

63 2014 85 2038 »
120 1995 348 2056 delinquat
368 1995 414 2037 in
435 1993 665 2052 semetipso
680 2028 691 2047 ‚
725 2008 815 2037 non
841 2001 905 2037 est
925 1994 1054 2038 timor
1075 1994 1151 2037 Dei
1175 2004 1275 2039 ante
1296 1996 1444 2042 oculos

62 2085 82 2108 »
117 2066 211 2126 ejus
223 2067 240 2091 ³
263 2083 307 2109 z»
324 2066 424 2109 Non
444 2078 583 2107 unum
598 2063 844 2119 hominem,
869 2063 944 2106 sed
961 2079 1094 2122 genus
1111 2065 1340 2110 hominum
1356 2066 1442 2110 ini-

57 2150 246 2196 quorum
270 2134 375 2180 dicit
390 2168 401 2189 ,
432 2133 510 2193 qui
536 2133 618 2177 sibi
645 2131 946 2188 adversantur,
970 2149 1061 2178 non
1082 2134 1365 2194 intelligendo
1394 2146 1443 2180 ut

56 2205 172 2250 bene
198 2206 374 2263 vivant,
402 2219 493 2248 non
521 2203 623 2263 quia
653 2219 743 2248 non
777 2212 981 2263 possunt,
1017 2203 1093 2248 sed
1127 2205 1229 2264 quia
1263 2205 1436 2251 nolunt.

57 2274 193 2320 Aliud
204 2284 268 2319 est
278 2275 392 2318 enim
410 2273 589 2334 quando
605 2273 789 2334 quisque
805 2283 987 2317 conatur
999 2273 1160 2334 aliquid
1182 2274 1439 2334 intelligere,

57 2355 103 2391 et
121 2362 199 2406 per
214 2345 511 2391 infirmitatem
531 2345 669 2389 carnis
689 2359 779 2389 non
797 2354 940 2404 potest
953 2379 965 2399 ,
986 2345 1096 2388 sicut
1118 2343 1223 2388 dicit
1244 2345 1438 2405 quodam

56 2415 155 2462 loco
174 2416 393 2476 Scriptura
410 2435 420 2462 ;
436 2415 585 2469 «Quia
601 2430 758 2474 corpus
774 2414 893 2475 quod
910 2414 1218 2474 corrumpitur,
1233 2426 1439 2475 aggravat

105 2519 115 2535 ¹
136 2512 217 2544 Psal.
239 2523 347 2554 xxxiv,
361 2521 417 2556 27,
437 2511 490 2545 28.
515 2528 557 2535 -
577 2518 590 2534 ²
608 2512 721 2544 Sermo
738 2510 864 2543 habitus
877 2510 962 2543 forte
985 2510 1037 2543 die
1052 2509 1195 2552 sabbati,
1217 2522 1255 2543 ex
1269 2523 1300 2543 n.
1325 2524 1376 2555 ¹9·
1397 2530 1438 2536 —

60 2566 74 2592 ³
92 2567 174 2602 PsaL
188 2578 286 2608 xxxV,
310 2576 342 2600 2.

1238 2622 1277 2663 3.
