1841 3223
0 548 11 656 gaes-:05
4 538 7 543 .
3 526 6 531 -
0 462 8 514 es„
0 397 8 458 :³:-

408 257 650 288 ENARRATIO
682 260 728 286 IN
762 256 964 288 PsALMUM
996 259 1120 286 xL111.
1384 245 1470 284 267

83 335 148 371 est
165 325 283 386 apud
301 335 359 382 te,
384 335 427 370 et
443 340 605 369 nomen
621 334 747 368 tuum
767 325 975 384 scriptum
993 333 1057 368 est
1073 323 1119 366 in
1131 324 1226 367 me?
1243 324 1348 367 Haec
1367 337 1468 381 ergo
1484 357 1488 360 -

83 397 209 441 nobis
236 396 537 441 indicaverunt
553 403 695 454 patres
713 396 862 439 nostri.
891 414 909 436 «
934 398 1090 439 Manus
1111 402 1185 437 tua
1204 401 1351 452 gentes
1378 390 1469 436 dis-

81 471 108 509 ’))
142 466 353 526 perdidit,
374 475 415 510 et
437 465 640 525 plantasti
667 480 761 521 eos3
788 465 1013 508 infirmasti
1029 463 1215 524 populos
1231 498 1242 519 ,
1267 472 1311 507 et
1332 478 1470 523 expu-

86 556 109 580 ))
141 537 229 582 listi
250 538 364 581 eos¹.
385 555 405 578 »
435 539 486 581 Id
510 545 595 592 est,
631 535 816 596 populos
844 534 1043 595 expulisti
1063 534 1117 578 de
1140 544 1253 578 terra
1285 549 1388 590 sua,
1422 543 1472 578 ut

83 609 186 653 istos
226 608 524 652 introduceres
567 616 697 668 atque
729 606 970 667 plantareS,
1009 621 1249 665 eorumque
1287 620 1471 663 regnum

83 687 160 723 tua
185 677 477 723 misericordia
498 678 791 722 confirmares.
828 679 932 721 Haec
960 674 1204 720 audivimus
1230 691 1254 719 a
1275 675 1472 735 patribus

84 750 256 795 nostris.

146 823 222 866 IV.
251 819 335 866 Sed
350 819 463 865 forte
479 819 578 865 idco
600 819 663 864 illi
676 820 754 864 ista
775 827 1030 880 potuerunt,
1052 818 1154 878 quia
1176 816 1310 862 fortes
1331 826 1470 873 erant,

84 893 186 953 quia
203 891 467 952 praeliatores
484 927 495 947 ‚
521 892 622 952 quia
643 892 791 937 invicti
809 927 819 947 ‚
840 890 942 951 quia
964 889 1205 945 exercitati,
1225 888 1327 949 quia
1342 887 1474 932 belli-

85 963 202 1008 cosi?
223 962 347 1007 absit.
363 965 461 1008 Non
482 963 565 1007 1100
586 962 891 1006 indicaverunt
907 960 1032 1005 nobis
1050 970 1191 1020 patres
1211 960 1363 1014 nostri,
1384 975 1474 1003 non

83 1035 169 1079 hoc
191 1034 323 1078 habet
342 1033 561 1094 Scriptura
585 1053 593 1078 :
616 1033 692 1077 sed
714 1033 820 1093 quid
836 1033 985 1088 habet,
1006 1032 1087 1076 nisi
1105 1030 1223 1092 quod
1249 1031 1476 1091 sequitur?

89 1123 111 1147 «
143 1106 242 1150 Non
264 1104 439 1148 enimin
455 1103 598 1163 gladio
620 1119 698 1148 suo
718 1103 971 1147 haereditate
994 1101 1281 1162 possederunt
1296 1110 1472 1157 terram,

88 1192 109 1217 »
144 1183 188 1218 et
210 1174 437 1218 brachium
456 1175 651 1234 ipsorum
674 1190 762 1219 non
785 1173 922 1219 salvos
945 1173 1049 1217 fecit
1071 1188 1142 1216 eos
1167 1191 1176 1217 z
1202 1171 1278 1216 sed
1300 1171 1477 1215 dextera

89 1262 110 1286 »
145 1253 220 1289 tua
257 1253 301 1288 et
335 1245 564 1290 brachium
602 1253 730 1288 tuum
746 1280 757 1300 ‚
801 1254 844 1288 et
881 1243 1142 1287 illuminatio
1176 1241 1325 1288 vultus
1358 1241 1424 1286 tui
1441 1245 1473 1285 ².

89 1333 111 1358 ))
145 1318 329 1360 Dextera
355 1324 447 1371 tua,
475 1333 495 1357 »
521 1315 716 1375 potentia
738 1324 840 1359 tua:
867 1334 886 1357 ‹<
911 1313 1143 1359 Brachium
1166 1322 1312 1368 tuum,
1341 1331 1361 1354 »
1386 1314 1478 1372 ipse

87 1386 223 1431 Filius
248 1394 361 1431 tuus.
391 1396 415 1428 ι(
435 1389 492 1431 Et
512 1385 772 1430 illuminatio
799 1385 945 1430 vultus
964 1386 1027 1429 tui
1055 1404 1062 1430 :
1092 1404 1111 1426 »
1140 1384 1256 1438 Quid
1279 1393 1344 1428 est
1364 1385 1479 1428 hoc?

86 1456 198 1510 Quia
224 1456 384 1501 talibus
406 1457 534 1514 signis
555 1457 614 1501 eis
644 1457 828 1512 affuisti,
862 1465 913 1500 ut
941 1471 1129 1517 praesens
1159 1454 1475 1513 intelligereris.

85 1527 311 1587 Numquid
333 1527 449 1571 enim
471 1526 648 1588 quando
666 1527 791 1571 nobis
809 1530 922 1571 Deus
945 1526 1092 1587 aliquo
1107 1524 1318 1570 miraculo
1339 1525 1475 1580 adest,

86 1595 242 1646 faciem
263 1598 397 1657 ipsius
420 1597 555 1642 oculis
571 1598 728 1642 nostris
748 1597 980 1642 videmus?
998 1595 1083 1642 Sed
1104 1596 1267 1640 effectu
1281 1594 1479 1639 miraculi

86 1683 208 1712 suam
228 1668 501 1728 praesentiam
517 1668 709 1712 insinuat
724 1667 991 1712 hominibus.
1014 1667 1213 1726 Denique
1235 1681 1384 1711 omnes
1402 1666 1477 1726 qui

86 1740 299 1784 mirantur
320 1737 377 1782 ad
396 1738 698 1798 hujuscemodi
719 1736 830 1782 facta
848 1773 858 1793 ,
884 1737 991 1797 quid
1013 1736 1193 1781 dicunt?
1215 1735 1317 1780 Vidi
1339 1740 1479 1780 Deum

60 1822 62 1824 ’
86 1817 360 1870 praesentem.
386 1827 406 1850 «
428 1808 513 1853 Sed
534 1807 708 1852 dextera
730 1816 805 1851 tua
822 1843 832 1863 ,
860 1817 904 1851 et
926 1807 1155 1852 brachium
1177 1816 1329 1862 tuum,
1357 1816 1400 1851 et
1423 1806 1479 1851 il—

89 1897 110 1922 »
145 1878 374 1923 luminatio
406 1877 555 1922 vultus
588 1878 681 1922 tui:
709 1878 922 1938 quoniam
947 1876 1248 1937 complacuisti
1278 1877 1324 1920 in
1354 1877 1428 1921 eis.
1455 1895 1475 1918 »

90 1952 184 1994 Hoc
206 1959 291 2005 est,
323 1949 382 1993 sic
408 1964 509 1993 cum
537 1949 596 1992 eis
626 1948 776 2008 egisti,
811 1958 861 1992 ut
884 1948 995 1992 hene
1017 1947 1208 2008 placeres
1236 1947 1282 1991 in
1317 1948 1375 1991 eis
1398 1967 1406 1992 :
1432 1957 1482 1992 ut

89 2021 284 2082 quisquis
304 2035 376 2065 eos
389 2019 632 2064 attenderet
646 2020 870 2080 quomodo
887 2035 988 2063 cum
1007 2019 1065 2063 eis
1087 2028 1302 2078 ageretur,
1320 2018 1483 2063 diceret

89 2092 192 2152 quia
208 2106 308 2136 vere
329 2094 443 2135 Deus
465 2099 530 2134 est
550 2106 651 2134 cum
673 2089 756 2134 illis
773 2125 783 2145 ‚
808 2099 852 2134 et
872 2093 986 2134 Deus
1005 2088 1103 2133 illos
1125 2089 1227 2148 agit.

150 2164 203 2206 V.
229 2160 346 2214 Quid
364 2163 490 2219 ergo?
512 2160 632 2206 Alter
657 2170 747 2205 erat
780 2171 910 2216 tunc,
944 2169 988 2203 et
1015 2159 1123 2203 alter
1151 2168 1215 2203 est
1235 2160 1382 2204 nunc?
1404 2159 1484 2203 ab·

91 2233 160 2277 sit.
193 2230 311 2286 Quid
339 2232 455 2275 enim
477 2232 698 2291 sequitur?
721 2250 741 2273 «
764 2234 830 2274 Tu
851 2246 895 2274 es
923 2230 1014 2290 ipse
1042 2245 1116 2273 rex
1144 2245 1265 2273 meus
1295 2238 1338 2273 et
1369 2232 1483 2273 Deus

95 2320 116 2345 ))
150 2304 313 2346 meus3.
347 2321 367 2344 »
395 2305 460 2346 Tu
485 2317 527 2346 es
548 2302 639 2362 ipse
657 2337 667 2357 ‚
699 2317 786 2345 non
813 2301 931 2345 enim
960 2309 1154 2344 mutatus
1178 2316 1237 2344 es.
1272 2303 1484 2360 Tempora

93 2381 260 2417 mutata
289 2372 441 2426 video,
473 2381 639 2417 creator
667 2381 917 2431 temporum
943 2387 1032 2415 non
1056 2380 1266 2415 mutatur.
1301 2389 1320 2413 «
1347 2373 1412 2415 Tu
1439 2386 1483 2415 es

98 2461 119 2484 ))
152 2443 242 2502 ipse
263 2458 336 2487 rex
356 2458 477 2487 meus
495 2452 538 2487 et
560 2446 674 2487 Deus
700 2458 839 2486 meus.
865 2460 884 2483 ))
914 2445 977 2485 Tu
1000 2457 1070 2485 me
1094 2440 1202 2486 soles
1224 2441 1406 2497 ducere,
1431 2451 1481 2486 tu

59 2552 61 2555 .
94 2528 164 2557 me
186 2512 294 2558 soles
315 2529 485 2573 regere,
511 2523 558 2558 tu
581 2514 689 2557 mihi
718 2513 826 2557 soles
855 2512 1101 2556 subvenire.
1137 2532 1155 2554 «
1181 2512 1266 2566 Qui
1297 2512 1476 2557 mandas

146 2604 155 2620 ¹
173 2598 251 2629 Psal.
268 2609 355 2639 me,
377 2598 406 2630 3.
431 2615 469 2620 -—
489 2605 500 2620 ²
515 2598 596 2630 Ibid.
619 2597 651 2639 4
675 2615 714 2619 ——
736 2596 748 2619 3
765 2597 845 2628 Ibid.
866 2597 894 2627 5.
