1841 3223
412 221 655 254 ENAnnAno
685 226 732 253 nv
763 222 966 255 rsALMUM
998 225 1151 255 xxxix.
1386 209 1470 249 213

85 290 270 336 viximus
284 324 296 345 ,
312 298 356 334 et
372 288 502 334 hodie
522 305 611 334 non
623 290 807 334 vivimus
823 311 834 348 3
852 298 915 334 est
931 287 1175 347 corrigendi
1194 284 1342 344 locus3
1363 301 1474 331 non-

85 361 193 405 dum
222 361 335 405 facta
362 368 427 404 est
443 359 518 404 illa
536 359 782 419 disjunctio,
808 361 990 405 aliorum
1013 359 1068 404 ad
1090 358 1308 403 dexteram
1325 393 1336 412 ,
1361 357 1485 401 alio-⁴*

82 446 181 475 rum
203 430 257 474 ad
273 430 488 474 sinistram
502 431 515 455 ¹
533 449 543 485 3
568 429 766 473 nondum
790 429 906 488 apud
928 429 1089 474 inferos
1108 444 1276 483 sumus,
1302 427 1379 471 ubi
1401 425 1472 472 di-

79 517 154 547 ves
170 501 242 545 ille
256 499 339 545 fuit
355 535 366 555 ‚
392 500 538 544 sitiens
560 509 604 544 et
617 499 776 544 stillam
793 499 1041 544 desiderans
1058 504 1097 545 2:
1124 499 1350 544 audiamus
1367 513 1470 543 cum

79 572 280 627 vivimus,
292 571 576 630 corrigamur.
595 573 693 617 Non
707 586 926 631 speremus
940 586 1006 615 res
1023 570 1200 626 alienas,
1218 580 1261 615 et
1272 571 1471 630 impraeg-
1510 600 1517 610 x

79 643 170 687 nati
208 652 479 700 tumeamus3
505 657 585 687 nec
608 642 910 702 perveniamus
932 640 986 685 ad
1010 641 1126 696 illas,
1156 650 1199 685 et
1221 656 1290 685 eas
1313 641 1471 700 adipis-

79 712 218 759 cendo
239 723 449 773 tanquam
490 713 600 758 filios
624 713 884 758 osculemur.
915 733 934 755 «
956 715 1034 756 Vae
1058 713 1171 755 enim
1203 713 1470 772 praegnanti-

80 802 101 826 »
136 784 217 828 bus
239 792 283 828 et
299 783 638 827 mammantibus
658 782 740 827 illis
763 782 933 827 diebus,
962 801 982 824 »
1008 782 1273 827 Mutandum
1287 790 1352 825 est
1368 796 1464 837 cor,

76 853 313 899 levandum
342 863 404 898 est
428 870 518 910 cor,
544 870 634 899 non
656 855 727 898 hic
748 853 1038 898 habitandum
1062 852 1192 898 corde
1219 872 1227 898 :
1258 852 1370 896 mala
1399 868 1468 896 re-

77 925 146 984 gio
163 934 255 970 est:
280 925 467 969 sufficiat
484 924 604 985 quod
627 924 770 969 adhuc
796 940 924 968 carne
953 924 1024 969 hic
1053 939 1142 968 esse
1163 939 1335 968 necesse
1365 932 1429 967 est
1455 942 1464 968 z

76 995 197 1056 quod
214 1011 304 1039 non
325 1003 389 1039 est
410 1010 581 1039 necesse
596 1030 606 1050 ,
624 1010 713 1038 non
733 995 809 1038 fiat
827 1014 835 1039 :
857 994 1044 1038 sufficiat
1059 993 1143 1038 diei
1161 994 1323 1038 malitia
1339 994 1434 1037 sua³
1454 1011 1464 1039 ε

76 1081 245 1111 sursum
264 1065 395 1110 corde
421 1066 682 1110 habitemus.
709 1085 727 1107 κ
757 1066 799 1110 Si
825 1065 1112 1111 resurrexistis
1140 1081 1239 1109 cum
1268 1065 1463 1121 Christo,

77 1155 97 1178 »
132 1136 264 1194 (dicit
284 1135 508 1191 fidelibus,
534 1151 690 1195 corpus
715 1144 759 1179 et
779 1136 1037 1194 sanguinem
1060 1135 1233 1179 Domini
1249 1135 1466 1194 accipien-

80 1226 100 1249 »
136 1207 253 1252 tibus
271 1207 385 1264 2dicit
401 1227 408 1252 :
425 1210 442 1266 )
461 1208 503 1253 Si
525 1207 812 1251 resurrexistis
836 1222 937 1251 cum
955 1207 1127 1251 Christo
1142 1241 1152 1261 ,
1175 1222 1275 1266 quae
1297 1222 1467 1250 sursum

77 1295 98 1319 »
134 1286 237 1322 sunt
253 1277 388 1337 sapite
400 1312 412 1332 ‚
436 1277 514 1321 ubi
536 1276 730 1322 Christus
747 1286 811 1321 est
831 1277 875 1320 in
888 1276 1063 1321 dextera
1078 1277 1154 1320 Dei
1170 1276 1322 1320 sedens
1339 1298 1349 1334 3
1368 1292 1467 1337 quae

79 1366 100 1391 ιν
134 1363 305 1392 sursum
328 1357 430 1392 sunt
454 1348 662 1408 quaerite,
687 1363 777 1393 non
806 1363 906 1407 quae
934 1363 1064 1407 super
1097 1356 1269 1391 terram.
1303 1347 1468 1392 Mortui

77 1435 96 1459 »
133 1418 248 1462 enim
264 1418 384 1473 estiS‚
410 1426 453 1462 et
473 1418 561 1463 vita
580 1426 723 1463 vestra
743 1417 994 1462 abscondita
1015 1428 1078 1462 est
1101 1433 1202 1462 cum
1223 1418 1396 1463 Christo
1420 1419 1467 1463 in

75 1506 96 1531 »
131 1491 222 1534 Deo
240 1490 272 1532 4.
298 1507 318 1530 ))
345 1491 443 1534 Non
458 1488 574 1533 enim
596 1498 775 1549 apparet
792 1489 912 1549 quod
933 1489 1057 1533 vobis
1079 1490 1338 1548 promissum
1368 1499 1432 1534 est
1452 1510 1464 1548 3

71 1567 115 1603 et
137 1560 228 1619 jam
255 1567 457 1618 paratum
488 1567 552 1603 est
569 1594 579 1613 ,
610 1559 684 1603 sed
721 1575 811 1603 non
839 1559 1010 1603 videtis.
1058 1560 1342 1618 Impraegnari
1371 1560 1462 1617 vis,

72 1630 174 1673 hinc
208 1629 522 1688 impraegnare3
554 1629 645 1688 ipsa
672 1630 726 1673 sit
753 1645 848 1688 spes
883 1638 957 1673 tua
984 1649 992 1674 :
1029 1639 1172 1674 certus
1205 1631 1286 1674 erit
1316 1640 1466 1690 partus

71 1709 173 1744 tuus
193 1735 205 1755 ‚
242 1715 333 1743 non
364 1699 444 1743 erit
477 1700 723 1755 abortivus,
760 1716 851 1746 non
881 1700 1131 1759 temporalis
1157 1716 1165 1742 :
1193 1700 1465 1760 amplecteris

69 1771 191 1831 quod
209 1770 423 1830 pepereris
445 1770 489 1813 in
514 1780 743 1814 aeternum.
765 1772 833 1815 Sic
864 1772 980 1815 enim
1004 1787 1080 1830 per
1103 1774 1260 1815 lsaiam
1283 1772 1459 1828 dicitur,

75 1859 96 1882 «
131 1840 421 1899 Concepimus
434 1840 798 1899 etparturivimus
821 1841 1021 1900 spiritum
1044 1841 1194 1885 salutis
1219 1844 1250 1885 ⁵.
1276 1863 1292 1884 »
1319 1844 1462 1901 Ενςο6

71 1919 186 1955 retro
206 1919 270 1954 est
285 1945 295 1965 ‚
321 1919 364 1954 et
396 1925 486 1954 non
509 1909 639 1954 datur
660 1909 815 1966 modo,
848 1911 923 1955 sed
946 1910 1138 1955 dabitur.
1163 1913 1337 1964 Quanta
1361 1911 1463 1958 data

69 1988 192 2035 sunt,
221 1979 374 2024 fratres
398 1978 508 2035 mei,
543 1979 640 2040 quis
672 1979 744 2024 illa
768 1990 968 2025 numerat
999 1981 1240 2026 secundum
1267 1983 1464 2042 Scriptu-

69 2053 162 2095 ras?
178 2051 245 2095 Ibi
265 2050 474 2110 scriptum
500 2060 563 2095 est
581 2051 635 2095 de
655 2051 847 2096 Ecclesia
862 2087 873 2107 ,
899 2061 943 2096 et
964 2052 1139 2096 videtur
1158 2053 1260 2113 quia
1283 2062 1345 2097 est
1364 2074 1375 2111 3
1401 2054 1463 2098 ibi

69 2121 279 2180 scriptum
297 2129 361 2164 est
377 2119 431 2164 de
452 2119 578 2164 idolis
596 2120 697 2180 quia
721 2136 811 2165 non
825 2130 956 2165 erunt
971 2156 982 2176 ,
1009 2131 1051 2166 et
1064 2122 1238 2167 videtur
1253 2123 1355 2183 quia
1371 2139 1461 2169 non

70 2199 173 2234 sunt
189 2211 200 2247 3
214 2190 276 2234 ibi
298 2190 508 2250 scriptum
526 2199 589 2234 est
606 2191 708 2250 quia
728 2190 941 2249 perdituri
956 2201 1079 2236 erant
1096 2195 1119 2236 J
1125 2193 1239 2237 udaei
1256 2209 1457 2252 regnum,

70 2269 113 2304 et
126 2259 326 2318 videtur3
349 2260 411 2304 ibi
433 2260 641 2320 scriptum
660 2269 724 2305 est
746 2260 800 2305 de
818 2261 1029 2306 haereticis
1047 2262 1150 2322 quia
1163 2262 1298 2306 futuri
1316 2273 1456 2320 erant,

69 2340 113 2374 ct
132 2330 306 2375 videtur
326 2350 335 2376 ε
356 2331 416 2376 ibi
438 2331 649 2391 scriptum
670 2341 791 2376 estet
812 2333 867 2376 de
890 2332 959 2376 die
970 2332 1146 2392 judicii,
1172 2333 1234 2377 ibi
1248 2334 1455 2393 scriptum

69 2409 134 2445 est
153 2409 196 2444 et
215 2400 270 2444 de
288 2401 467 2461 praemio
488 2401 704 2446 honorum
721 2437 732 2458 ‚
760 2412 804 2447 et
816 2402 870 2447 de
892 2419 1024 2463 poena
1038 2402 1251 2448 malorum
1268 2420 1276 2446 :
1299 2405 1344 2448 in
1362 2421 1434 2450 om

117 2502 128 2519 ¹
143 2496 254 2529 Matth.
273 2507 351 2539 xxv,
369 2498 422 2530 33.
442 2514 484 2521 —-
503 2505 516 2521 ²
533 2500 610 2531 Luc.
631 2509 699 2540 xw,
719 2507 773 2531 22.
792 2515 834 2522 —-
854 2497 866 2521 3
884 2499 998 2533 Matth.
1022 2510 1064 2542 vn,
1086 2498 1138 2534 34.
1164 2517 1206 2523 —-
1225 2499 1243 2526 6
1260 2501 1376 2535 Coloss.
1396 2513 1431 2534 ιιι

74 2551 141 2584 1-3.
161 2569 201 2576 -
216 2550 231 2576 5
249 2553 321 2585 isat.
340 2564 423 2595 xxvi,
442 2554 491 2586 ιδ,
511 2570 553 2577 -
569 2552 585 2577 6
604 2556 700 2587 Forte
714 2561 885 2597 paratum.
