1841 3223
401 213 486 254 234
835 222 870 250 s.
907 221 1138 251 Aucusnm
1170 224 1353 251 Emscom

393 293 526 336 homo
544 289 674 334 suerit
690 324 701 344 ‚
722 289 834 333 sicut
847 288 954 343 fuit,
981 288 1273 350 habueritque
1295 288 1404 334 filios
1422 289 1498 350 qui
1511 289 1787 349 appellaren-

394 372 466 406 tur
488 361 564 405 filii
579 361 712 405 Core¹
742 378 751 404 :
769 374 847 404 nos
864 368 1009 404 tamen
1027 376 1233 404 areanum
1255 361 1511 404 sacramenti
1525 369 1785 414 scrutemur,

392 443 443 478 ut
457 447 617 477 nomen
631 431 714 475 hoc
733 431 1007 489 mysterium,
1024 447 1113 492 quo
1132 432 1357 490 gravidum
1377 441 1456 486 est,
1473 431 1625 491 pariat.
1643 432 1789 489 Magni

393 504 510 548 enim
544 501 803 546 sacramenti
832 518 898 547 res
935 511 1020 557 est,
1052 512 1101 546 ut
1135 503 1371 547 Christiani
1408 501 1684 562 appellentur
1713 502 1792 546 filii

392 576 519 619 Core.
547 573 671 618 Unde
695 572 771 616 filii
792 574 929 618 Core?
950 572 1026 616 filii
1054 574 1199 633 sponsi
1217 608 1227 628 ‚
1252 572 1330 616 filii
1348 573 1523 618 Christi.
1561 573 1672 617 Dicti
1689 582 1792 618 sunt

396 645 512 688 enim
531 642 790 698 Christiani,
817 642 894 688 filii
911 643 1057 703 sponsi
1070 647 1102 686 ’ἢ
1125 646 1269 696 Quare
1302 658 1403 701 ergo
1426 646 1538 688 Core
1563 643 1791 688 Christus?

391 715 503 770 Quia
521 717 634 760 Core
655 715 966 774 interpretatur
980 713 1191 759 Calvaria.
1211 713 1353 759 Multo
1372 714 1580 758 remotius
1603 723 1667 758 est
1688 714 1787 758 hoc.

392 786 655 841 Quaerebam
672 801 806 846 quare
834 788 945 831 Core
973 785 1172 830 Christus
1197 805 1205 830 ;
1228 785 1438 830 intentius
1455 800 1630 845 quaero,
1656 801 1792 846 quare

391 858 589 904 Christus
611 857 668 902 ad
690 856 935 902 Calvariam
958 857 1174 916 pertinere
1194 856 1410 901 videatur.
1434 858 1590 901 Nonne
1602 856 1693 916 jam
1717 871 1792 900 oc-

391 929 526 972 currit
562 928 608 971 in
648 926 746 972 loco
778 925 987 972 Calvariae
1021 927 1253 972 crucifixus
1271 928 1316 971 ³?
1357 927 1557 972 Occurrit
1593 926 1787 971 omnino.

391 1001 507 1057 Ergo
525 997 622 1042 filiis
634 998 774 1057 ponsi,
791 996 869 1043 filii
886 998 1094 1058 passionis
1110 996 1241 1052 illius,
1261 996 1339 1041 filii
1352 996 1568 1057 redempti
1582 996 1792 1055 sanguine

389 1068 507 1114 illius
543 1069 682 1113 crucis
709 1067 849 1124 illius,
886 1078 1109 1128 portantes
1136 1069 1181 1112 in
1210 1067 1355 1113 fronte
1386 1067 1508 1128 quod
1542 1067 1707 1111 inimici
1740 1067 1786 1113 in

391 1139 603 1186 Calvariae
619 1139 718 1184 loco
738 1140 952 1195 fixerunt,
970 1139 1215 1199 apellantur
1232 1138 1310 1183 filii
1325 1141 1435 1185 Core
1458 1159 1466 1184 2
1487 1137 1570 1182 illis
1594 1147 1792 1183 cantatur

390 1210 470 1256 iste
488 1210 683 1255 Psalmus
700 1212 746 1254 in
773 1210 1062 1256 intellectum.
1102 1209 1335 1255 Intellectu
1357 1210 1505 1270 itaque
1528 1209 1790 1266 excitemurg

391 1282 491 1327 etsi
523 1282 649 1327 nobis
683 1291 885 1327 cantatur
903 1318 913 1337 ‚
938 1282 1247 1341 intelligamus.
1278 1283 1394 1336 Quid
1423 1281 1689 1327 intellecturi
1720 1299 1792 1327 su-

391 1355 518 1397 mus?
542 1356 593 1397 In
611 1369 743 1414 quem
765 1353 1038 1398 intellectum
1061 1353 1258 1398 Psalmus
1279 1353 1359 1398 iste
1382 1355 1612 1398 cantatur?
1638 1353 1792 1399 Audeo

391 1423 536 1468 dicere
553 1443 562 1468 ε
583 1443 602 1465 «
620 1423 859 1468 Invisibilia
879 1425 995 1468 enim
1011 1425 1102 1485 ejus
1120 1440 1142 1468 a
1157 1433 1354 1469 creatura
1369 1423 1522 1467 mundi
1536 1439 1613 1484 per
1632 1439 1680 1467 ea
1694 1440 1793 1484 quae

394 1514 415 1537 ))
437 1494 551 1540 facta
565 1504 668 1539 sunt
686 1494 906 1540 intellecta
929 1496 1323 1556 conspiciuntur-4.»
1338 1496 1417 1540 Eia
1431 1494 1599 1550 fratres,
1617 1495 1793 1540 avidita-

392 1576 481 1612 tem
504 1582 646 1611 meam
661 1567 825 1627 capite,
846 1567 1112 1612 desiderium
1136 1569 1221 1613 hoc
1239 1583 1413 1612 mecum
1435 1567 1757 1612 communicate
1780 1588 1789 1613 ε

390 1638 522 1684 simul
545 1654 738 1683 amemus
754 1674 765 1694 ,
791 1639 921 1683 simul
940 1641 985 1684 in
1006 1640 1088 1684 hac
1122 1640 1192 1684 siti
1216 1640 1569 1694 exardescamus,
1586 1639 1715 1684 simul
1737 1640 1792 1685 ad

391 1710 560 1756 fontem
599 1708 873 1769 intelligendi
905 1725 1147 1755 curramus.
1190 1709 1493 1755 Desideremus
1530 1725 1631 1768 ergo
1672 1710 1794 1756 velut

391 1797 545 1827 cervus
567 1780 735 1827 fontem
752 1816 764 1837 ,
789 1790 972 1841 excepto
989 1780 1066 1826 illo
1088 1780 1210 1826 sonte
1233 1797 1366 1841 quem
1380 1790 1560 1841 propter
1578 1781 1793 1826 remissio-

390 1868 493 1898 nem
514 1861 796 1912 peccatorum
817 1851 1066 1897 desiderant
1091 1851 1342 1912 baptizandi
1363 1887 1374 1906 ‚
1407 1861 1450 1896 et
1472 1853 1564 1912 jam
1587 1852 1793 1912 baptizati

391 1922 689 1969 desideremus
720 1922 847 1967 illum
871 1922 1064 1979 fontem,
1095 1921 1150 1966 de
1183 1937 1273 1982 quo
1304 1922 1525 1981 Scriptura
1548 1921 1630 1966 alia
1657 1920 1789 1978 dicit,

395 2014 416 2038 «
446 1994 665 2048 Quoniam
681 1993 800 2053 apud
820 2003 859 2037 te
879 2002 943 2038 est
965 1992 1060 2038 fons
1081 1993 1198 2037 vitae.
1223 2011 1243 2034 »
1270 1995 1366 2052 Ipse
1387 1993 1504 2037 enim
1529 1991 1626 2037 fons
1649 2003 1693 2037 et
1719 1993 1792 2038 lu-

390 2081 490 2110 men
521 2074 584 2110 est
604 2101 616 2121 ,
645 2084 665 2108 «
690 2065 909 2119 Quoniam
930 2065 975 2109 in
997 2065 1164 2109 lumine
1182 2074 1258 2110 tuo
1280 2064 1528 2110 videbimus
1545 2064 1739 2111 lumen⁵.
1767 2085 1787 2107 »

391 2137 434 2183 Si
456 2146 499 2181 et
532 2136 630 2182 fons
653 2146 743 2192 est,
786 2135 1001 2181 etlumen
1024 2144 1112 2191 est,
1154 2135 1311 2180 merito
1334 2144 1377 2179 et
1418 2134 1666 2180 intellectus
1702 2145 1789 2192 est,

389 2208 492 2268 quia
509 2217 553 2252 et
573 2208 701 2252 satiat
716 2208 904 2252 animam
928 2205 1098 2251 avidam
1123 2205 1314 2264 sciendi3
1334 2215 1378 2250 et
1399 2206 1540 2251 omnis
1563 2207 1640 2267 qui
1661 2207 1791 2251 intel-

388 2278 507 2336 lig-it,
534 2278 632 2323 luce
663 2278 853 2339 quadam
882 2292 972 2322 non
1001 2276 1243 2337 corporali,
1274 2293 1365 2322 non
1393 2277 1580 2333 carnali,
1606 2293 1696 2322 non
1713 2293 1790 2322 ex-

389 2349 546 2393 teriore
569 2385 580 2404 ‚
621 2348 698 2393 sed
732 2349 937 2394 interiore
952 2383 963 2404 ,
1014 2348 1269 2393 illustratur.
1315 2351 1392 2393 Est
1435 2363 1560 2406 ergo,
1606 2347 1759 2394 fratres
1776 2383 1787 2404 ‚

387 2419 599 2481 quaedarn
640 2419 715 2465 lux
747 2421 888 2476 intus,
927 2435 1060 2481 quam
1093 2435 1183 2465 non
1214 2419 1379 2464 habent
1412 2420 1489 2479 qui
1511 2436 1601 2465 non
1623 2420 1790 2465 intelli-

437 2523 448 2540 ¹
474 2519 567 2550 Num.
599 2529 688 2559 xxvn,
723 2529 773 2550 11.
796 2535 838 2542 -
858 2526 871 2541 ²
900 2518 1014 2552 Matth.
1049 2530 1103 2559 rt,
1127 2519 1176 2551 15.
1200 2535 1240 2541 —-
1268 2517 1346 2550 ¹Id.
1376 2529 1486 2559 xxvxi,
1517 2517 1569 2550 33.
1590 2535 1631 2542 --
1649 2517 1666 2544 ί
1691 2521 1784 2551 Rom.

389 2586 414 2615 1,
439 2582 491 2606 20.
513 2592 554 2598 -
572 2572 587 2597 ⁵
607 2573 688 2607 Psal.
710 2585 811 2615 xxxv,
834 2586 885 2607 m.
