<?xml version="1.0" encoding="UTF-8"?>
<!DOCTYPE html PUBLIC "-//W3C//DTD XHTML 1.0 Transitional//EN"
    "http://www.w3.org/TR/xhtml1/DTD/xhtml1-transitional.dtd">
<html xmlns="http://www.w3.org/1999/xhtml" xml:lang="en" lang="en">
 <head>
  <title>
</title>
<meta http-equiv="Content-Type" content="text/html;charset=utf-8" />
  <meta name='ocr-system' content='tesseract 3.04.00' />
  <meta name='ocr-capabilities' content='ocr_page ocr_carea ocr_par ocr_line ocrx_word'/>
</head>
<body>
  <div class='ocr_page' id='page_1' title='image "./operaomniaaccura08auguuoft_0309.png"; bbox 0 0 1841 3223; ppageno 0'>
   <div class='ocr_carea' id='block_1_1' title="bbox 438 238 1456 280">
    <p class='ocr_par' dir='ltr' id='par_1_1' title="bbox 438 238 1456 280">
     <span class='ocr_line' id='line_1_1' title="bbox 438 238 1456 280; baseline -0.003 -1"><span class='ocrx_word' id='word_1_1' title='bbox 438 250 678 280; x_wconf 70' lang='lat' dir='ltr'>ENARRATIO</span> <span class='ocrx_word' id='word_1_2' title='bbox 712 253 756 279; x_wconf 79' lang='lat' dir='ltr'>IN</span> <span class='ocrx_word' id='word_1_3' title='bbox 789 251 991 279; x_wconf 66' lang='lat' dir='ltr'>PsAmfflM</span> <span class='ocrx_word' id='word_1_4' title='bbox 1024 252 1142 277; x_wconf 77' lang='lat' dir='ltr'>xmv.</span> <span class='ocrx_word' id='word_1_5' title='bbox 1371 238 1456 277; x_wconf 80' lang='lat'>295</span> 
     </span>
    </p>
   </div>
   <div class='ocr_carea' id='block_1_2' title="bbox 61 315 1472 2493">
    <p class='ocr_par' dir='ltr' id='par_1_2' title="bbox 64 315 1472 1705">
     <span class='ocr_line' id='line_1_2' title="bbox 73 315 1472 378; baseline 0.001 -16"><span class='ocrx_word' id='word_1_6' title='bbox 73 317 235 363; x_wconf 81' lang='lat' dir='ltr'>dimisit</span> <span class='ocrx_word' id='word_1_7' title='bbox 255 327 423 378; x_wconf 85' lang='lat' dir='ltr'>patrem</span> <span class='ocrx_word' id='word_1_8' title='bbox 440 327 484 361; x_wconf 90' lang='lat' dir='ltr'>et</span> <span class='ocrx_word' id='word_1_9' title='bbox 503 327 684 361; x_wconf 86' lang='lat' dir='ltr'>matrem</span> <span class='ocrx_word' id='word_1_10' title='bbox 699 338 709 374; x_wconf 80' lang='lat'><em>3</em></span> <span class='ocrx_word' id='word_1_11' title='bbox 725 325 768 361; x_wconf 86' lang='lat' dir='ltr'>et</span> <span class='ocrx_word' id='word_1_12' title='bbox 790 315 972 360; x_wconf 74' lang='lat' dir='ltr'>adhaesit</span> <span class='ocrx_word' id='word_1_13' title='bbox 989 316 1111 360; x_wconf 75' lang='lat' dir='ltr'>uxori</span> <span class='ocrx_word' id='word_1_14' title='bbox 1125 330 1230 370; x_wconf 85' lang='lat' dir='ltr'>suae,</span> <span class='ocrx_word' id='word_1_15' title='bbox 1249 323 1300 359; x_wconf 88' lang='lat' dir='ltr'>ut</span> <span class='ocrx_word' id='word_1_16' title='bbox 1318 325 1472 363; x_wconf 26' lang='lat' dir='ltr'>essent,</span> 
     </span>
     <span class='ocr_line' id='line_1_3' title="bbox 73 386 1459 446; baseline -0.001 -13"><span class='ocrx_word' id='word_1_17' title='bbox 73 389 163 433; x_wconf 91' lang='lat' dir='ltr'>duo</span> <span class='ocrx_word' id='word_1_18' title='bbox 179 389 224 432; x_wconf 90' lang='lat' dir='ltr'>in</span> <span class='ocrx_word' id='word_1_19' title='bbox 246 404 375 433; x_wconf 88' lang='lat' dir='ltr'>carne</span> <span class='ocrx_word' id='word_1_20' title='bbox 392 390 503 432; x_wconf 86' lang='lat' dir='ltr'>una1</span> <span class='ocrx_word' id='word_1_21' title='bbox 522 407 530 432; x_wconf 93' lang='grc'>;</span> <span class='ocrx_word' id='word_1_22' title='bbox 554 403 645 431; x_wconf 90' lang='lat' dir='ltr'>non</span> <span class='ocrx_word' id='word_1_23' title='bbox 667 388 915 446; x_wconf 73' lang='lat' dir='ltr'>conjectura</span> <span class='ocrx_word' id='word_1_24' title='bbox 937 395 1083 431; x_wconf 88' lang='lat' dir='ltr'>nostra</span> <span class='ocrx_word' id='word_1_25' title='bbox 1097 421 1108 441; x_wconf 92' lang='lat'>,</span> <span class='ocrx_word' id='word_1_26' title='bbox 1129 386 1206 430; x_wconf 88' lang='lat' dir='ltr'>sed</span> <span class='ocrx_word' id='word_1_27' title='bbox 1227 394 1459 431; x_wconf 79' lang='lat' dir='ltr'>attestante</span> 
     </span>
     <span class='ocr_line' id='line_1_4' title="bbox 72 457 1454 519; baseline -0.001 -15"><span class='ocrx_word' id='word_1_28' title='bbox 72 458 305 519; x_wconf 85' lang='lat' dir='ltr'>Apostolo,</span> <span class='ocrx_word' id='word_1_29' title='bbox 330 468 374 503; x_wconf 88' lang='lat' dir='ltr'>et</span> <span class='ocrx_word' id='word_1_30' title='bbox 395 457 567 503; x_wconf 84' lang='lat' dir='ltr'>dicente</span> <span class='ocrx_word' id='word_1_31' title='bbox 589 477 598 502; x_wconf 91' lang='lat'><strong>:</strong></span> <span class='ocrx_word' id='word_1_32' title='bbox 633 476 653 499; x_wconf 89' lang='lat'>«</span> <span class='ocrx_word' id='word_1_33' title='bbox 677 459 1003 501; x_wconf 81' lang='lat' dir='ltr'>Sacramentum</span> <span class='ocrx_word' id='word_1_34' title='bbox 1026 458 1108 501; x_wconf 89' lang='lat' dir='ltr'>hoc</span> <span class='ocrx_word' id='word_1_35' title='bbox 1130 472 1340 516; x_wconf 86' lang='lat' dir='ltr'>magnum</span> <span class='ocrx_word' id='word_1_36' title='bbox 1368 467 1454 514; x_wconf 88' lang='lat' dir='ltr'>est,</span> 
     </span>
     <span class='ocr_line' id='line_1_5' title="bbox 74 526 1457 588; baseline 0.003 -18"><span class='ocrx_word' id='word_1_37' title='bbox 74 547 95 570; x_wconf 91' lang='lat'>»</span> <span class='ocrx_word' id='word_1_38' title='bbox 130 544 212 588; x_wconf 84' lang='lat' dir='ltr'>ego</span> <span class='ocrx_word' id='word_1_39' title='bbox 239 538 384 573; x_wconf 89' lang='lat' dir='ltr'>autem</span> <span class='ocrx_word' id='word_1_40' title='bbox 417 527 516 572; x_wconf 91' lang='lat' dir='ltr'>dico</span> <span class='ocrx_word' id='word_1_41' title='bbox 548 528 593 571; x_wconf 92' lang='lat' dir='ltr'>in</span> <span class='ocrx_word' id='word_1_42' title='bbox 620 528 793 572; x_wconf 86' lang='lat' dir='ltr'>Christo</span> <span class='ocrx_word' id='word_1_43' title='bbox 825 536 869 571; x_wconf 89' lang='lat' dir='ltr'>et</span> <span class='ocrx_word' id='word_1_44' title='bbox 896 527 942 571; x_wconf 89' lang='lat' dir='ltr'>in</span> <span class='ocrx_word' id='word_1_45' title='bbox 971 526 1204 571; x_wconf 78' lang='lat' dir='ltr'>Ecclesia2.</span> <span class='ocrx_word' id='word_1_46' title='bbox 1228 546 1248 570; x_wconf 89' lang='lat'>»</span> <span class='ocrx_word' id='word_1_47' title='bbox 1286 528 1457 574; x_wconf 88' lang='lat' dir='ltr'>Dimisit</span> 
     </span>
     <span class='ocr_line' id='line_1_6' title="bbox 71 596 1457 659; baseline 0.001 -16"><span class='ocrx_word' id='word_1_48' title='bbox 71 599 188 644; x_wconf 90' lang='lat' dir='ltr'>enim</span> <span class='ocrx_word' id='word_1_49' title='bbox 209 609 377 659; x_wconf 82' lang='lat' dir='ltr'>patrem</span> <span class='ocrx_word' id='word_1_50' title='bbox 406 598 598 659; x_wconf 88' lang='lat' dir='ltr'>quodam</span> <span class='ocrx_word' id='word_1_51' title='bbox 626 598 759 643; x_wconf 91' lang='lat' dir='ltr'>modo</span> <span class='ocrx_word' id='word_1_52' title='bbox 785 617 794 642; x_wconf 89' lang='lat'><strong>:</strong></span> <span class='ocrx_word' id='word_1_53' title='bbox 821 613 911 642; x_wconf 91' lang='lat' dir='ltr'>non</span> <span class='ocrx_word' id='word_1_54' title='bbox 934 597 1113 642; x_wconf 89' lang='lat' dir='ltr'>omnino</span> <span class='ocrx_word' id='word_1_55' title='bbox 1135 596 1296 642; x_wconf 89' lang='lat' dir='ltr'>dimisit</span> <span class='ocrx_word' id='word_1_56' title='bbox 1320 598 1457 645; x_wconf 90' lang='lat' dir='ltr'>veluti</span> 
     </span>
     <span class='ocr_line' id='line_1_7' title="bbox 71 668 1455 729; baseline 0 -15"><span class='ocrx_word' id='word_1_57' title='bbox 71 670 127 714; x_wconf 86' lang='lat' dir='ltr'>ad</span> <span class='ocrx_word' id='word_1_58' title='bbox 157 670 498 729; x_wconf 83' lang='lat' dir='ltr'>separationem,</span> <span class='ocrx_word' id='word_1_59' title='bbox 533 668 608 713; x_wconf 89' lang='lat' dir='ltr'>sed</span> <span class='ocrx_word' id='word_1_60' title='bbox 636 668 692 713; x_wconf 88' lang='lat' dir='ltr'>ad</span> <span class='ocrx_word' id='word_1_61' title='bbox 712 668 1031 728; x_wconf 71' lang='lat' dir='ltr'>susceptionem</span> <span class='ocrx_word' id='word_1_62' title='bbox 1052 668 1258 713; x_wconf 82' lang='lat' dir='ltr'>humanae</span> <span class='ocrx_word' id='word_1_63' title='bbox 1290 671 1455 729; x_wconf 63' lang='lat' dir='ltr'>carnis,</span> 
     </span>
     <span class='ocr_line' id='line_1_8' title="bbox 71 737 1459 794; baseline 0.001 -9"><span class='ocrx_word' id='word_1_64' title='bbox 71 740 302 794; x_wconf 86' lang='lat' dir='ltr'>Quomodo</span> <span class='ocrx_word' id='word_1_65' title='bbox 329 739 520 784; x_wconf 80' lang='lat' dir='ltr'>dimisit?</span> <span class='ocrx_word' id='word_1_66' title='bbox 547 759 567 782; x_wconf 87' lang='lat'>«</span> <span class='ocrx_word' id='word_1_67' title='bbox 591 741 702 793; x_wconf 87' lang='lat' dir='ltr'>Quia</span> <span class='ocrx_word' id='word_1_68' title='bbox 734 754 835 784; x_wconf 88' lang='lat' dir='ltr'>cum</span> <span class='ocrx_word' id='word_1_69' title='bbox 857 747 967 783; x_wconf 89' lang='lat' dir='ltr'>esset</span> <span class='ocrx_word' id='word_1_70' title='bbox 987 739 1033 782; x_wconf 87' lang='lat' dir='ltr'>in</span> <span class='ocrx_word' id='word_1_71' title='bbox 1065 737 1205 783; x_wconf 85' lang='lat' dir='ltr'>forma</span> <span class='ocrx_word' id='word_1_72' title='bbox 1237 739 1337 794; x_wconf 91' lang='lat' dir='ltr'>Dei,</span> <span class='ocrx_word' id='word_1_73' title='bbox 1367 755 1459 786; x_wconf 80' lang='lat' dir='ltr'>non</span> 
     </span>
     <span class='ocr_line' id='line_1_9' title="bbox 73 808 1457 871; baseline 0.003 -19"><span class='ocrx_word' id='word_1_74' title='bbox 73 829 94 852; x_wconf 77' lang='lat' dir='ltr'>n</span> <span class='ocrx_word' id='word_1_75' title='bbox 128 812 324 871; x_wconf 83' lang='lat' dir='ltr'>rapinam</span> <span class='ocrx_word' id='word_1_76' title='bbox 358 811 590 855; x_wconf 87' lang='lat' dir='ltr'>arbitratus</span> <span class='ocrx_word' id='word_1_77' title='bbox 624 820 687 855; x_wconf 85' lang='lat' dir='ltr'>est</span> <span class='ocrx_word' id='word_1_78' title='bbox 720 825 809 855; x_wconf 89' lang='lat' dir='ltr'>esse</span> <span class='ocrx_word' id='word_1_79' title='bbox 836 809 1016 870; x_wconf 82' lang='lat' dir='ltr'>aequalis</span> <span class='ocrx_word' id='word_1_80' title='bbox 1046 812 1160 865; x_wconf 90' lang='lat' dir='ltr'>Deo,</span> <span class='ocrx_word' id='word_1_81' title='bbox 1195 808 1271 854; x_wconf 85' lang='lat' dir='ltr'>sed</span> <span class='ocrx_word' id='word_1_82' title='bbox 1297 820 1457 856; x_wconf 89' lang='lat' dir='ltr'>semet-</span> 
     </span>
     <span class='ocr_line' id='line_1_10' title="bbox 72 881 1459 942; baseline 0.003 -18"><span class='ocrx_word' id='word_1_83' title='bbox 72 900 94 923; x_wconf 88' lang='lat'>»</span> <span class='ocrx_word' id='word_1_84' title='bbox 126 883 270 942; x_wconf 90' lang='lat' dir='ltr'>ipsum</span> <span class='ocrx_word' id='word_1_85' title='bbox 287 883 537 937; x_wconf 84' lang='lat' dir='ltr'>exinanivit,</span> <span class='ocrx_word' id='word_1_86' title='bbox 563 881 748 926; x_wconf 84' lang='lat' dir='ltr'>formam</span> <span class='ocrx_word' id='word_1_87' title='bbox 770 882 879 926; x_wconf 87' lang='lat' dir='ltr'>servi</span> <span class='ocrx_word' id='word_1_88' title='bbox 905 881 1161 941; x_wconf 66' lang='lat' dir='ltr'>accipiensss.</span> <span class='ocrx_word' id='word_1_89' title='bbox 1179 899 1198 926; x_wconf 84' lang='lat'>»</span> <span class='ocrx_word' id='word_1_90' title='bbox 1225 881 1459 935; x_wconf 89' lang='lat' dir='ltr'>Quomodo</span> 
     </span>
     <span class='ocr_line' id='line_1_11' title="bbox 68 951 1457 1012; baseline 0 -15"><span class='ocrx_word' id='word_1_91' title='bbox 68 952 230 997; x_wconf 89' lang='lat' dir='ltr'>dimisit</span> <span class='ocrx_word' id='word_1_92' title='bbox 246 962 290 997; x_wconf 91' lang='lat' dir='ltr'>et</span> <span class='ocrx_word' id='word_1_93' title='bbox 310 955 522 997; x_wconf 73' lang='lat' dir='ltr'>matrem?</span> <span class='ocrx_word' id='word_1_94' title='bbox 541 954 726 997; x_wconf 80' lang='lat' dir='ltr'>Gentem</span> <span class='ocrx_word' id='word_1_95' title='bbox 751 951 1021 1007; x_wconf 82' lang='lat' dir='ltr'>Judaeorum,</span> <span class='ocrx_word' id='word_1_96' title='bbox 1046 967 1314 1012; x_wconf 83' lang='lat' dir='ltr'>synagogam</span> <span class='ocrx_word' id='word_1_97' title='bbox 1335 952 1457 998; x_wconf 86' lang='lat' dir='ltr'>illam</span> 
     </span>
     <span class='ocr_line' id='line_1_12' title="bbox 69 1024 1458 1085; baseline 0.001 -17"><span class='ocrx_word' id='word_1_98' title='bbox 69 1024 308 1068; x_wconf 83' lang='lat' dir='ltr'>haerentem</span> <span class='ocrx_word' id='word_1_99' title='bbox 338 1025 558 1069; x_wconf 87' lang='lat' dir='ltr'>veteribus</span> <span class='ocrx_word' id='word_1_100' title='bbox 587 1025 878 1069; x_wconf 80' lang='lat' dir='ltr'>sacramentis.</span> <span class='ocrx_word' id='word_1_101' title='bbox 905 1024 974 1068; x_wconf 87' lang='lat' dir='ltr'>Ad</span> <span class='ocrx_word' id='word_1_102' title='bbox 994 1024 1131 1084; x_wconf 87' lang='lat' dir='ltr'>ipsam</span> <span class='ocrx_word' id='word_1_103' title='bbox 1152 1024 1335 1082; x_wconf 84' lang='lat' dir='ltr'>figuram</span> <span class='ocrx_word' id='word_1_104' title='bbox 1357 1040 1458 1085; x_wconf 90' lang='lat' dir='ltr'>per-</span> 
     </span>
     <span class='ocr_line' id='line_1_13' title="bbox 67 1093 1454 1156; baseline 0 -18"><span class='ocrx_word' id='word_1_105' title='bbox 67 1095 178 1140; x_wconf 87' lang='lat' dir='ltr'>tinet</span> <span class='ocrx_word' id='word_1_106' title='bbox 199 1095 320 1155; x_wconf 81' lang='lat' dir='ltr'>quod</span> <span class='ocrx_word' id='word_1_107' title='bbox 336 1096 420 1140; x_wconf 83' lang='lat' dir='ltr'>ait:</span> <span class='ocrx_word' id='word_1_108' title='bbox 444 1114 463 1139; x_wconf 88' lang='grc'>«</span> <span class='ocrx_word' id='word_1_109' title='bbox 485 1098 593 1150; x_wconf 88' lang='lat' dir='ltr'>Quae</span> <span class='ocrx_word' id='word_1_110' title='bbox 615 1105 678 1140; x_wconf 90' lang='lat' dir='ltr'>est</span> <span class='ocrx_word' id='word_1_111' title='bbox 701 1095 807 1139; x_wconf 92' lang='lat' dir='ltr'>mihi</span> <span class='ocrx_word' id='word_1_112' title='bbox 829 1104 982 1147; x_wconf 86' lang='lat' dir='ltr'>mater,</span> <span class='ocrx_word' id='word_1_113' title='bbox 1009 1104 1085 1139; x_wconf 86' lang='lat' dir='ltr'>aut</span> <span class='ocrx_word' id='word_1_114' title='bbox 1106 1095 1183 1156; x_wconf 87' lang='lat' dir='ltr'>qui</span> <span class='ocrx_word' id='word_1_115' title='bbox 1204 1093 1416 1141; x_wconf 73' lang='lat' dir='ltr'>fratres⁴P</span> <span class='ocrx_word' id='word_1_116' title='bbox 1432 1115 1454 1139; x_wconf 83' lang='lat'>»</span> 
     </span>
     <span class='ocr_line' id='line_1_14' title="bbox 68 1164 1457 1221; baseline 0.001 -11"><span class='ocrx_word' id='word_1_117' title='bbox 68 1165 147 1210; x_wconf 87' lang='lat' dir='ltr'>Ille</span> <span class='ocrx_word' id='word_1_118' title='bbox 169 1166 286 1210; x_wconf 91' lang='lat' dir='ltr'>enim</span> <span class='ocrx_word' id='word_1_119' title='bbox 315 1166 431 1211; x_wconf 90' lang='lat' dir='ltr'>intus</span> <span class='ocrx_word' id='word_1_120' title='bbox 453 1165 638 1210; x_wconf 82' lang='lat' dir='ltr'>docebat</span> <span class='ocrx_word' id='word_1_121' title='bbox 653 1201 663 1221; x_wconf 90' lang='lat'>,</span> <span class='ocrx_word' id='word_1_122' title='bbox 697 1165 760 1209; x_wconf 88' lang='lat' dir='ltr'>illi</span> <span class='ocrx_word' id='word_1_123' title='bbox 785 1164 888 1210; x_wconf 88' lang='lat' dir='ltr'>soris</span> <span class='ocrx_word' id='word_1_124' title='bbox 914 1166 1102 1210; x_wconf 87' lang='lat' dir='ltr'>stabant.</span> <span class='ocrx_word' id='word_1_125' title='bbox 1134 1165 1290 1210; x_wconf 88' lang='lat' dir='ltr'>Videte</span> <span class='ocrx_word' id='word_1_126' title='bbox 1311 1167 1344 1210; x_wconf 93' lang='lat' dir='ltr'>si</span> <span class='ocrx_word' id='word_1_127' title='bbox 1364 1182 1457 1212; x_wconf 89' lang='lat' dir='ltr'>non</span> 
     </span>
     <span class='ocr_line' id='line_1_15' title="bbox 71 1235 1460 1291; baseline 0.002 -11"><span class='ocrx_word' id='word_1_128' title='bbox 71 1235 204 1281; x_wconf 92' lang='lat' dir='ltr'>modo</span> <span class='ocrx_word' id='word_1_129' title='bbox 227 1237 286 1280; x_wconf 91' lang='lat' dir='ltr'>ita</span> <span class='ocrx_word' id='word_1_130' title='bbox 308 1245 411 1281; x_wconf 92' lang='lat' dir='ltr'>sunt</span> <span class='ocrx_word' id='word_1_131' title='bbox 423 1236 580 1281; x_wconf 86' lang='lat' dir='ltr'>Judaei.</span> <span class='ocrx_word' id='word_1_132' title='bbox 607 1240 742 1281; x_wconf 83' lang='lat' dir='ltr'>Docet</span> <span class='ocrx_word' id='word_1_133' title='bbox 764 1237 959 1281; x_wconf 89' lang='lat' dir='ltr'>Christus</span> <span class='ocrx_word' id='word_1_134' title='bbox 980 1236 1025 1280; x_wconf 94' lang='lat' dir='ltr'>in</span> <span class='ocrx_word' id='word_1_135' title='bbox 1045 1235 1254 1291; x_wconf 80' lang='lat' dir='ltr'>Ecclesia,</span> <span class='ocrx_word' id='word_1_136' title='bbox 1275 1235 1339 1280; x_wconf 87' lang='lat' dir='ltr'>illi</span> <span class='ocrx_word' id='word_1_137' title='bbox 1355 1236 1460 1283; x_wconf 87' lang='lat' dir='ltr'>foris</span> 
     </span>
     <span class='ocr_line' id='line_1_16' title="bbox 67 1307 1453 1368; baseline 0.003 -19"><span class='ocrx_word' id='word_1_138' title='bbox 67 1315 196 1351; x_wconf 87' lang='lat' dir='ltr'>stant.</span> <span class='ocrx_word' id='word_1_139' title='bbox 225 1309 381 1352; x_wconf 85' lang='lat' dir='ltr'>Socrus</span> <span class='ocrx_word' id='word_1_140' title='bbox 412 1322 516 1366; x_wconf 83' lang='lat' dir='ltr'>ergo</span> <span class='ocrx_word' id='word_1_141' title='bbox 542 1307 651 1368; x_wconf 90' lang='lat' dir='ltr'>quid</span> <span class='ocrx_word' id='word_1_142' title='bbox 673 1309 761 1352; x_wconf 82' lang='lat' dir='ltr'>est?</span> <span class='ocrx_word' id='word_1_143' title='bbox 782 1310 921 1351; x_wconf 81' lang='lat' dir='ltr'>Mater</span> <span class='ocrx_word' id='word_1_144' title='bbox 943 1308 1089 1367; x_wconf 86' lang='lat' dir='ltr'>sponsi</span> <span class='ocrx_word' id='word_1_145' title='bbox 1117 1307 1290 1352; x_wconf 91' lang='lat' dir='ltr'>Domini</span> <span class='ocrx_word' id='word_1_146' title='bbox 1318 1310 1453 1356; x_wconf 77' lang='lat' dir='ltr'>nostri</span> 
     </span>
     <span class='ocr_line' id='line_1_17' title="bbox 67 1378 1454 1440; baseline 0.001 -17"><span class='ocrx_word' id='word_1_147' title='bbox 67 1381 171 1423; x_wconf 86' lang='lat' dir='ltr'>Jesu</span> <span class='ocrx_word' id='word_1_148' title='bbox 192 1379 375 1434; x_wconf 85' lang='lat' dir='ltr'>Christi,</span> <span class='ocrx_word' id='word_1_149' title='bbox 406 1394 623 1438; x_wconf 82' lang='lat' dir='ltr'>synagoga</span> <span class='ocrx_word' id='word_1_150' title='bbox 647 1388 725 1423; x_wconf 90' lang='lat' dir='ltr'>est.</span> <span class='ocrx_word' id='word_1_151' title='bbox 753 1378 940 1423; x_wconf 86' lang='lat' dir='ltr'>Proinde</span> <span class='ocrx_word' id='word_1_152' title='bbox 965 1395 1100 1423; x_wconf 88' lang='lat' dir='ltr'>nurus</span> <span class='ocrx_word' id='word_1_153' title='bbox 1121 1380 1212 1440; x_wconf 88' lang='lat' dir='ltr'>ejus</span> <span class='ocrx_word' id='word_1_154' title='bbox 1234 1379 1425 1425; x_wconf 86' lang='lat' dir='ltr'>Ecclesia</span> <span class='ocrx_word' id='word_1_155' title='bbox 1440 1416 1454 1437; x_wconf 95' lang='lat'>,</span> 
     </span>
     <span class='ocr_line' id='line_1_18' title="bbox 65 1448 1454 1509; baseline 0.002 -17"><span class='ocrx_word' id='word_1_156' title='bbox 65 1464 167 1509; x_wconf 83' lang='lat' dir='ltr'>quae</span> <span class='ocrx_word' id='word_1_157' title='bbox 183 1449 360 1493; x_wconf 90' lang='lat' dir='ltr'>veniens</span> <span class='ocrx_word' id='word_1_158' title='bbox 382 1448 437 1493; x_wconf 91' lang='lat' dir='ltr'>de</span> <span class='ocrx_word' id='word_1_159' title='bbox 454 1450 667 1493; x_wconf 88' lang='lat' dir='ltr'>Gentibus</span> <span class='ocrx_word' id='word_1_160' title='bbox 684 1464 775 1494; x_wconf 90' lang='lat' dir='ltr'>non</span> <span class='ocrx_word' id='word_1_161' title='bbox 787 1450 1004 1494; x_wconf 88' lang='lat' dir='ltr'>consensit</span> <span class='ocrx_word' id='word_1_162' title='bbox 1015 1450 1060 1494; x_wconf 91' lang='lat' dir='ltr'>in</span> <span class='ocrx_word' id='word_1_163' title='bbox 1080 1449 1454 1495; x_wconf 88' lang='lat' dir='ltr'>circumcisionem</span> 
     </span>
     <span class='ocr_line' id='line_1_19' title="bbox 65 1518 1456 1580; baseline 0.001 -16"><span class='ocrx_word' id='word_1_164' title='bbox 65 1518 311 1574; x_wconf 85' lang='lat' dir='ltr'>carnalem,</span> <span class='ocrx_word' id='word_1_165' title='bbox 336 1519 470 1563; x_wconf 85' lang='lat' dir='ltr'>divisa</span> <span class='ocrx_word' id='word_1_166' title='bbox 494 1529 558 1564; x_wconf 88' lang='lat' dir='ltr'>est</span> <span class='ocrx_word' id='word_1_167' title='bbox 579 1520 784 1565; x_wconf 88' lang='lat' dir='ltr'>adversus</span> <span class='ocrx_word' id='word_1_168' title='bbox 812 1536 984 1564; x_wconf 90' lang='lat' dir='ltr'>socrum</span> <span class='ocrx_word' id='word_1_169' title='bbox 1009 1536 1146 1565; x_wconf 86' lang='lat' dir='ltr'>suam.</span> <span class='ocrx_word' id='word_1_170' title='bbox 1177 1540 1197 1563; x_wconf 88' lang='lat'>«</span> <span class='ocrx_word' id='word_1_171' title='bbox 1219 1522 1456 1580; x_wconf 78' lang='lat' dir='ltr'>Accingere</span> 
     </span>
     <span class='ocr_line' id='line_1_20' title="bbox 69 1588 1450 1653; baseline 0.005 -23"><span class='ocrx_word' id='word_1_172' title='bbox 69 1601 90 1631; x_wconf 68' lang='lat'>5&gt;</span> <span class='ocrx_word' id='word_1_173' title='bbox 126 1588 318 1648; x_wconf 78' lang='lat' dir='ltr'>gladium</span> <span class='ocrx_word' id='word_1_174' title='bbox 339 1598 483 1634; x_wconf 88' lang='lat' dir='ltr'>tuum.</span> <span class='ocrx_word' id='word_1_175' title='bbox 502 1608 522 1631; x_wconf 84' lang='lat'>»</span> <span class='ocrx_word' id='word_1_176' title='bbox 541 1593 603 1635; x_wconf 92' lang='lat' dir='ltr'>De</span> <span class='ocrx_word' id='word_1_177' title='bbox 624 1591 818 1650; x_wconf 88' lang='lat' dir='ltr'>potentia</span> <span class='ocrx_word' id='word_1_178' title='bbox 841 1592 971 1651; x_wconf 87' lang='lat' dir='ltr'>hujus</span> <span class='ocrx_word' id='word_1_179' title='bbox 989 1590 1120 1650; x_wconf 82' lang='lat' dir='ltr'>gladii</span> <span class='ocrx_word' id='word_1_180' title='bbox 1140 1592 1450 1653; x_wconf 83' lang='lat' dir='ltr'>loquebamur,</span> 
     </span>
     <span class='ocr_line' id='line_1_21' title="bbox 64 1659 545 1705; baseline 0.004 -2"><span class='ocrx_word' id='word_1_181' title='bbox 64 1674 166 1703; x_wconf 91' lang='lat' dir='ltr'>cum</span> <span class='ocrx_word' id='word_1_182' title='bbox 186 1660 266 1704; x_wconf 88' lang='lat' dir='ltr'>ista</span> <span class='ocrx_word' id='word_1_183' title='bbox 288 1659 545 1705; x_wconf 87' lang='lat' dir='ltr'>diceremus.</span> 
     </span>
    </p>

    <p class='ocr_par' dir='ltr' id='par_1_3' title="bbox 61 1731 1453 2493">
     <span class='ocr_line' id='line_1_22' title="bbox 123 1731 1451 1790; baseline 0.005 -17"><span class='ocrx_word' id='word_1_184' title='bbox 123 1732 247 1774; x_wconf 90' lang='lat' dir='ltr'><strong>XIII.</strong></span> <span class='ocrx_word' id='word_1_185' title='bbox 279 1749 299 1772; x_wconf 90' lang='lat'>«</span> <span class='ocrx_word' id='word_1_186' title='bbox 321 1731 560 1790; x_wconf 83' lang='lat' dir='ltr'>Accingere</span> <span class='ocrx_word' id='word_1_187' title='bbox 582 1731 774 1790; x_wconf 84' lang='lat' dir='ltr'>gladium</span> <span class='ocrx_word' id='word_1_188' title='bbox 791 1741 919 1777; x_wconf 91' lang='lat' dir='ltr'>tuum</span> <span class='ocrx_word' id='word_1_189' title='bbox 939 1767 950 1788; x_wconf 94' lang='lat'>,</span> <span class='ocrx_word' id='word_1_190' title='bbox 976 1751 997 1774; x_wconf 86' lang='lat'>»</span> <span class='ocrx_word' id='word_1_191' title='bbox 1023 1747 1267 1778; x_wconf 91' lang='lat' dir='ltr'>sermonem</span> <span class='ocrx_word' id='word_1_192' title='bbox 1294 1742 1451 1779; x_wconf 84' lang='lat' dir='ltr'>tuum:</span> 
     </span>
     <span class='ocr_line' id='line_1_23' title="bbox 69 1800 1453 1863; baseline 0.007 -23"><span class='ocrx_word' id='word_1_193' title='bbox 69 1818 89 1841; x_wconf 90' lang='lat'>«</span> <span class='ocrx_word' id='word_1_194' title='bbox 122 1800 247 1844; x_wconf 89' lang='lat' dir='ltr'>Circa</span> <span class='ocrx_word' id='word_1_195' title='bbox 274 1801 420 1844; x_wconf 88' lang='lat' dir='ltr'>femur</span> <span class='ocrx_word' id='word_1_196' title='bbox 445 1803 769 1858; x_wconf 82' lang='lat' dir='ltr'>potentissime,</span> <span class='ocrx_word' id='word_1_197' title='bbox 794 1821 814 1845; x_wconf 88' lang='lat'>»</span> <span class='ocrx_word' id='word_1_198' title='bbox 845 1804 956 1848; x_wconf 88' lang='lat' dir='ltr'>circa</span> <span class='ocrx_word' id='word_1_199' title='bbox 987 1803 1131 1848; x_wconf 86' lang='lat' dir='ltr'>femur</span> <span class='ocrx_word' id='word_1_200' title='bbox 1161 1804 1328 1849; x_wconf 86' lang='lat' dir='ltr'>habens</span> <span class='ocrx_word' id='word_1_201' title='bbox 1361 1804 1453 1863; x_wconf 86' lang='lat' dir='ltr'>gla-</span> 
     </span>
     <span class='ocr_line' id='line_1_24' title="bbox 63 1867 1452 1929; baseline 0.004 -18"><span class='ocrx_word' id='word_1_202' title='bbox 63 1867 202 1912; x_wconf 87' lang='lat' dir='ltr'>dium.</span> <span class='ocrx_word' id='word_1_203' title='bbox 238 1867 355 1921; x_wconf 92' lang='lat' dir='ltr'>Quid</span> <span class='ocrx_word' id='word_1_204' title='bbox 387 1877 472 1923; x_wconf 84' lang='lat' dir='ltr'>est,</span> <span class='ocrx_word' id='word_1_205' title='bbox 508 1888 527 1910; x_wconf 91' lang='lat'>«</span> <span class='ocrx_word' id='word_1_206' title='bbox 552 1869 675 1913; x_wconf 87' lang='lat' dir='ltr'>Circa</span> <span class='ocrx_word' id='word_1_207' title='bbox 697 1867 864 1912; x_wconf 81' lang='lat' dir='ltr'>femur?</span> <span class='ocrx_word' id='word_1_208' title='bbox 888 1888 908 1910; x_wconf 88' lang='lat'>»</span> <span class='ocrx_word' id='word_1_209' title='bbox 934 1870 1042 1929; x_wconf 86' lang='lat' dir='ltr'>quid</span> <span class='ocrx_word' id='word_1_210' title='bbox 1062 1873 1275 1927; x_wconf 81' lang='lat' dir='ltr'>significat</span> <span class='ocrx_word' id='word_1_211' title='bbox 1302 1873 1357 1915; x_wconf 87' lang='lat' dir='ltr'>de</span> <span class='ocrx_word' id='word_1_212' title='bbox 1384 1872 1452 1916; x_wconf 84' lang='lat' dir='ltr'>se-</span> 
     </span>
     <span class='ocr_line' id='line_1_25' title="bbox 62 1938 1453 2002; baseline 0.004 -20"><span class='ocrx_word' id='word_1_213' title='bbox 62 1940 216 1983; x_wconf 77' lang='lat' dir='ltr'>more‘?</span> <span class='ocrx_word' id='word_1_214' title='bbox 244 1941 446 1984; x_wconf 87' lang='lat' dir='ltr'>Carnem.</span> <span class='ocrx_word' id='word_1_215' title='bbox 473 1938 598 1983; x_wconf 90' lang='lat' dir='ltr'>Unde</span> <span class='ocrx_word' id='word_1_216' title='bbox 622 1938 733 1983; x_wconf 85' lang='lat' dir='ltr'>illud</span> <span class='ocrx_word' id='word_1_217' title='bbox 760 1948 823 1983; x_wconf 88' lang='lat' dir='ltr'>est</span> <span class='ocrx_word' id='word_1_218' title='bbox 852 1959 861 1984; x_wconf 88' lang='lat'>:</span> <span class='ocrx_word' id='word_1_219' title='bbox 891 1959 910 1982; x_wconf 72' lang='grc' dir='ltr'><strong>α</strong></span> <span class='ocrx_word' id='word_1_220' title='bbox 934 1943 1033 1985; x_wconf 87' lang='lat' dir='ltr'>Non</span> <span class='ocrx_word' id='word_1_221' title='bbox 1058 1940 1230 1985; x_wconf 89' lang='lat' dir='ltr'>deficiet</span> <span class='ocrx_word' id='word_1_222' title='bbox 1251 1942 1453 2002; x_wconf 88' lang='lat' dir='ltr'>princeps</span> 
     </span>
     <span class='ocr_line' id='line_1_26' title="bbox 65 2008 1451 2073; baseline 0.006 -22"><span class='ocrx_word' id='word_1_223' title='bbox 65 2027 87 2051; x_wconf 90' lang='lat'>»</span> <span class='ocrx_word' id='word_1_224' title='bbox 122 2010 177 2053; x_wconf 88' lang='lat' dir='ltr'>de</span> <span class='ocrx_word' id='word_1_225' title='bbox 207 2008 346 2065; x_wconf 86' lang='lat' dir='ltr'>Juda,</span> <span class='ocrx_word' id='word_1_226' title='bbox 376 2019 421 2054; x_wconf 89' lang='lat' dir='ltr'>et</span> <span class='ocrx_word' id='word_1_227' title='bbox 450 2008 540 2054; x_wconf 81' lang='lat' dir='ltr'>dux</span> <span class='ocrx_word' id='word_1_228' title='bbox 561 2009 616 2054; x_wconf 87' lang='lat' dir='ltr'>de</span> <span class='ocrx_word' id='word_1_229' title='bbox 638 2009 876 2055; x_wconf 85' lang='lat' dir='ltr'>femoribus</span> <span class='ocrx_word' id='word_1_230' title='bbox 899 2012 1030 2072; x_wconf 74' lang='lat' dir='ltr'>ejus5.</span> <span class='ocrx_word' id='word_1_231' title='bbox 1055 2030 1075 2053; x_wconf 84' lang='lat'>»</span> <span class='ocrx_word' id='word_1_232' title='bbox 1107 2014 1262 2057; x_wconf 91' lang='lat' dir='ltr'>Nonne</span> <span class='ocrx_word' id='word_1_233' title='bbox 1295 2014 1451 2073; x_wconf 88' lang='lat' dir='ltr'>etipse</span> 
     </span>
     <span class='ocr_line' id='line_1_27' title="bbox 62 2081 1450 2143; baseline 0.004 -18"><span class='ocrx_word' id='word_1_234' title='bbox 62 2081 285 2125; x_wconf 86' lang='lat' dir='ltr'>Abraham</span> <span class='ocrx_word' id='word_1_235' title='bbox 301 2116 313 2136; x_wconf 88' lang='lat'>,</span> <span class='ocrx_word' id='word_1_236' title='bbox 338 2081 409 2126; x_wconf 90' lang='lat' dir='ltr'>cui</span> <span class='ocrx_word' id='word_1_237' title='bbox 431 2082 690 2141; x_wconf 88' lang='lat' dir='ltr'>promissum</span> <span class='ocrx_word' id='word_1_238' title='bbox 717 2092 808 2127; x_wconf 89' lang='lat' dir='ltr'>erat</span> <span class='ocrx_word' id='word_1_239' title='bbox 835 2098 981 2127; x_wconf 89' lang='lat' dir='ltr'>semen</span> <span class='ocrx_word' id='word_1_240' title='bbox 996 2118 1007 2138; x_wconf 91' lang='lat'>,</span> <span class='ocrx_word' id='word_1_241' title='bbox 1032 2084 1076 2127; x_wconf 91' lang='lat' dir='ltr'>in</span> <span class='ocrx_word' id='word_1_242' title='bbox 1101 2099 1189 2143; x_wconf 86' lang='lat' dir='ltr'>quo</span> <span class='ocrx_word' id='word_1_243' title='bbox 1215 2084 1450 2131; x_wconf 86' lang='lat' dir='ltr'>benedice-</span> 
     </span>
     <span class='ocr_line' id='line_1_28' title="bbox 63 2152 1451 2217; baseline 0.004 -22"><span class='ocrx_word' id='word_1_244' title='bbox 63 2161 213 2196; x_wconf 87' lang='lat' dir='ltr'>rentur</span> <span class='ocrx_word' id='word_1_245' title='bbox 235 2166 384 2197; x_wconf 88' lang='lat' dir='ltr'>omnes</span> <span class='ocrx_word' id='word_1_246' title='bbox 407 2162 569 2210; x_wconf 82' lang='lat' dir='ltr'>gentes,</span> <span class='ocrx_word' id='word_1_247' title='bbox 587 2152 764 2213; x_wconf 86' lang='lat' dir='ltr'>quando</span> <span class='ocrx_word' id='word_1_248' title='bbox 788 2154 903 2198; x_wconf 91' lang='lat' dir='ltr'>misit</span> <span class='ocrx_word' id='word_1_249' title='bbox 920 2170 1092 2199; x_wconf 89' lang='lat' dir='ltr'>servum</span> <span class='ocrx_word' id='word_1_250' title='bbox 1112 2170 1240 2199; x_wconf 86' lang='lat' dir='ltr'>suum</span> <span class='ocrx_word' id='word_1_251' title='bbox 1258 2155 1313 2200; x_wconf 88' lang='lat' dir='ltr'>ad</span> <span class='ocrx_word' id='word_1_252' title='bbox 1332 2173 1451 2217; x_wconf 86' lang='lat' dir='ltr'>quae-</span> 
     </span>
     <span class='ocr_line' id='line_1_29' title="bbox 61 2221 1452 2287; baseline 0.004 -22"><span class='ocrx_word' id='word_1_253' title='bbox 61 2221 242 2266; x_wconf 86' lang='lat' dir='ltr'>rendam</span> <span class='ocrx_word' id='word_1_254' title='bbox 265 2231 309 2266; x_wconf 90' lang='lat' dir='ltr'>et</span> <span class='ocrx_word' id='word_1_255' title='bbox 330 2222 579 2287; x_wconf 82' lang='lat' dir='ltr'>ducendam</span> <span class='ocrx_word' id='word_1_256' title='bbox 595 2239 775 2268; x_wconf 79' lang='lat' dir='ltr'>uxorem</span> <span class='ocrx_word' id='word_1_257' title='bbox 792 2224 882 2269; x_wconf 89' lang='lat' dir='ltr'>filio</span> <span class='ocrx_word' id='word_1_258' title='bbox 902 2241 996 2278; x_wconf 87' lang='lat' dir='ltr'>suo,</span> <span class='ocrx_word' id='word_1_259' title='bbox 1016 2224 1136 2269; x_wconf 86' lang='lat' dir='ltr'>unde</span> <span class='ocrx_word' id='word_1_260' title='bbox 1156 2226 1325 2271; x_wconf 85' lang='lat' dir='ltr'>veniret</span> <span class='ocrx_word' id='word_1_261' title='bbox 1339 2227 1452 2272; x_wconf 84' lang='lat' dir='ltr'>illud</span> 
     </span>
     <span class='ocr_line' id='line_1_30' title="bbox 62 2295 1445 2358; baseline 0.004 -21"><span class='ocrx_word' id='word_1_262' title='bbox 62 2306 210 2337; x_wconf 86' lang='lat' dir='ltr'>semen</span> <span class='ocrx_word' id='word_1_263' title='bbox 243 2303 468 2349; x_wconf 86' lang='lat' dir='ltr'>sanctum,</span> <span class='ocrx_word' id='word_1_264' title='bbox 497 2295 544 2339; x_wconf 91' lang='lat' dir='ltr'>in</span> <span class='ocrx_word' id='word_1_265' title='bbox 575 2311 664 2355; x_wconf 88' lang='lat' dir='ltr'>quo</span> <span class='ocrx_word' id='word_1_266' title='bbox 698 2295 1063 2340; x_wconf 83' lang='lat' dir='ltr'>benedicerentur</span> <span class='ocrx_word' id='word_1_267' title='bbox 1092 2312 1242 2341; x_wconf 90' lang='lat' dir='ltr'>omnes</span> <span class='ocrx_word' id='word_1_268' title='bbox 1275 2307 1445 2358; x_wconf 82' lang='lat' dir='ltr'>gentes3</span> 
     </span>
     <span class='ocr_line' id='line_1_31' title="bbox 62 2362 1450 2427; baseline 0.005 -20"><span class='ocrx_word' id='word_1_269' title='bbox 62 2362 150 2407; x_wconf 85' lang='lat' dir='ltr'>fide</span> <span class='ocrx_word' id='word_1_270' title='bbox 170 2373 348 2420; x_wconf 86' lang='lat' dir='ltr'>tenens,</span> <span class='ocrx_word' id='word_1_271' title='bbox 373 2365 419 2408; x_wconf 89' lang='lat' dir='ltr'>in</span> <span class='ocrx_word' id='word_1_272' title='bbox 440 2364 514 2409; x_wconf 86' lang='lat' dir='ltr'>illa</span> <span class='ocrx_word' id='word_1_273' title='bbox 534 2366 670 2410; x_wconf 87' lang='lat' dir='ltr'>veluti</span> <span class='ocrx_word' id='word_1_274' title='bbox 696 2366 942 2412; x_wconf 88' lang='lat' dir='ltr'>humilitate</span> <span class='ocrx_word' id='word_1_275' title='bbox 970 2367 1142 2411; x_wconf 90' lang='lat' dir='ltr'>seminis</span> <span class='ocrx_word' id='word_1_276' title='bbox 1166 2382 1256 2412; x_wconf 90' lang='lat' dir='ltr'>esse</span> <span class='ocrx_word' id='word_1_277' title='bbox 1277 2370 1450 2427; x_wconf 87' lang='lat' dir='ltr'>magni-</span> 
     </span>
     <span class='ocr_line' id='line_1_32' title="bbox 63 2435 1449 2493; baseline 0.006 -15"><span class='ocrx_word' id='word_1_278' title='bbox 63 2435 262 2479; x_wconf 91' lang='lat' dir='ltr'>tudinem</span> <span class='ocrx_word' id='word_1_279' title='bbox 283 2436 471 2480; x_wconf 90' lang='lat' dir='ltr'>nominis</span> <span class='ocrx_word' id='word_1_280' title='bbox 487 2472 497 2492; x_wconf 88' lang='lat'>,</span> <span class='ocrx_word' id='word_1_281' title='bbox 532 2437 577 2481; x_wconf 92' lang='lat' dir='ltr'>id</span> <span class='ocrx_word' id='word_1_282' title='bbox 606 2446 688 2493; x_wconf 83' lang='lat' dir='ltr'>est,</span> <span class='ocrx_word' id='word_1_283' title='bbox 714 2438 874 2484; x_wconf 88' lang='lat' dir='ltr'>Filium</span> <span class='ocrx_word' id='word_1_284' title='bbox 906 2439 981 2483; x_wconf 91' lang='lat' dir='ltr'>Dei</span> <span class='ocrx_word' id='word_1_285' title='bbox 1008 2449 1243 2484; x_wconf 88' lang='lat' dir='ltr'>venturum</span> <span class='ocrx_word' id='word_1_286' title='bbox 1275 2456 1328 2485; x_wconf 79' lang='lat' dir='ltr'>ex</span> <span class='ocrx_word' id='word_1_287' title='bbox 1349 2441 1449 2488; x_wconf 84' lang='lat' dir='ltr'>filiis</span> 
     </span>
    </p>
   </div>
   <div class='ocr_carea' id='block_1_3' title="bbox 64 2532 1447 2628">
    <p class='ocr_par' dir='ltr' id='par_1_4' title="bbox 64 2532 1447 2628">
     <span class='ocr_line' id='line_1_33' title="bbox 111 2532 1447 2582; baseline 0.008 -19"><span class='ocrx_word' id='word_1_288' title='bbox 111 2539 119 2554; x_wconf 90' lang='lat'>¹</span> <span class='ocrx_word' id='word_1_289' title='bbox 147 2534 226 2564; x_wconf 87' lang='lat' dir='ltr'>Gen.</span> <span class='ocrx_word' id='word_1_290' title='bbox 246 2543 281 2574; x_wconf 91' lang='lat'>11,</span> <span class='ocrx_word' id='word_1_291' title='bbox 300 2532 354 2575; x_wconf 73' lang='grc'>24,</span> <span class='ocrx_word' id='word_1_292' title='bbox 383 2551 418 2556; x_wconf 87' lang='lat'>—-</span> <span class='ocrx_word' id='word_1_293' title='bbox 443 2541 456 2557; x_wconf 91' lang='lat'>²</span> <span class='ocrx_word' id='word_1_294' title='bbox 477 2534 592 2576; x_wconf 74' lang='lat' dir='ltr'>Ephes</span> <span class='ocrx_word' id='word_1_295' title='bbox 614 2547 635 2567; x_wconf 88' lang='lat' dir='ltr'>v</span> <span class='ocrx_word' id='word_1_296' title='bbox 650 2562 657 2576; x_wconf 91' lang='lat'>‚</span> <span class='ocrx_word' id='word_1_297' title='bbox 682 2536 733 2567; x_wconf 72' lang='lat'>32.</span> <span class='ocrx_word' id='word_1_298' title='bbox 756 2553 798 2558; x_wconf 92' lang='lat'>—-</span> <span class='ocrx_word' id='word_1_299' title='bbox 819 2535 831 2558; x_wconf 81' lang='lat'>3</span> <span class='ocrx_word' id='word_1_300' title='bbox 850 2536 966 2578; x_wconf 73' lang='lat' dir='ltr'>Philip.</span> <span class='ocrx_word' id='word_1_301' title='bbox 989 2536 1075 2574; x_wconf 77' lang='lat'>11‚6.</span> <span class='ocrx_word' id='word_1_302' title='bbox 1094 2555 1135 2560; x_wconf 93' lang='lat'><strong>—</strong></span> <span class='ocrx_word' id='word_1_303' title='bbox 1153 2537 1169 2564; x_wconf 70' lang='grc'>4</span> <span class='ocrx_word' id='word_1_304' title='bbox 1188 2539 1301 2572; x_wconf 79' lang='lat' dir='ltr'>Matth.</span> <span class='ocrx_word' id='word_1_305' title='bbox 1316 2551 1371 2581; x_wconf 83' lang='lat' dir='ltr'>xn,</span> <span class='ocrx_word' id='word_1_306' title='bbox 1390 2539 1447 2582; x_wconf 75' lang='grc'>48.</span> 
     </span>
     <span class='ocr_line' id='line_1_34' title="bbox 64 2583 469 2628; baseline 0.007 -11"><span class='ocrx_word' id='word_1_307' title='bbox 64 2603 104 2607; x_wconf 92' lang='lat'>——</span> <span class='ocrx_word' id='word_1_308' title='bbox 120 2585 334 2628; x_wconf 67' lang='lat' dir='ltr'>5Gen.x1.1‹‚</span> <span class='ocrx_word' id='word_1_309' title='bbox 360 2600 408 2620; x_wconf 83' lang='lat'>10.</span> <span class='ocrx_word' id='word_1_310' title='bbox 466 2583 469 2586; x_wconf 23' lang='grc' dir='ltr'><strong>Δ</strong></span> 
     </span>
    </p>
   </div>
  </div>
 </body>
</html>
