1841 3223
424 175 504 215 434
866 187 900 211 50
936 183 1163 211 Anoos‘nm
1201 185 1380 213 EPtSCOPI

424 253 482 296 ait
509 270 516 295 ς
551 249 816 307 «Intelligile
840 248 933 293 hsce
957 250 1030 308 qui
1061 249 1363 293 obliviscimini
1388 254 1522 295 Deum
1538 286 1548 306 ‚
1577 251 1812 311 nequando

428 342 445 363 »
482 321 618 379 rapiat
639 320 748 363 sieut
766 318 856 373 leo,
882 329 925 363 et
947 335 1034 363 non
1058 319 1110 363 sit
1133 320 1362 379 quierunt.
1388 339 1408 361 η

479 392 620 434 XXX.
648 389 947 434 «Sacrificium
967 390 1106 434 laudis
1129 390 1388 448 glorificabit
1410 394 1520 436 me1.
1537 410 1556 433 n
1582 392 1810 445 Quomodo

421 482 441 504 «
480 461 746 506 Sacrificium
764 460 902 505 laudis
922 460 1181 520 glorificabit
1204 465 1334 506 meP»
1361 465 1489 508 Certe
1512 462 1620 507 nihil
1635 461 1812 522 prodest

413 531 538 576 malis
571 531 826 576 sacrificium
872 530 1036 586 laudis,
1083 533 1184 592 quia
1224 543 1451 577 assumunt
1486 536 1809 577 Testamentum

414 612 542 647 tuum
564 618 640 662 per
669 618 715 646 os
735 616 885 658 suum,
915 611 958 646 et
980 602 1147 647 iaciunt
1180 602 1428 648 damnanda
1456 620 1555 664 quae
1578 602 1811 663 displicent

415 674 551 720 oculis
574 674 673 718 tuis.
701 677 902 727 Prorsus,
939 674 1104 734 inquit,
1141 683 1183 718 et
1210 673 1291 718 illis
1315 675 1398 719 hoe
1424 674 1522 719 dico
1554 695 1562 719 :
1596 694 1613 715 «
1644 674 1810 720 Sacrifi-

418 764 438 788 »
473 746 590 790 cium
612 744 750 789 laudis
773 744 1032 804 glorificabit
1055 760 1139 789 me.
1169 763 1188 786 »
1209 747 1303 789 Jam
1323 747 1507 804 putabas
1537 745 1613 789 tibi
1637 734 1809 789 laudem

415 832 506 861 non
528 815 731 877 prodesse
765 835 772 859 :
794 815 922 859 lauda
936 851 946 867 ,
966 815 1162 875 proderit
1179 816 1272 860 tibi.
1302 816 1344 861 Si
1367 815 1483 860 enim
1506 815 1618 860 male
1640 816 1746 861 vivis
1768 823 1810 858 et

415 886 532 932 bona
562 886 689 941 dieis,
726 885 924 930 nondum
952 884 1102 930 laudas
1138 903 1149 930 .·
1176 885 1252 930 sed
1275 902 1421 930 rursus
1444 887 1476 930 si
1505 902 1604 931 eum
1627 885 1810 944 coeperis

414 958 527 1002 bene
556 957 699 1000 vivere
715 992 725 1012 ,
763 956 926 1000 meritis
948 956 1034 1000 tuis
1061 956 1228 1000 tribuas
1250 956 1369 1017 quod
1398 957 1510 1000 bene
1532 957 1638 1000 vivis
1656 991 1667 1012 ‚
1699 972 1810 1000 non-

416 1027 523 1072 dum
541 1026 707 1071 laudas.
731 1024 840 1071 Nolo
865 1035 905 1070 te
931 1041 1020 1070 esse
1043 1026 1256 1071 latronem
1280 1026 1562 1071 insultantem
1584 1026 1702 1070 eruci
1729 1029 1810 1071 Do-

416 1099 550 1143 mini‘2
585 1117 593 1142 :
629 1097 705 1142 sed
733 1112 813 1141 nee
847 1106 889 1140 te
924 1096 1047 1141 illum
1083 1097 1184 1142 volo
1215 1113 1302 1142 esse
1325 1100 1369 1141 in
1392 1097 1555 1158 templo
1571 1099 1811 1157 jaetantem

413 1170 566 1215 merita
600 1185 674 1213 sua
693 1204 703 1223 ‚
729 1178 773 1212 et
806 1167 1097 1212 occultantem
1125 1169 1307 1213 vulnera
1339 1172 1459 1213 sua3.
1498 1170 1540 1213 Si
1567 1168 1701 1213 fueris
1732 1167 1812 1211 ini-

412 1257 526 1302 quus
549 1250 592 1285 et
613 1255 889 1301 perseverans
906 1239 949 1282 in
972 1239 1045 1284 illa
1067 1240 1311 1300 iniquitate⁷
1334 1257 1422 1286 non
1445 1242 1542 1285 dieo
1566 1241 1648 1284 tibi
1678 1260 1686 1284 ε
1711 1242 1811 1284 Non

414 1311 609 1373 proderit
629 1311 746 1369 laus3
773 1309 869 1366 sed7
891 1313 988 1355 Non
1003 1326 1070 1354 me
1087 1310 1252 1365 laudas,
1274 1311 1448 1355 laudem
1469 1312 1593 1355 istam
1616 1326 1703 1354 esse
1722 1326 1812 1354 non

415 1383 580 1444 deputo
618 1402 626 1427 :
662 1398 809 1426 rursus
836 1382 869 1426 si
897 1382 1032 1426 fueris
1054 1384 1177 1443 quasi
1203 1384 1367 1443 justus,
1398 1399 1499 1427 nam
1521 1399 1650 1427 nemo
1669 1384 1812 1443 justus

415 1455 497 1499 nisi
521 1453 696 1498 humilis
726 1463 768 1498 et
790 1454 885 1512 pius
902 1489 913 1508 ,
950 1462 992 1496 et
1014 1452 1069 1496 de
1080 1454 1246 1513 justitia
1270 1463 1341 1499 tua
1367 1454 1543 1498 inflatus
1565 1454 1807 1509 incesseris,

415 1534 458 1570 et
482 1524 586 1569 alios
610 1525 654 1568 in
680 1533 754 1567 tua
776 1523 1100 1583 comparatione
1122 1525 1455 1584 contempseris,
1481 1533 1524 1568 et
1557 1533 1812 1584 superextu-

414 1595 513 1640 leris
539 1604 578 1639 te
604 1604 809 1654 tanquam
829 1593 1017 1652 glorians
1036 1593 1090 1637 de
1108 1595 1272 1639 meritis
1290 1595 1375 1638 tuis
1392 1630 1402 1649 ‚
1429 1610 1519 1639 non
1541 1610 1610 1638 me
1641 1593 1807 1639 laudas.

414 1669 505 1713 Nee
526 1666 600 1710 ille
613 1681 683 1709 me
702 1665 873 1720 laudat,
895 1665 970 1724 qui
990 1663 1102 1708 male
1118 1665 1251 1722 vivit3
1277 1681 1357 1709 nec
1380 1664 1453 1708 ille
1466 1680 1535 1708 me
1549 1664 1714 1720 laudat,
1736 1665 1812 1725 qui

417 1738 540 1798 quasi
573 1736 628 1781 de
658 1753 736 1781 suo
769 1736 881 1779 bene
911 1736 1030 1780 vivit.
1074 1734 1155 1780 Sed
1191 1735 1405 1796 numquid
1442 1735 1515 1780 ille
1543 1736 1807 1791 Pharisaeus,

414 1808 538 1869 quasi
562 1807 616 1851 de
639 1823 716 1852 suo
742 1806 837 1851 talis
861 1815 952 1850 erat
969 1841 980 1861 ,
1006 1821 1105 1850 cum
1128 1805 1292 1850 diceret
1318 1826 1326 1850 ;
1367 1806 1572 1851 «Gratias
1603 1807 1683 1850 tibi
1705 1822 1806 1865 ago,

420 1899 440 1922 »
477 1880 687 1940 quianon
710 1893 805 1922 sum
823 1877 934 1921 sicut
948 1876 1093 1921 caeteri
1112 1877 1341 1921 homines?
1364 1897 1380 1918 ›·›
1408 1877 1575 1921 Gratias
1598 1880 1687 1921 Deo
1711 1893 1812 1936 agc-

417 1951 493 1996 bat
515 1966 566 1994 ex
591 1966 641 1994 eo
665 1948 785 2010 quod
808 1948 975 1992 bonum
1004 1948 1049 1992 in
1076 1963 1120 1992 se
1143 1947 1350 1992 habebat.
1377 1948 1582 2002 Quamvis
1604 1963 1705 2006 ergo
1729 1948 1810 1992 ali-

418 2022 526 2083 quid
559 2021 725 2066 bonum
758 2020 804 2063 in
831 2029 874 2063 te
896 2019 950 2063 sit
966 2054 976 2074 ,
1008 2019 1205 2079 quamvis
1229 2020 1316 2079 jam
1341 2018 1559 2076 intelligas
1582 2034 1671 2063 non
1694 2035 1743 2062 ex
1769 2028 1810 2063 te

417 2109 507 2138 esse
530 2091 651 2153 quod
676 2092 842 2136 bonum
864 2099 955 2145 est,
982 2088 1053 2133 sed
1080 2106 1104 2133 a
1128 2093 1216 2134 Deo
1239 2099 1281 2134 te
1310 2091 1521 2150 accepisse
1557 2109 1566 2134 ε
1592 2099 1741 2134 tamen
1766 2090 1811 2133 in

419 2180 470 2209 eo
493 2164 607 2223 ipso,
634 2162 667 2206 si
691 2171 732 2206 te
758 2159 959 2205 extuleris
982 2176 1111 2219 super
1133 2159 1265 2204 alium
1294 2175 1384 2205 non
1411 2161 1646 2204 habentem
1661 2195 1672 2215 ,
1699 2161 1811 2205 invi-

418 2234 500 2279 dus
518 2233 675 2278 teneris
689 2268 699 2287 ‚
721 2230 917 2276 nondum
937 2229 1138 2275 laudator
1158 2245 1280 2275 meus
1302 2231 1398 2274 eris.
1427 2230 1571 2274 Primo
1594 2246 1696 2289 ergo
1718 2246 1810 2275 cor-

417 2307 556 2364 rigere
579 2320 602 2348 a
627 2304 697 2348 via
718 2302 900 2362 pessima
917 2336 928 2357 ,
961 2301 1105 2360 incipe
1136 2301 1278 2347 vivere
1305 2300 1417 2345 bene
1449 2321 1458 2346 z
1484 2300 1676 2358 intellige
1708 2301 1810 2361 quia

419 2392 509 2421 non
531 2374 754 2433 corrigeris
786 2373 867 2416 nisi
889 2371 1006 2416 dono
1029 2372 1105 2416 Dei
1140 2391 1147 2416 :
1178 2391 1197 2413 «
1223 2375 1258 2416 Α
1292 2372 1479 2416 Domino
1502 2371 1617 2414 enim
1641 2387 1808 2430 gressus

420 2466 441 2490 »
476 2446 664 2490 hominis
703 2443 997 2503 diriguntur4.
1018 2461 1038 2484 »
1073 2445 1166 2487 Hoc
1200 2458 1302 2487 eum
1327 2441 1608 2497 intellexeris,
1638 2441 1735 2488 tave
1766 2452 1809 2487 et

468 2538 477 2554 ¹
496 2530 578 2562 Psal.
597 2540 681 2572 xux,
702 2528 756 2562 23.
778 2545 820 2551 —-
834 2535 846 2551 ²
872 2530 949 2561 Luc.
970 2539 1058 2570 xxm,
1079 2527 1133 2570 39.
1155 2526 1219 2550 -3
1239 2527 1283 2559 Id.
1305 2537 1395 2569 xviii,
1417 2537 1468 2559 11.
1485 2524 1807 2569 —4Psal.1„x111‚23.
