1841 3223
386 175 469 213 244
817 185 849 213 S.
888 185 1116 214 Aeous‘nm
1149 188 1330 215 EPISCOPI

440 254 496 295 X.
536 251 618 295 Sed
637 252 759 310 quia,
783 252 957 305 fratres,
990 252 1187 312 quandiu
1211 268 1358 297 sumus
1382 253 1428 296 in
1450 267 1630 312 corpore
1654 254 1762 308 hoc,

379 323 707 382 peregrinamur
743 338 765 365 a
801 323 1028 378 Domino¹‚
1062 333 1104 368 ct
1137 340 1293 383 corpus
1322 323 1443 384 quod
1476 324 1769 383 corrumpitur

380 401 583 451 aggravat
603 392 815 447 animam,
841 403 884 437 et
903 391 1105 453 deprimit
1129 403 1297 438 terrena
1321 394 1578 438 inhabitatio
1595 409 1769 438 sensum

377 462 516 507 multa
535 464 797 521 cogitantem
811 467 828 490 ²
856 483 864 509 ε
890 465 967 508 etsi
985 474 1227 526 utcumque
1245 464 1416 509 nebulis
1439 464 1662 524 diffugatis
1678 480 1770 508 am-

378 534 574 578 bulando
604 551 679 595 per
715 535 1001 592 desiderium,
1032 536 1088 581 ad
1115 538 1233 582 hunc
1262 552 1418 581 sonum
1447 537 1770 596 pervenerimus

379 604 600 650 interdum
614 642 625 662 ,
651 615 701 650 ut
719 605 885 667 aliquid
907 607 961 652 de
979 608 1052 652 illa
1075 607 1207 652 domo
1225 608 1301 652 Dei
1319 606 1501 651 nitendo
1523 607 1766 666 capiamus:

380 691 512 721 onere
540 686 685 721 tamen
711 679 903 738 quodam
933 678 1194 722 infirmitatis
1219 687 1377 722 nostrae
1399 678 1454 721 ad
1475 686 1681 722 consueta
1703 693 1770 721 rc-

378 747 583 804 emimus,
616 759 659 793 et
679 748 734 793 ad
764 749 887 793 solita
912 750 991 794 ista
1014 748 1262 794 dilabimur.
1291 752 1347 793 Et
1370 748 1591 809 quomodo
1614 748 1676 792 ibi
1697 745 1768 793 in-

377 835 633 865 veneramus
670 820 788 864 undc
823 820 1133 879 gauderemus,
1166 821 1224 865 sic
1254 820 1324 864 hic
1353 836 1442 864 non
1479 819 1616 864 deerit
1649 819 1770 880 quod

379 905 615 949 gemamus.
642 890 816 934 Etenim
837 906 988 936 cervus
1012 891 1090 935 iste
1107 889 1377 935 manducans
1400 889 1470 934 die
1488 906 1537 935 ae
1559 899 1687 935 nocte
1703 890 1769 935 la-

376 977 546 1018 crymas
564 977 680 1016 suas,
706 971 853 1021 raptus
872 961 1084 1006 desiderio
1107 961 1161 1005 ad
1180 960 1320 1006 fontes
1340 976 1551 1022 aquarum
1564 996 1574 1016 ‚
1597 961 1769 1005 interio-

378 1047 469 1075 rem
493 1032 654 1076 scilicet
676 1031 955 1076 dulcedinem
979 1033 1077 1088 Dei,
1104 1031 1335 1076 effundens
1357 1047 1485 1092 super
1508 1047 1551 1075 se
1579 1031 1767 1076 animam

377 1118 500 1146 suam
516 1137 527 1157 ⁷
553 1112 603 1146 ut
631 1112 822 1161 tangeret
850 1102 970 1163 quod
994 1112 1057 1147 cst
1078 1119 1207 1163 super
1229 1104 1417 1147 animam
1438 1118 1582 1158 suam,
1612 1102 1769 1147 ambu-

376 1172 470 1216 lans
506 1173 552 1218 in
582 1173 729 1217 locum
764 1172 1034 1218 tabernaculi
1065 1173 1329 1218 admirabilis
1353 1189 1491 1234 usque
1513 1173 1569 1217 ad
1590 1173 1770 1218 domum

375 1244 475 1298 Dei,
503 1252 546 1287 ct
569 1243 726 1289 ductus
754 1244 968 1289 interioris
993 1253 1036 1288 et
1057 1243 1338 1303 intelligibilis
1360 1245 1453 1289 soni
1466 1245 1766 1304 jucunditate,

374 1323 427 1358 ut
440 1315 584 1360 omnia
603 1316 810 1360 exteriora
829 1325 1143 1371 contemneret,
1162 1325 1206 1360 et
1223 1316 1268 1359 in
1288 1316 1492 1360 interiora
1514 1325 1737 1375 raperetur
1756 1335 1764 1359 :

377 1384 523 1430 adhuc
546 1395 692 1430 tamen
718 1388 849 1431 homo
873 1397 956 1443 est,
983 1387 1127 1431 adhuc
1150 1387 1222 1430 hic
1244 1386 1376 1445 gemit
1391 1422 1401 1442 ,
1428 1386 1572 1431 adhuc
1595 1402 1769 1431 carnem

376 1456 575 1515 fragilem
593 1467 758 1517 portat,
792 1458 935 1503 adhuc
958 1458 1071 1502 inter
1093 1456 1294 1502 seandala
1318 1457 1446 1517 hujus
1474 1457 1629 1501 mundi
1658 1458 1772 1517 peri-

376 1527 567 1572 clitatur.
596 1530 797 1588 Respexit
817 1545 920 1588 ergo
945 1529 999 1573 ad
1027 1545 1092 1584 se,
1126 1538 1332 1588 tanquam
1355 1527 1457 1571 inde
1485 1528 1688 1583 veniens,
1728 1537 1772 1572 et

375 1598 437 1643 ait
458 1599 539 1643 sibi
562 1599 799 1644 constituto
823 1600 936 1644 inter
966 1600 1043 1644 has
1077 1598 1291 1654 tristitias,
1323 1609 1367 1643 et
1398 1614 1651 1658 comparans
1678 1599 1771 1643 haec

377 1668 461 1714 illis
483 1668 539 1713 ad
561 1685 659 1730 quae
682 1668 868 1713 videnda
890 1670 1106 1728 ingressus
1127 1678 1206 1725 cst,
1228 1679 1270 1714 et
1287 1678 1384 1729 post
1398 1685 1497 1730 quae
1520 1670 1609 1714 visa
1631 1684 1771 1728 egres-

378 1756 450 1785 sus
473 1751 537 1786 est
562 1761 571 1786 2
603 1744 779 1795 «Quare
794 1777 805 1797 ‚
833 1741 998 1801 inquit,
1025 1741 1154 1785 tristis
1177 1750 1241 1784 cst
1263 1741 1405 1784 anima
1432 1756 1549 1795 mea,
1572 1750 1614 1784 et
1637 1757 1771 1801 quare

383 1831 403 1854 >›
438 1812 674 1857 conturbas
703 1813 824 1855 me3'?
845 1830 864 1852 »
900 1814 1014 1855 Ecce
1039 1812 1128 1872 jam
1159 1810 1348 1871 quadam
1384 1810 1586 1855 interiore
1618 1810 1770 1856 dulce-

382 1883 485 1927 dine
512 1882 646 1927 laetati
674 1898 845 1938 sumus,
871 1897 971 1926 ecce
1001 1881 1093 1925 acie
1115 1880 1271 1925 mentis
1295 1880 1460 1941 aliquid
1479 1881 1771 1926 incommuta-

379 1953 490 2009 bile,
526 1953 603 1997 etsi
634 1952 895 2013 perstrictim
926 1961 969 1995 et
998 1951 1177 2011 raptim,
1218 1951 1459 2011 perspicere
1496 1953 1716 2011 potuimus
1758 1973 1767 1998 ε

380 2039 516 2084 quare
540 2023 683 2068 adhuc
716 2022 950 2067 conturbas
979 2037 1070 2075 me,
1103 2037 1237 2082 quare
1266 2020 1410 2066 adhuc
1435 2022 1563 2065 tristis
1586 2025 1654 2067 cs?
1676 2026 1774 2069 Non

381 2095 498 2139 enim
528 2095 702 2139 dubitas
739 2093 791 2138 dc
816 2097 905 2138 Deo
930 2102 1023 2138 tuo.
1047 2095 1145 2138 Non
1175 2093 1289 2136 enim
1318 2109 1407 2138 non
1440 2102 1502 2137 est
1536 2094 1656 2154 quod
1692 2095 1772 2138 tibi

383 2165 500 2210 dicas
516 2201 527 2220 ‚
554 2175 704 2210 contra
730 2163 825 2208 illos
847 2165 922 2225 qui
951 2163 1125 2208 dicunt:
1144 2163 1251 2208 «Ubi
1270 2173 1334 2208 est
1354 2166 1469 2208 Deus
1491 2167 1615 2209 tuus?
1628 2184 1645 2206 n
1672 2168 1770 2210 Jam

380 2235 550 2297 aliquid
581 2234 936 2281 incommutabile
963 2235 1178 2294 persensi,
1204 2250 1337 2294 quare
1361 2234 1504 2279 adhuc
1534 2236 1771 2281 conturbas

381 2309 479 2351 me?
511 2326 530 2349 «
545 2309 675 2368 Spera
712 2306 757 2350 in
777 2309 968 2350 Deum.»
999 2307 1057 2349 Et
1077 2305 1198 2365 quasi
1226 2304 1506 2365 responderet
1536 2305 1600 2349 illi
1628 2307 1771 2352 anima

382 2379 474 2436 ejus
507 2378 553 2421 in
586 2376 755 2421 silentio
785 2379 957 2430 :Quare
979 2375 1196 2420 conturbo
1231 2385 1292 2431 te,
1325 2375 1406 2419 nisi
1442 2376 1543 2436 quia
1570 2376 1769 2421 nondum

382 2463 480 2493 sum
502 2448 587 2504 ibi,
617 2448 694 2491 ubi
724 2457 787 2492 est
809 2446 937 2492 dulce
961 2445 1071 2490 illud
1097 2462 1185 2507 quo
1208 2446 1266 2490 sic
1289 2455 1409 2507 rapta
1430 2462 1525 2491 sum
1550 2447 1670 2508 quasi
1694 2463 1770 2508 per

431 2539 441 2556 ¹
464 2534 558 2565 2Cor
593 2544 625 2573 v,
645 2532 678 2563 (3.
698 2550 738 2554 ——
762 2540 773 2555 2
794 2534 866 2574 Sap,
889 2543 934 2573 ix,
955 2532 1002 2563 15.
1029 2549 1069 2554 --
1086 2530 1098 2554 3
1118 2531 1198 2563 psal.
1222 2533 1330 2572 x1,i,(j.

1838 2489 1841 2595 i
