1841 3223
211 239 451 269 ENARRATio
483 243 498 268 1
529 243 575 269 IN
607 240 810 270 PsALMUM
842 243 1008 281 xxxvi,
1043 242 1168 270 SERM.
1205 246 1235 271 1.
1358 235 1414 274 63

32 305 156 361 facit,
182 315 226 351 et
256 307 336 351 ista
358 310 472 351 Deus
493 316 669 366 praestat
693 327 701 351 ε
728 308 803 352 sed
835 317 992 367 rogant
1017 309 1112 353 haec
1135 308 1265 353 etiam
1293 310 1411 355 mali.

32 378 188 422 Petitio
206 379 298 422 haec
320 378 473 422 carnis.
496 378 763 432 Infirmatur,
790 389 910 437 rogat
933 396 976 424 se
998 379 1163 427 salvum
1184 381 1276 425 fieri
1298 400 1307 426 z
1331 381 1417 426 sal-

31 463 111 492 vus
127 449 179 491 fit
199 448 448 492 moriturus.
473 450 531 491 Et
548 447 629 491 ista
650 448 803 507 petitio
824 449 963 492 carnis
981 459 1043 493 est
1064 469 1073 494 :
1093 459 1136 494 et
1158 450 1192 494 si
1210 467 1296 511 qua
1313 460 1417 496 sunt
1457 477 1460 480 -

31 517 147 561 talia.
173 518 328 562 Potitio
347 517 488 562 cordis
509 534 609 578 quae
629 520 717 562 est?
737 519 856 563 Sicut
877 520 1029 578 petitio
1050 522 1188 566 carnis
1209 531 1288 577 est,
1303 521 1416 566 velle

28 587 112 631 sibi
135 588 323 647 reparari
353 587 528 642 oculos,
554 588 707 648 utique
741 588 796 632 ad
826 589 1059 634 videndam
1087 592 1212 635 istam
1239 591 1382 636 lucem
1399 627 1411 647 ‚

29 673 130 718 quae
151 657 311 702 talibus
328 657 463 703 oculis
475 658 610 702 videri
625 668 766 718 potest
785 659 868 703 :ita
890 660 1043 719 petitio
1057 660 1199 705 cordis
1217 661 1271 705 ad
1285 661 1415 706 aliam

28 727 172 773 lucem
190 729 392 788 pertinet.
422 749 442 771 «
466 730 586 773 Beati
609 730 725 773 enim
747 729 901 774 mundi
931 730 1084 783 corde;
1109 733 1316 792 quoniam
1333 732 1416 793 ipsi

31 816 52 841 »
88 802 226 843 Deum
253 798 508 844 videbunt1.
535 800 758 844 Delectare
785 801 831 844 in
862 802 1065 857 Domino⁷
1098 812 1141 846 et
1173 801 1297 846 dabit
1334 803 1415 847 tibi

30 887 52 912 »
86 871 316 929 petitiones
340 871 482 915 cordis
498 871 577 915 tui.
605 890 625 913 »

86 942 163 984 VI.
189 940 512 986 Eccerdesidero
526 977 537 996 ‚
562 957 665 999 rogo
682 977 693 996 ‚
722 942 822 986 volo
845 962 854 986 ε
875 958 1034 1001 ego-ne
1053 943 1276 1003 implebo?
1297 946 1409 989 Non.

27 1011 132 1064 Quis
154 1014 286 1070 ergo?
311 1031 331 1053 «
355 1012 515 1056 Revela
534 1013 589 1056 ad
610 1013 845 1057 Dominum
868 1014 981 1057 viam
1004 1024 1140 1069 tuam,
1166 1024 1209 1059 et
1226 1030 1346 1075 spera
1368 1016 1414 1058 in

29 1098 50 1122 »
85 1096 212 1136 eum,
239 1082 389 1141 etipse
413 1081 578 1126 faciet&
605 1101 624 1123 »
652 1084 801 1127 Indica
823 1083 885 1127 illi
902 1084 1009 1144 quid
1040 1085 1240 1144 patiaris,
1270 1085 1414 1130 indica

25 1150 89 1195 illi
110 1153 217 1212 quid
239 1152 360 1197 velis.
387 1153 502 1206 Quid
527 1154 642 1197 enim
659 1154 843 1212 pateris?
863 1173 882 1195 «
903 1157 1015 1199 Caro
1038 1156 1307 1215 concupiscit
1332 1156 1413 1200 ad-

28 1240 50 1265 »
84 1240 231 1269 versus
254 1225 452 1285 spiritum
468 1261 478 1280 ‚
504 1234 547 1269 et
568 1225 744 1285 spiritus
777 1225 981 1270 adversus
1008 1243 1182 1271 carnem
1197 1231 1229 1271 3.
1254 1246 1273 1268 »
1295 1226 1415 1280 Quid

26 1309 129 1354 ergo
145 1296 234 1340 vis?
255 1315 275 1338 «
299 1295 457 1340 Infelix
473 1311 552 1354 ego
568 1297 701 1340 homo
713 1332 723 1351 ‚
743 1296 840 1357 quis
854 1312 922 1340 me
944 1297 1149 1342 liberabit
1163 1298 1217 1342 de
1233 1313 1414 1357 corpore

27 1381 50 1406 v»
83 1365 234 1409 mortis
255 1366 414 1426 hujus?
439 1385 458 1408 »
480 1369 537 1411 Et
554 1367 656 1427 quia
679 1367 768 1426 ipse
794 1365 942 1423 faciet,
970 1383 1071 1412 cum
1087 1367 1340 1412 revelaveris
1358 1367 1415 1412 ad

24 1451 126 1479 eum
146 1436 260 1480 viam
283 1446 426 1492 tuam,
445 1437 546 1481 vide
563 1436 670 1497 quid
693 1438 889 1498 sequitur
908 1453 917 1478 :
943 1457 963 1481 «
988 1439 1133 1482 Gratia
1153 1439 1230 1482 Dei
1247 1454 1325 1498 per
1347 1441 1421 1482 Je-

27 1523 48 1548 >›
83 1521 179 1550 sum
192 1507 412 1551 Christum
430 1507 662 1551 Dominum
678 1517 874 1551 nostrum
886 1509 917 1550 4.
933 1526 952 1548 »
970 1508 1087 1561 Quid
1101 1524 1203 1566 ergo
1220 1507 1413 1552 facturus

24 1585 104 1631 est,
128 1578 230 1636 quia
251 1577 420 1621 dictum
441 1590 525 1622 est:
548 1577 743 1621 «Revela
762 1577 816 1621 ad
834 1578 1069 1622 Dominum
1086 1578 1199 1622 viam
1216 1588 1354 1633 tuam,
1371 1588 1414 1622 et

25 1663 47 1687 »
82 1660 204 1705 spera
225 1647 271 1690 in
289 1662 410 1702 eum,
431 1647 581 1706 etipse
600 1646 742 1691 faciet.
767 1665 787 1688 »
815 1648 931 1700 Quid
955 1646 1107 1692 faciet?
1130 1667 1150 1690 «
1174 1651 1232 1692 Et
1255 1647 1414 1692 educet

25 1733 47 1757 n
82 1717 192 1760 sicut
211 1715 363 1761 lumen
376 1718 589 1776 justitiam
611 1727 729 1760 tuam
747 1719 778 1760 ⁵.
807 1735 826 1758 »
859 1716 992 1761 Modo
1021 1717 1136 1760 enim
1159 1717 1414 1762 abscondita

21 1796 85 1831 est
95 1788 260 1847 justitia
277 1798 379 1832 tua:
397 1788 443 1831 in
464 1787 551 1831 fide
575 1803 638 1831 res
657 1797 742 1841 est,
762 1786 958 1831 nondum
981 1787 1026 1830 in
1050 1788 1204 1846 specie.
1231 1787 1413 1848 Aliquid

22 1858 160 1902 credis
182 1867 232 1902 ut
254 1857 382 1902 facias
398 1893 409 1911 ,
434 1856 633 1901 nondum
658 1857 778 1901 vides
806 1856 927 1917 quod
949 1856 1100 1901 credis.
1130 1859 1242 1902 Cum
1266 1867 1413 1902 autem

21 1929 201 1989 coeperis
217 1928 365 1972 videre
381 1927 501 1989 quod
519 1928 754 1981 credidisti,
773 1927 982 1972 educetur
1003 1928 1048 1972 in
1068 1927 1234 1972 lumine
1245 1928 1413 1988 justitia

21 2007 96 2042 tua
123 2019 130 2043 :
157 1999 258 2059 quia
288 1999 455 2059 justitia
488 2007 563 2042 tua
587 2007 679 2042 erat
698 1997 806 2042 fides
831 2000 960 2043 tua⁰:
991 2017 1011 2040 α
1036 2000 1185 2043 Justus
1220 1999 1335 2042 enim
1359 2014 1412 2042 ex

24 2085 46 2109 ))
80 2068 167 2112 fide
188 2068 298 2112 Vivit
315 2070 346 2110 ⁷.
370 2086 390 2109 »

80 2141 180 2182 VII.
211 2158 231 2180 «
251 2141 308 2183 Et
330 2136 488 2182 educet
508 2137 629 2182 velut
649 2137 800 2182 lumen
817 2138 1031 2198 justitiam
1055 2148 1198 2193 tuam,
1234 2149 1279 2184 et
1296 2137 1413 2199 judi-

23 2225 46 2250 »
81 2209 197 2252 cium
214 2217 342 2252 tuum
367 2208 478 2252 sicut
499 2207 724 2252 meridiem
739 2211 772 2252 8.
799 2227 820 2249 »
848 2211 942 2252 Ηο6
963 2218 1027 2253 est
1054 2208 1220 2253 clarum
1241 2209 1411 2254 lumen.

22 2280 182 2323 Parum
206 2288 298 2323 erat
318 2278 461 2322 dicere
477 2314 487 2334 ‚
517 2297 538 2321 «
562 2281 619 2323 Ut
640 2278 806 2323 lumen.
835 2297 856 2321 >›
882 2283 1051 2324 Lumen
1073 2280 1186 2323 enim
1200 2281 1290 2339 jam
1310 2279 1413 2324 dici-

23 2357 120 2393 mus
142 2358 185 2393 et
213 2365 314 2393 cum
347 2349 527 2394 albescit
544 2385 554 2404 ‚
579 2348 731 2393 lumen
763 2349 945 2394 dicimus
967 2359 1013 2399 et
1030 2365 1131 2393 cum
1152 2348 1217 2393 sol
1244 2349 1407 2396 oritur:

22 2418 100 2464 sed
120 2435 349 2480 nunquam
370 2430 434 2464 est
454 2419 610 2465 clarior
628 2417 704 2464 lux
724 2435 857 2480 quam
878 2419 1021 2464 medio
1044 2418 1129 2464 die.
1149 2421 1247 2465 Non
1269 2419 1408 2465 solum

71 2521 82 2538 ¹
104 2515 218 2547 Matth.
238 2526 273 2558 v,
291 2515 323 2547 8.
350 2532 393 2538 —-
415 2522 429 2538 ²
453 2515 536 2548 Psal.
552 2527 665 2558 xxxvi,
692 2515 725 2547 5.
753 2532 794 2538 --
824 2514 838 2538 3
857 2514 924 2548 Gal.
943 2526 981 2558 v,
1004 2526 1055 2558 17.
1073 2515 1143 2548 —4
1164 2518 1256 2550 Rom.
1276 2527 1336 2558 vn,
1352 2516 1408 2558 24.

24 2586 67 2594 —-·
88 2568 106 2594 5
119 2569 199 2604 Psal.
222 2581 334 2613 xxxvx,
352 2570 385 2604 6.
402 2587 444 2594 —
457 2569 473 2594 6
491 2571 613 2605 nabao.
635 2582 670 2613 11,
689 2571 721 2613 4.
741 2587 782 2593 ——
798 2577 811 2604 7
830 2573 921 2605 Rom.
935 2581 958 2613 1,
978 2581 1029 2613 17.
1051 2588 1091 2595 —
1117 2569 1132 2594 8
1145 2571 1231 2605 Psal.
1247 2582 1359 2615 xxxvi,
1373 2570 1408 2604 6.
