1841 3223
345 210 427 249 496
776 219 809 248 5.
848 219 1076 249 Arausa-tm
1112 223 1291 250 Eius-com

336 287 450 329 dics¹
479 304 485 329 :
512 284 566 327 dc
589 299 676 343 quo
705 284 870 329 dictum
903 295 993 330 est:
1025 306 1042 327 «
1075 289 1186 330 Ecce
1209 287 1341 330 honio
1365 287 1437 346 qui
1465 303 1549 330 non
1583 289 1726 346 posuit

339 373 359 395 >›
399 358 533 399 Deum
555 353 798 414 adjutorem
817 371 965 410 suum,
991 356 1066 399 secl
1085 357 1271 414 speravit
1289 357 1332 399 in
1357 356 1639 400 multitudine
1662 357 1728 401 di-

338 442 358 465 »
393 424 595 467 vitiarum
618 440 792 467 suarum
808 460 817 478 ,
846 435 887 469 et
911 426 1139 484 proevaluit
1167 426 1210 468 in
1234 427 1426 470 vanitate
1446 442 1520 470 sua
1536 429 1582 470 ²?
1612 446 1631 467 »
1656 427 1728 471 Isti

334 504 437 539 sunt
453 495 657 539 fiorentes
682 494 758 538 filii
781 495 928 539 saeeuli
945 532 954 550 ,
979 512 1086 556 quos
1107 495 1236 540 modo
1256 511 1308 540 ex
1331 497 1567 553 Evangelio
1591 496 1728 541 audis-

336 565 387 609 tis
404 599 414 619 ,
440 566 541 626 quia
566 566 610 608 in
646 581 722 609 sua
751 567 1030 625 generatione
1058 567 1285 611 astutiores
1311 577 1412 610 sunt
1443 566 1540 611 siliis
1570 566 1678 611 lueis
1693 569 1724 611 ³.

337 636 510 680 Etenim
528 636 608 695 ipsi
629 637 834 680 videntur
849 637 1091 696 prospicere
1108 637 1153 680 in
1168 646 1404 696 posterum,
1426 653 1514 697 quo
1530 638 1730 682 nesciunt

337 717 485 752 utrum
514 709 705 752 veniant.
734 707 925 752 Audistis
948 707 1055 768 quid
1080 706 1229 752 feeerit
1250 707 1429 752 domino
1459 724 1537 752 suo
1562 708 1730 753 villicus

340 777 413 823 ille
435 779 596 823 faciens
622 779 702 822 sibi
734 778 899 822 bonum
924 779 978 822 de
1002 794 1046 822 re
1075 778 1241 823 domini
1265 779 1354 833 sui,
1382 788 1425 822 et
1446 778 1629 837 largiens
1658 781 1730 823 cle-

339 850 554 894 bitoribus
583 849 718 903 illius,
756 858 804 892 ut
829 865 928 893 eum
954 859 1121 894 amotus
1144 859 1253 894 essct
1278 867 1299 894 a
1322 849 1612 906 villicatione,
1637 866 1732 895 sus-

337 921 554 979 ciperetur
571 919 626 963 ab
645 919 719 963 eis.
738 922 794 963 Et
815 919 1012 979 quamvis
1035 918 1232 963 fraudem
1253 920 1404 964 fecerit
1426 921 1605 965 domino
1625 937 1703 966 suo
1717 957 1728 976 ,

339 1002 483 1036 tamen
508 1007 581 1036 eor
605 993 695 1051 ejus
716 990 911 1035 laudavit
937 992 1140 1036 dominus
1163 993 1275 1052 ejus,
1306 1008 1395 1036 non
1419 992 1648 1039 attendens
1677 993 1733 1037 ad

339 1062 551 1107 damnum
572 1079 722 1118 suum,
746 1062 822 1106 sed
844 1062 898 1106 ad
921 1064 1010 1123 ejus
1032 1064 1273 1122 ingenium.
1300 1069 1471 1116 Quanto
1497 1065 1631 1122 magis
1654 1080 1732 1109 nos

341 1134 552 1179 debemus
570 1170 580 1189 ,
607 1135 698 1194 ipso
721 1135 906 1179 Domino
935 1144 1083 1179 nostro
1109 1138 1211 1179 Jesu
1238 1135 1410 1180 Christo
1438 1135 1728 1191 admonente,

340 1206 481 1251 faeere
510 1206 635 1250 nobis
659 1206 798 1250 amico
820 1204 874 1249 dc
893 1221 1140 1251 mammona
1162 1206 1400 1267 iniquitatis
1416 1208 1463 1250 ⁴?
1484 1209 1733 1251 Mammona

339 1279 456 1321 e‘nim
494 1276 655 1321 divitiae
692 1276 1050 1336 interpretantur.
1089 1280 1257 1321 Nostrse
1296 1286 1441 1321 autem
1478 1276 1640 1320 divitiae
1671 1277 1733 1321 ibi

342 1358 444 1393 sunt
459 1384 469 1403 ,
494 1348 572 1392 ubi
602 1357 666 1392 est
685 1347 840 1392 domus
864 1356 1008 1391 nostra
1031 1357 1192 1392 {eterna
1214 1348 1259 1392 in
1281 1347 1414 1392 coelis.
1443 1348 1630 1392 Proinde
1655 1364 1731 1408 pe-

340 1419 515 1464 cuniam
539 1418 824 1478 temporalem
846 1418 908 1461 illi
931 1417 1153 1477 appellant
1182 1417 1351 1462 divitias
1370 1454 1380 1474 ,
1419 1419 1495 1479 qui
1517 1419 1597 1463 nisi
1622 1428 1733 1463 tcm-

339 1489 546 1550 poralitcr
570 1490 723 1534 ssorere
747 1505 835 1533 non
854 1498 1035 1548 possunt
1050 1524 1060 1543 ,
1085 1489 1227 1534 necin
1250 1499 1463 1534 eeternum
1493 1490 1572 1534 sibi
1595 1506 1645 1534 cx
1665 1490 1731 1535 his

341 1561 500 1605 amicos
524 1560 663 1604 faeere
687 1559 844 1604 volunt
873 1579 882 1604 :
907 1560 1009 1619 quia
1038 1575 1160 1604 veras
1183 1559 1354 1604 divitias
1385 1576 1475 1605 non
1497 1570 1729 1605 noverunt.

342 1635 428 1676 Has
452 1648 554 1691 ergo
577 1632 747 1676 divitias
775 1630 864 1675 sola
890 1631 1094 1690 iniquitas
1119 1640 1268 1691 putat,
1303 1632 1461 1675 florens
1483 1630 1538 1675 ad
1564 1640 1734 1691 tempus

339 1712 390 1747 ut
427 1702 613 1747 foenum.
650 1702 705 1746 Hi
734 1712 836 1746 sunt
866 1701 1029 1761 Ziphaei
1061 1702 1223 1745 inimici
1252 1700 1417 1757 David,
1453 1702 1657 1746 florentes
1689 1701 1734 1746 in

340 1774 517 1819 saeculo.

402 1849 484 1890 III.
512 1847 599 1889 Hos
631 1843 868 1904 aliquando
895 1844 1129 1888 attendunt
1152 1843 1279 1887 etiam
1306 1843 1380 1887 filii
1413 1842 1520 1887 lucis
1546 1844 1730 1899 infirmi,

340 1925 384 1961 et
405 1925 565 1960 nutant
587 1916 646 1958 eis
664 1914 817 1975 pedes,
839 1930 939 1958 cum
964 1913 1153 1957 viderint
1175 1913 1310 1957 malos
1333 1913 1539 1958 felicitate
1554 1914 1730 1971 florere,

341 1995 385 2031 et
413 1985 569 2030 dicunt
602 1985 718 2044 apud
743 2000 786 2028 se
815 1985 957 2044 ipsos:
985 1983 1101 2036 Quid
1126 1984 1229 2028 mihi
1259 1984 1434 2044 prodest
1458 1984 1734 2029 innocentia?

340 2057 449 2118 quid
471 2057 576 2100 mihi
601 2054 772 2100 confert
801 2054 921 2115 quod
946 2058 1035 2098 Deo
1067 2055 1229 2110 servio,
1266 2055 1386 2115 quod
1414 2055 1617 2100 mandata
1643 2057 1733 2116 ejus

339 2128 564 2182 custodio,
590 2126 711 2187 quod
743 2125 961 2169 neminem
986 2141 1164 2184 premo,
1204 2126 1365 2169 nemini
1389 2125 1555 2185 aliquid
1586 2127 1729 2186 rapio,

341 2198 452 2243 nulli
471 2214 624 2251 noceo,
645 2198 765 2258 quod
791 2212 963 2256 possum
984 2199 1168 2256 praestoP
1189 2199 1300 2241 Eece
1321 2197 1414 2240 lizee
1438 2197 1581 2241 omnia
1602 2196 1728 2253 facio,

341 2279 385 2314 et
409 2270 567 2314 florent
600 2267 685 2320 illi,
728 2284 808 2327 ego
838 2268 1005 2312 laboro.
1046 2267 1163 2320 Quid
1192 2267 1334 2311 enim?
1363 2270 1419 2311 Et
1452 2276 1499 2311 tu
1530 2268 1731 2327 Ziphoeus

340 2339 472 2384 velles
495 2340 610 2382 esse?
635 2337 814 2382 Florent
830 2338 874 2381 in
893 2336 1068 2392 saeeulo,
1086 2347 1279 2381 arescent
1302 2338 1345 2381 in
1361 2338 1543 2397 judicio,
1571 2347 1613 2381 et
1635 2349 1726 2398 post

339 2410 582 2455 ariditatem
606 2411 647 2453 in
670 2410 815 2469 ignem
837 2419 1049 2454 &eternum
1071 2409 1301 2453 mittentur
1320 2429 1328 2453 ε
1346 2410 1430 2454 hoe
1446 2409 1578 2453 velles
1596 2419 1639 2453 et
1658 2412 1730 2453 tn?

389 2514 397 2530 ¹
431 2509 466 2538 In
495 2507 704 2538 [narratione
735 2506 814 2538 Psal.
848 2518 890 2538 Li.
922 2523 957 2528 --
998 2513 1010 2528 2
1035 2506 1116 2537 l‘sal.
1139 2517 1187 2547 m,
1222 2517 1254 2548 9.
1283 2524 1319 2528 —-
1360 2505 1373 2528 3
1403 2508 1476 2537 Luc.
1511 2517 1587 2548 xvi,
1619 2505 1650 2538 8.
1689 2523 1729 2528 -—

342 2561 357 2593 t.
377 2563 458 2596 lbid.
477 2574 510 2606 9.
