1841 3223
425 245 667 276 munaum
699 249 744 275 m
776 245 979 276 PsALMUM
1011 251 1050 277 L.
1361 237 1444 279 443

62 313 183 357 nebit
193 315 211 356 Ρ
221 312 508 373 Responderit
521 312 674 368 David,
690 312 992 372 responderint
1003 313 1126 374 lapsi,
1142 314 1459 374 responderint>

61 399 159 428 cum
180 383 343 437 David,
370 392 419 426 ut
440 382 779 427 misericordiam
803 393 1051 427 mereantur
1072 384 1184 429 sicut
1211 385 1376 441 David,
1403 395 1446 431 et

61 453 208 498 dicant
231 472 240 497 :
285 455 404 508 Non,
447 453 630 497 Domine
646 488 657 508 ,
699 468 787 497 non
811 453 892 497 erit
908 454 1173 514 impunitum
1217 464 1445 515 peccatum

58 539 205 568 meum
228 543 236 568 :
261 524 363 568 novi
379 524 590 584 justitiam
609 524 722 584 ejus,
748 525 868 584 cujus
892 541 1042 584 quaero
1065 526 1401 571 misericordiam
1431 546 1442 572 z

57 609 146 639 non
161 594 425 654 impunitum
440 594 541 649 erit,
567 593 641 637 sed
659 593 756 637 ideo
774 593 875 639 nolo
891 629 902 649 ,
923 604 972 639 ut
992 604 1039 640 tu
1057 611 1127 639 me
1145 596 1297 655 punias
1311 632 1321 651 ,
1341 597 1443 657 quia

57 679 136 723 ego
157 674 385 724 peccatum
408 680 556 708 meum
576 664 711 724 punio
736 682 745 709 :
771 663 870 710 ideo
897 674 999 724 peto
1022 674 1072 709 ut
1094 666 1310 725 ignoscas,
1339 668 1443 727 quia

57 749 137 794 ego
161 749 361 792 agnosco.

111 808 235 850 Vm.
261 824 281 848 «
311 805 527 859 Quoniam
561 805 836 865 iniquitatem
869 820 1011 850 meam
1043 821 1122 865 ego
1155 822 1368 865 agnosco,
1399 814 1444 851 et

55 893 76 917 »
102 874 310 920 delictum
338 889 486 919 meum
518 891 665 920 coram
694 891 763 919 me
796 885 859 919 est
891 879 1101 936 semper1.
1135 895 1156 919 »
1185 880 1283 922 Non
1315 877 1443 937 posui

52 955 150 1006 post
173 945 349 990 dorsum
372 961 520 989 meum
537 945 658 1006 quod
689 945 796 1000 feci,
820 962 909 991 non
941 947 1115 992 intueor
1144 947 1249 992 alios
1279 946 1443 992 oblitus

52 1017 159 1071 mei,
180 1032 269 1061 non
283 1017 440 1061 affecto
457 1016 658 1076 stipulam
672 1017 823 1077 ejicere
838 1017 892 1061 de
912 1017 1040 1062 oculo
1053 1017 1195 1062 fratris
1213 1018 1295 1062 mei
1308 1053 1318 1073 ‚
1340 1033 1441 1062 cum

52 1086 105 1130 sit
124 1086 264 1131 trabes
285 1087 332 1130 in
348 1086 477 1131 oculo
504 1090 628 1131 meo²
654 1106 662 1130 :
688 1096 916 1146 peccatum
954 1103 1101 1131 meum
1130 1096 1231 1132 ante
1254 1103 1326 1131 me
1351 1097 1436 1142 est,

50 1173 140 1202 non
161 1165 258 1217 post
280 1172 363 1202 me.
387 1158 490 1202 Fuit
507 1158 622 1200 enim
643 1167 740 1217 post
754 1173 822 1201 me
839 1158 1017 1219 quando
1038 1158 1092 1203 ad
1110 1174 1178 1202 me
1200 1158 1354 1202 missus
1374 1168 1439 1203 est

52 1229 290 1287 Propheta,
316 1237 360 1272 et
381 1227 436 1272 de
458 1243 537 1272 ove
559 1228 761 1287 pauperis
789 1227 1120 1273 similitudinem
1145 1228 1251 1273 mihi
1274 1244 1439 1289 propo-

50 1299 149 1342 suit.
175 1299 248 1343 Ait
277 1298 391 1342 enim
419 1299 590 1343 Nathan
607 1300 818 1358 propheta
843 1299 896 1342 ad
930 1298 1066 1343 David
1092 1319 1100 1343 z
1136 1318 1155 1340 «
1193 1302 1297 1344 Erat
1319 1299 1438 1344 dives

52 1386 72 1410 »
96 1367 275 1428 quidam
304 1369 467 1412 habens
500 1367 704 1425 plurimas
734 1383 860 1426 oves3
890 1383 1057 1428 pauper
1092 1378 1235 1412 autem
1269 1369 1438 1414 vicinus

49 1456 69 1480 »
92 1440 184 1499 ejus
207 1439 396 1483 habebat
417 1454 551 1482 unam
583 1439 820 1492 oviculam,
854 1455 987 1499 quam
1020 1440 1065 1482 in
1089 1440 1186 1483 sinu
1215 1456 1293 1484 suo
1313 1449 1356 1484 et
1382 1439 1438 1485 de

0 1509 4 1513 ’
49 1527 69 1550 »
90 1524 168 1553 suo
194 1509 293 1553 cibo
315 1509 538 1553 nutriebat
565 1529 573 1553 ;
599 1509 719 1553 venit
739 1509 895 1568 hospes
919 1509 1064 1567 diviti3
1097 1509 1205 1553 nihil
1225 1509 1280 1554 de
1309 1525 1437 1569 grege

48 1598 68 1621 »
87 1595 166 1624 suo
189 1579 390 1635 abstulit,
411 1579 626 1624 oviculam
646 1579 775 1623 vicini
794 1580 997 1639 pauperis
1014 1581 1280 1640 concupivit,
1299 1581 1436 1640 ipsam

47 1669 68 1692 »
89 1667 167 1696 suo
183 1652 342 1711 hospiti
370 1651 530 1696 oceidit
551 1671 559 1696 ε
585 1650 693 1711 quid
715 1650 874 1710 dignus
897 1653 1019 1695 estss?
1045 1670 1064 1692 »
1091 1654 1148 1695 At
1174 1651 1248 1695 ille
1269 1651 1436 1712 profert

43 1722 178 1767 iratus
207 1723 464 1766 sententiam
497 1742 505 1766 :
541 1722 670 1782 plane
705 1731 810 1766 tunc
839 1737 912 1765 rex
947 1722 1139 1767 nesciens
1173 1723 1249 1767 ubi
1282 1732 1435 1782 captus

36 1802 173 1848 esset,
199 1802 340 1837 morte
361 1792 545 1852 dignum
582 1792 761 1837 divitem
785 1791 914 1847 dixit,
951 1801 993 1835 et
1017 1807 1142 1836 ovem
1164 1792 1432 1838 reddendam

42 1863 87 1907 in
109 1862 420 1923 quadruplum.
450 1863 721 1908 Severissime
744 1872 874 1922 atque
891 1862 1138 1922 justissime.
1168 1862 1250 1907 Sed
1276 1878 1432 1922 pecca-

42 1943 135 1978 tum
160 1936 250 1994 ejus
267 1934 465 1979 nondum
481 1944 572 1978 erat
589 1950 734 1979 coram
763 1950 814 1978 eo
831 1970 840 1988 ‚
870 1943 966 1993 post
981 1934 1159 1978 dorsum
1192 1943 1282 1978 erat
1310 1935 1433 1995 quod

40 2004 202 2051 fecerat
227 2024 236 2050 2
273 2020 394 2049 suam
418 2005 693 2065 iniquitatem
722 2004 921 2048 nondum
951 2004 1236 2062 agnoscebat,
1264 2013 1306 2048 et
1334 2004 1432 2049 ideo

41 2073 192 2118 alienae
211 2090 300 2119 non
316 2075 583 2133 ignoscebat.
613 2075 695 2119 Sed
719 2075 933 2134 Propheta
953 2073 1007 2118 ad
1026 2075 1109 2119 hoc
1124 2075 1276 2118 missus
1294 2110 1304 2128 ‚
1331 2074 1432 2118 ahs-

38 2145 89 2190 lit
111 2163 133 2191 a
155 2145 282 2190 dorso
310 2155 559 2205 peccatum,
595 2155 637 2190 et
669 2155 768 2190 ante
801 2146 947 2191 oculos
982 2147 1154 2206 posuit,
1180 2154 1230 2189 ut
1260 2145 1430 2190 videret

37 2214 154 2260 illam
178 2216 433 2260 sententiam
452 2224 541 2260 tam
564 2231 755 2260 severam
772 2216 818 2259 in
840 2232 884 2260 se
907 2232 996 2260 esse
1019 2215 1247 2275 prolatam.
1269 2215 1337 2260 Ad
1363 2231 1431 2259 se-

38 2285 225 2330 candum
248 2296 291 2329 et
312 2285 556 2329 sanandum
586 2285 745 2329 vulnus
768 2277 922 2330 >cordis
958 2287 1047 2345 ejus
1064 2321 1079 2340 ,
1115 2284 1430 2329 ferramentum

37 2355 140 2400 feeit
160 2356 214 2399 de
231 2356 381 2414 lingua
408 2357 516 2416 ejus.
539 2358 632 2400 Hoc
649 2356 753 2400 fecit
781 2357 990 2401 Dominus
1021 2359 1044 2400 J
1051 2356 1184 2402 udaeis
1203 2391 1214 2410 ‚
1248 2356 1427 2416 quando

38 2426 92 2471 ad
125 2443 225 2470 eum
255 2427 495 2471 adulteram
530 2427 757 2471 mulierem
800 2427 1094 2481 adduxerunt,
1132 2437 1426 2488 proponentes

37 2496 240 2558 laqueum
256 2499 517 2554 tentationis‚
538 2499 637 2542 etin
650 2499 694 2542 id
707 2498 826 2559 quod
841 2508 1155 2559 proposuerant
1165 2498 1420 2544 incidentes.

86 2588 93 2604 ¹
116 2581 195 2614 Psal.
215 2593 245 2623 L,
260 2582 291 2614 5.
308 2599 349 2605 —-
369 2589 382 2605 2
400 2583 514 2614 Matth.
533 2593 589 2624 vn,
611 2583 641 2614 3.
663 2599 704 2606 ——
724 2581 736 2606 3
755 2591 774 2615 2
791 2585 867 2624 Reg.
889 2593 944 2624 ιιι,
965 2582 1045 2614 2-6.
