1841 3223
376 264 618 294 ENARRATIO
649 267 696 294 m
727 265 930 294 PsALMUM
962 267 1098 293 XLvn.
1338 252 1423 292 359

43 345 284 389 surgamus·
325 329 678 389 Respondeamus
715 329 875 374 talibus
917 328 1263 388 suggestionibus
1301 328 1425 389 quod
1458 352 1460 355 ·

43 402 267 462 respondit
294 402 393 446 Job.
416 404 524 445 Nam
549 410 592 444 et
608 402 750 460 ipsum
771 417 850 460 per
866 401 1094 446 fleminam
1114 410 1323 461 tanquam
1348 416 1426 460 per

43 476 179 518 Evam
206 472 410 526 tentavit,
443 480 486 515 et
517 471 620 515 vicit
646 471 692 514 in
713 474 942 527 stereore1,
970 472 1108 516 victus
1138 471 1183 515 in
1209 470 1424 531 paradiso.

42 545 160 602 Ergo
180 558 270 587 non
291 541 518 586 audiamus
541 540 647 585 tales
664 556 813 596 voces,
838 557 918 586 nec
934 551 1139 601 putemus
1157 557 1317 602 paucos
1338 557 1428 586 esse

41 613 144 657 istos
164 632 172 657 :
197 611 325 656 multi
347 620 472 666 sunt,
499 611 574 655 sed
595 611 708 655 inter
729 610 874 670 plures
898 611 1049 656 latent.
1075 615 1172 658 Non
1199 627 1428 672 possumus

0 685 6 688 ”
42 683 158 727 enim
189 697 346 741 negare
376 681 522 741 plures
555 696 645 725 esse
665 680 823 736 malos,
853 690 895 725 et
922 691 1010 725 tam
1032 681 1203 741 plures,
1238 692 1288 727 ut
1316 683 1430 727 inter-

42 768 114 797 eos
137 768 312 812 prorsus
342 752 447 796 boni
469 767 559 796 non
580 760 841 810 appareant,
867 751 1090 811 quomodo
1110 767 1200 796 non
1217 762 1428 811 apparent

44 839 178 883 grana
198 823 245 866 in
267 838 379 869 area.
401 825 510 866 Nam
535 822 731 882 quisquis
758 837 900 866 aream
932 821 1076 877 videt,
1105 831 1248 882 potest
1274 832 1429 882 putare

42 892 163 954 quod
196 892 319 953 palea
346 892 435 936 sola
467 892 534 936 sit.
570 895 632 936 Da
664 892 883 936 hominem
907 893 1205 952 inexpertum,
1237 902 1282 937 et
1302 902 1430 953 putat

39 963 225 1008 inaniter
241 962 333 1006 fieri
346 961 468 1022 quod
487 962 616 1006 boves
638 962 888 1017 mittuntur,
914 963 1034 1022 quod
1050 963 1110 1006 ibi
1126 963 1324 1007 homines
1345 963 1426 1007 sub

38 1043 148 1078 aestu
167 1032 384 1077 desudant
404 1042 455 1076 ut
482 1042 710 1077 conterant
729 1033 921 1092 paleam3
947 1033 1022 1077 sed
1047 1034 1108 1077 ibi
1132 1043 1196 1078 est
1216 1044 1260 1078 et
1289 1050 1429 1079 massa

38 1103 319 1149 ventilatione
347 1102 589 1162 purganda.
630 1106 752 1147 Tunc
785 1102 992 1162 procedet
1026 1104 1150 1163 copia
1184 1104 1423 1160 frumenti,

39 1190 140 1235 quae
167 1173 330 1218 latebat
348 1174 391 1217 in
410 1174 532 1233 copia
559 1173 797 1234 palearum.
823 1176 880 1219 Et
901 1175 1032 1219 modo
1048 1175 1111 1219 vis
1133 1175 1327 1220 invenire
1347 1175 1428 1221 bo-

40 1246 147 1289 nos?
167 1247 295 1299 Esto,
320 1253 364 1287 et
386 1244 592 1288 invenies.

97 1317 155 1359 X.
190 1316 352 1359 Contra
378 1314 501 1358 istam
529 1327 632 1371 ergo
655 1312 998 1373 desperationem
1020 1313 1119 1359 vide
1141 1314 1249 1375 quid
1271 1330 1428 1375 sequa-

40 1394 113 1430 tur
132 1385 178 1434 in
200 1384 372 1430 Psalmo
394 1385 490 1428 isto.
512 1384 727 1438 Quoniam
749 1399 850 1428 cum
866 1383 1039 1429 dixisset
1059 1405 1066 1429 ;
1097 1404 1116 1427 «
1131 1386 1423 1445 Suscepimus‚

42 1473 63 1497 »
98 1458 230 1510 Deus,
250 1453 585 1499 misericordiam
598 1463 719 1498 tuam
740 1454 785 1498 in
802 1453 946 1499 medio
963 1453 1113 1514 populi
1131 1456 1195 1499 tui
1216 1475 1225 1499 ε
1252 1475 1269 1498 »
1291 1456 1427 1514 signi-

38 1525 182 1569 ficavit
198 1540 288 1568 esse
311 1524 522 1584 populum
540 1540 629 1569 non
646 1524 948 1584 suscipientem
969 1524 1306 1569 misericordiam
1329 1527 1423 1580 Dei,

37 1595 84 1639 in
103 1596 226 1655 cujus
247 1594 392 1639 medio
414 1595 594 1655 quidam
617 1595 851 1654 suscipiant
872 1595 1210 1640 misericordiam
1235 1597 1312 1640 Dei
1342 1613 1353 1640 .·
1381 1606 1426 1641 et

37 1681 93 1710 ne
114 1675 361 1711 occurreret
375 1666 626 1710 hominibus
638 1701 648 1721 ‚
665 1675 754 1710 tam
771 1682 932 1725 paucos
955 1683 1044 1711 esse
1057 1703 1067 1722 ,
1088 1677 1138 1711 ut
1159 1684 1294 1727 prope
1312 1668 1427 1713 nulli

37 1735 145 1792 sint3
164 1734 386 1796 quomodo
404 1735 653 1780 consolatus
672 1745 734 1779 est
751 1737 1118 1796 consequentibus
1134 1737 1308 1784 verbis?
1325 1758 1344 1780 «
1358 1741 1427 1784 Se-

42 1825 61 1847 »
94 1805 291 1850 cundum
317 1820 479 1849 nomen
506 1814 659 1860 tuum,
690 1809 805 1850 Deus
823 1842 832 1857 ,
862 1807 921 1850 ita
946 1816 989 1851 et
1018 1807 1112 1851 laus
1145 1818 1220 1852 tua
1244 1809 1289 1852 in
1318 1809 1426 1854 fines

40 1892 62 1919 η
95 1878 263 1924 terrae&
289 1892 310 1916 »
336 1873 452 1928 Quid
474 1884 538 1919 est
553 1876 662 1919 hoc?
679 1879 893 1934 «Magnus
913 1878 1145 1933 Dominus,
1169 1888 1211 1922 et
1225 1878 1427 1924 laudat-i-

40 1963 61 1989 »
84 1945 136 1989 lis
150 1944 289 2000 valde,
304 1945 351 1989 in
362 1945 536 1991 civitate
548 1945 627 1989 Dei
639 1946 789 2001 nostri,
803 1947 847 1990 in
861 1956 1009 1991 monte
1025 1957 1174 1993 sancto
1187 1950 1293 2009 ejus3
1308 1967 1328 1990 »
1346 1965 1426 1994 nco

38 2024 179 2075 potest
212 2031 301 2060 esse
321 2015 415 2060 laus
443 2017 535 2076 ejus
551 2050 561 2070 ,
591 2015 672 2059 nisi
695 2016 740 2059 in
761 2018 917 2061 sanctis
943 2019 1049 2078 ejus.
1075 2021 1183 2063 Nam
1213 2019 1289 2079 qui
1312 2019 1426 2064 male

36 2086 211 2141 vivunt,
247 2101 337 2130 non
373 2094 474 2129 eum
503 2085 712 2143 laudant3
743 2086 818 2130 sed
847 2097 890 2131 et
916 2088 951 2132 si
980 2088 1220 2147 praedicant
1246 2089 1419 2148 lingua,

37 2155 343 2216 blasphemant
357 2157 459 2200 vita.
476 2156 586 2209 Quia
603 2171 706 2214 ergo
723 2157 815 2201 laus
833 2159 923 2218 ejus
935 2174 1025 2202 non
1038 2168 1101 2202 est
1113 2160 1193 2203 nisi
1205 2160 1251 2204 in
1265 2162 1423 2205 sanctis

36 2226 143 2286 ejus,
169 2241 258 2270 non
283 2225 365 2270 sibi
386 2226 534 2270 dicant
553 2227 745 2271 haeretici
764 2246 771 2271 :
797 2230 849 2271 In
865 2228 990 2272 nobis
1002 2230 1206 2273 remansit
1222 2228 1316 2274 laus
1330 2231 1421 2290 ejus

36 2296 139 2356 quia
159 2296 287 2356 pauci
302 2312 471 2350 sumus,
492 2305 536 2340 et
558 2313 578 2340 a
598 2297 727 2341 turba
748 2300 952 2357 separati,
980 2315 1057 2343 nos
1070 2301 1186 2360 juste
1208 2300 1416 2357 vivimus,

36 2381 115 2411 nos
140 2365 368 2410 laudamus
393 2369 531 2410 Deum
548 2401 558 2421 ‚
589 2383 677 2411 non
699 2368 838 2412 solum
858 2369 1106 2429 loquendo,
1133 2372 1418 2416 verumetiam

37 2435 346 2482 conversando.
373 2436 678 2496 Responde‘tur
705 2439 763 2483 eis
785 2454 834 2482 ex
866 2440 949 2484 hoc
973 2440 1142 2485 Psalmo
1169 2461 1177 2487 :
1203 2441 1319 2495 Quid
1342 2458 1419 2487 vos

38 2504 174 2549 dicitis
201 2505 246 2549 in
268 2515 388 2565 parte
409 2506 587 2551 laudare
609 2510 770 2563 Deum,
796 2509 865 2553 cui
888 2509 1054 2554 dictum
1084 2520 1147 2555 est
1174 2531 1181 2554 :
1218 2515 1418 2566 «Secun-

69 2594 96 2610 ‘1
117 2588 334 2622 Job..18-10.
357 2606 397 2611 —
420 2597 433 2612 ²
449 2590 530 2621 psal.
551 2601 650 2631 nvn,
674 2603 722 2622 11.
