1841 3223
412 246 652 276 mummulo
684 248 729 274 nv
762 246 963 275 PsALMUM
996 248 1114 274 xtvr.
1360 233 1443 274 343

7 312 9 366 ]
69 314 232 357 Verum
254 322 343 368 est,
373 311 481 356 dixit
506 313 590 356 hoc
612 315 747 366 Deus,
768 321 811 356 et
827 311 1131 371 superbierunt
1150 310 1252 356 inde
1269 313 1293 356 J
1300 309 1410 355 udaei
1431 343 1443 367 ‚

69 391 113 427 et
137 383 340 427 dixerunt
372 401 380 426 :
409 400 431 424 «
454 383 540 426 Nos
564 375 644 424 'filii
665 381 853 425 Abrahae
876 397 1024 426 sumus
1041 384 1070 426 ¹.
1095 400 1114 422 »
1142 381 1448 441 Superbientes

7 459 9 498 ἒ
69 454 125 497 de
146 452 322 497 nomine
348 460 550 511 paterno,
576 459 772 509 gerentes
794 452 886 511 ejus
908 464 1109 506 carnem,
1135 467 1225 496 non
1253 461 1449 496 tenentes

69 525 162 584 ejus
183 523 344 580 fidem3
368 522 531 566 semine
567 520 837 566 adhaerentes
853 555 864 576 ‚
903 522 1094 566 moribus
1119 521 1444 580 degenerantes.

2 598 9 652 ᾗῇ
68 593 266 654 Denique
280 592 485 637 Dominus
506 590 612 652 quid
635 592 694 635 ait
713 591 772 635 eis
794 592 854 636 ita
870 592 1254 651 superbientibus?
1273 611 1293 634 «
1312 593 1356 638 Si
1372 593 1450 637 filii

71 680 93 705 »
108 663 296 707 Abrahae
310 663 425 718 estis,
442 661 556 706 facta
569 662 757 707 Abrahae
773 662 901 706 facite
914 665 945 705 2.
961 681 980 703 »
994 664 1103 706 Item
1116 662 1224 723 quid
1244 662 1351 708 dixit
1366 662 1450 708 illis

2 766 10 785 .,
68 736 93 779 J
96 748 257 779 oannes
271 733 543 779 venientibus
555 742 598 778 et
614 733 1045 778 contremiscentibus
1058 732 1321 793 quibusdam
1335 734 1453 793 ipso⁶

9 792 11 814 ³
68 818 188 860 rum,
213 805 290 865 qui
311 816 355 849 se
375 803 632 864 poenitendo
653 804 866 862 corrigere
881 803 1145 849 voluerunt?
1173 822 1194 846 «
1220 804 1452 864 Progenies

71 893 92 917 »
117 875 378 934 viperarum.
394 877 563 919 »Erant
581 874 697 918 enim
712 874 866 934 iniqui,
886 883 1009 919 erant
1023 873 1197 933 perditi,
1216 883 1341 918 erant
1354 890 1453 935 pec-

2 962 5 989 ι
69 953 259 1000 catores,
283 953 409 989 erant
429 944 579 1004 impii³
601 963 610 989 :
638 953 853 989 venerunt
874 943 930 988 ad
946 943 1210 1004 baptismum
1236 945 1415 990 Joannis
1437 964 1447 992 ε

10 1054 11 1057 ,
68 1024 112 1060 et
127 1014 236 1076 quid
250 1015 310 1059 eis
324 1012 458 1059 dicit?
476 1016 742 1074 «Progenies
763 1016 1060 1075 viperarum.»
1089 1014 1157 1059 Illi
1178 1030 1223 1060 se
1244 1015 1450 1061 'dicebant

0 1092 4 1106 ⁴
68 1085 179 1131 filios
195 1085 400 1141 Abrahae,
414 1094 457 1130 et
477 1085 567 1145 ipse
586 1084 683 1131 illos
706 1085 876 1130 dicebat
898 1084 1007 1130 filios
1026 1086 1288 1145 viperarum.
1310 1088 1449 1132 Num·

1 1173 11 1214 1¹
68 1155 176 1217 quid
196 1156 419 1201 Abraham
438 1157 583 1216 vipera
600 1158 720 1200 erat?
735 1155 820 1200 Sed
832 1155 934 1215 quia
953 1154 1065 1199 male
1085 1154 1272 1200 vivendo
1293 1155 1451 1203 daemo-

10 1235 11 1263 ἓ
68 1241 145 1270 nes
165 1225 322 1270 imitati
341 1235 480 1282 erant,
495 1235 539 1270 et
557 1241 708 1270 eorum
730 1225 808 1269 filii
829 1224 933 1270 facti
954 1234 1092 1280 erant,
1112 1240 1221 1286 quos
1239 1225 1451 1273 imitando

68 1295 180 1340 male
194 1296 427 1342 vivebant:
458 1315 479 1338 «
498 1296 746 1355 Progenies,
766 1296 930 1355 inquit,
954 1296 1201 1355 viperarum
1218 1330 1229 1352 ‚
1255 1297 1351 1357 quis
1373 1311 1452 1342 vo-

72 1383 92 1408 »
127 1365 194 1411 bis
215 1366 405 1411 ostendit
423 1366 576 1426 fugere
593 1366 650 1410 ab
667 1366 729 1411 ira
748 1367 957 1411 ventura?
970 1366 1117 1411 Facite
1138 1380 1239 1424 ergo
1256 1366 1450 1412 fructum

3 1468 5 1471 ι
71 1455 93 1480 »
127 1437 308 1496 dignum
324 1438 620 1498 poenitentiae3
637 1446 679 1481 et
700 1437 832 1482 nolite
848 1436 992 1482 dicere
1011 1437 1128 1497 apud
1141 1439 1447 1498 vosmetipsos:

10 1505 13 1511 ⁴
71 1525 92 1550 »
127 1510 299 1552 Patrem
325 1508 537 1554 habemus
560 1507 781 1552 Abraham
797 1542 808 1563 ‚
833 1516 875 1552 et
899 1508 1022 1568 quasi
1041 1508 1266 1568 superbire
1293 1507 1349 1553 de
1371 1524 1450 1569 ge-

11 1608 14 1638 2,
71 1596 92 1621 ι»
126 1593 230 1623 nere
260 1578 461 1623 Abrahae.
487 1582 645 1623 Potens
666 1587 731 1622 est
758 1578 874 1622 enim
901 1583 1011 1622 Deus
1032 1577 1087 1622 de
1114 1577 1332 1640 lapidibus
1361 1579 1450 1624 istis

71 1666 92 1691 υ
116 1649 320 1694 suscitare
331 1649 441 1694 filios
453 1648 808 1695 Abrahae⁴.»Non
819 1649 933 1693 enim
947 1663 1224 1694 remansurus
1237 1658 1301 1694 est
1312 1650 1452 1695 Abra-

11 1724 13 1761 Ῐ
68 1718 170 1763 ham
191 1719 281 1763 sine
309 1718 408 1763 filiis
423 1753 435 1775 ‚
459 1719 494 1763 si
524 1733 598 1763 vos
619 1718 890 1764 damnaverit
910 1724 1020 1763 Deus
1042 1738 1050 1763 :
1075 1727 1229 1777 potens
1251 1729 1314 1765 est
1335 1721 1450 1765 enim

12 1794 14 1831 ζ
68 1798 113 1834 et
139 1789 346 1834 damnare
375 1804 486 1849 quos
507 1788 602 1834 odit
620 1824 632 1844 ,
667 1798 711 1833 et
731 1788 794 1833 illi
815 1787 995 1833 reddere
1021 1805 1131 1849 quos
1157 1790 1368 1849 promisit.
1393 1794 1451 1836 Et

0 1861 13 1924 2]
69 1858 187 1904 unde
209 1859 272 1904 illi
286 1858 535 1904 redditurus
549 1867 612 1903 est
634 1859 759 1914 filios,
774 1859 808 1903 si
829 1858 1009 1903 damnat
1026 1859 1233 1904 Hebraeos
1249 1860 1305 1904 de
1322 1877 1452 1907 carne

0 1934 14 1972 ,ἱ
70 1931 161 1990 ejus
177 1930 425 1989 progenitos
437 1931 454 1971 ‘2
467 1948 486 1971 «
497 1935 554 1973 De
565 1928 783 1989 lapidibus
799 1929 904 1973 istis.
924 1928 1225 1974 »Ostendebat
1241 1929 1324 1974 illis
1343 1931 1451 1991 lapi-

71 2000 146 2047 des
172 2001 218 2045 in
239 2016 400 2045 eremo.
423 2000 506 2054 Qui
523 2010 647 2045 erant
665 2000 828 2060 lapides
849 2001 929 2044 nisi
952 2002 1111 2045 Gentes
1126 2037 1136 2056 ‚
1165 2018 1264 2062 quae
1285 2001 1450 2062 lapides

13 2089 15 2113 ;
71 2070 336 2117 adorabant?
357 2070 539 2130 Lapides
556 2072 720 2131 quare?
741 2069 978 2115 Adorando
999 2070 1187 2130 lapides,
1207 2071 1311 2116 dicti
1327 2083 1452 2119 erant

12 2180 13 2184 ,
69 2141 234 2202 lapides
254 2161 263 2187 :
283 2141 386 2202 quia
403 2141 597 2186 Psalmus
612 2139 870 2200 praedixerat
891 2160 899 2185 :
919 2140 1120 2186 «Similes
1142 2140 1225 2186 illis
1247 2143 1355 2187 fiant
1375 2145 1452 2203 qui

2 2204 14 2251 :T
74 2230 95 2254 »
117 2210 283 2257 faciunt
303 2227 374 2267 ea,
405 2221 448 2256 et
469 2227 619 2256 omnes
640 2212 716 2272 qui
738 2211 966 2257 confidunt
988 2212 1033 2256 in
1055 2212 1154 2256 eis⁵.
1174 2229 1194 2254 »
1213 2215 1376 2257 Tamen
1395 2212 1452 2258 de

4 2293 15 2339 ’ζ
71 2281 171 2341 ipsis
203 2281 421 2342 lapidibus
450 2281 640 2327 reddidit
660 2281 770 2327 filios
791 2282 980 2327 Abrahae
1001 2299 1010 2326 z
1035 2280 1167 2326 modo
1203 2298 1352 2327 omnes
1374 2283 1453 2343 qui

13 2378 15 2397 ,¹
71 2350 236 2411 lapides
273 2352 559 2398 adorabamus
586 2352 781 2397 conversi
806 2354 862 2396 ad
888 2352 1140 2407 Dominum,
1166 2352 1242 2396 filii
1263 2353 1452 2397 Abrahae

73 2421 177 2468 facti
196 2438 367 2479 sumus,
392 2439 484 2468 non
509 2423 713 2468 ducendo
740 2423 795 2467 ab
818 2422 894 2467 illo
920 2434 1115 2478 carnem,
1141 2423 1216 2468 sed
1243 2422 1453 2469 imitando

125 2522 133 2541 ¹
153 2520 242 2551 Joan.
269 2523 341 2559 vm,
361 2514 414 2551 33.
434 2535 476 2541 -
492 2523 506 2541 ²
524 2517 604 2551 lbid.
627 2518 679 2559 39.
699 2534 741 2541 --
761 2515 774 2542 3
790 2516 902 2550 Matth.
919 2528 970 2558 ιιι,
988 2525 1019 2558 7.
1042 2516 1202 2550 -lolbist
1223 2529 1255 2560 9.
1273 2535 1312 2542 -—
1339 2516 1354 2541 ⁵
1371 2517 1450 2551 Psal.

75 2584 162 2616 cxm,
181 2574 212 2606 8.
