1841 3223
375 241 615 271 ENARRATIO
647 245 691 271 nv
723 243 925 271 PsALMUM
957 245 1092 271 vair.
1339 234 1422 273 355

44 313 242 349 nostrum
263 307 308 349 in
340 306 444 350 Sion
465 306 539 360 sit,
577 306 637 350 ibi
659 306 838 350 stabiliri
862 307 1070 351 debemus
1088 342 1099 361 ,
1136 322 1224 351 non
1251 308 1424 367 perflari
1456 355 1458 357 ,

45 375 164 418 omni
181 384 313 419 vento
327 373 536 419 doctrinae
547 378 575 418 1.
596 394 615 416 »
634 377 909 436 Quicumque
931 393 1032 436 ergo
1046 393 1096 420 ex
1110 377 1281 421 incertis
1296 379 1424 438 hujus

43 444 144 490 vitae
167 453 436 499 tumuerant,
461 454 709 489 evertantur
726 467 738 502 3
758 455 801 490 et
817 447 1068 506 subjiciatur
1089 447 1262 492 Christo
1284 449 1424 492 omnis

43 514 246 574 superbia
267 515 485 574 gentium,
515 533 536 557 ‹<
556 516 810 560 Conterenti
833 516 880 559 in
904 516 1058 575 spiritu
1078 515 1268 562 violento
1296 534 1426 563 naves

47 605 68 628 »
104 586 274 631 Tharsis
294 603 303 627 ι
323 602 451 631 »non
473 588 788 648 cujuscumque
805 586 1010 642 civitatis,
1036 588 1127 643 sed,
1157 609 1177 631 «
1195 590 1380 634 Tharsis.
1401 607 1422 631 »

45 657 276 710 Quomodo
301 676 322 699 «
348 660 400 701 In
425 658 578 717 spiritu
597 657 820 703 violento?
840 676 859 699 »
888 658 1060 702 Timore
1082 659 1330 704 fortissimo.
1358 661 1426 705 Sic

45 727 163 771 enim
183 741 283 771 eum
302 729 479 772 tremuit
496 728 636 772 omnis
656 728 857 787 superbia
869 727 1187 788 judicaturum,
1213 739 1264 774 ut
1279 729 1326 773 in
1343 730 1428 774 hu-

45 796 192 841 milem
215 797 431 853 crederet,
456 813 511 842 ne
526 797 740 842 excelsum
758 807 1072 858 expavesceret.

104 870 203 913 VII.
242 887 264 911 (ι
290 868 410 913 Sicut
427 868 686 924 audivimus,
710 869 770 914 ita
792 878 834 913 et
855 869 1112 914 vidimus2.»
1138 871 1176 914 Ο
1197 870 1324 915 beata
1344 873 1431 916 Ec-

46 938 198 983 clesia!
225 939 414 1000 quodam
430 949 626 1000 tempore
639 941 812 995 audisti,
838 940 1029 1001 quodam
1050 951 1245 1001 tempore
1266 941 1425 987 vidisti.

46 1008 226 1055 Audivit
256 1011 301 1054 in
334 1011 714 1070 promissionibus,
738 1011 858 1056 videt
884 1013 930 1055 in
952 1012 1287 1057 exhibitionibus
1314 1033 1323 1058 ς
1350 1029 1429 1058 au-

46 1079 155 1124 divit
174 1079 221 1124 in
241 1081 469 1140 prophetia
485 1116 496 1137 ‚
526 1081 645 1126 videt
664 1083 710 1126 in
731 1081 981 1141 Evangelio.
1008 1083 1164 1127 Omnia
1191 1083 1307 1127 enim
1328 1100 1429 1143 quae

46 1149 178 1195 modo
214 1150 506 1210 complentur,
541 1161 666 1196 antea
691 1153 948 1212 prophetata
972 1162 1087 1197 sunt.
1124 1154 1254 1212 Erige
1280 1153 1429 1198 oculos

45 1235 174 1279 ergo,
211 1230 254 1265 et
288 1220 489 1265 diffunde
516 1238 594 1282 per
624 1222 861 1279 mundum,
894 1223 992 1267 vide
1013 1224 1104 1283 jam
1132 1223 1429 1269 haereditatem

45 1307 184 1352 usque
212 1291 268 1336 ad
289 1292 495 1336 terminos
526 1293 642 1337 orbis
665 1302 790 1337 terrae
825 1313 834 1338 :
858 1293 956 1337 vide
981 1295 1071 1353 jam
1105 1293 1276 1353 impleri
1306 1294 1428 1355 quod

46 1360 214 1406 dictum
230 1371 294 1406 est
314 1381 323 1407 ε
347 1381 367 1405 «
387 1362 647 1408 Adorabunt
668 1380 768 1408 eum
790 1379 939 1408 omnes
957 1379 1077 1423 reges
1103 1374 1224 1408 terrae
1241 1399 1251 1419 ‚
1278 1381 1428 1409 omnes

48 1450 70 1474 n
105 1442 253 1492 gentes
270 1434 458 1477 servient
476 1433 579 1478 illi³.
594 1452 614 1475 »
634 1434 744 1479 Vide
763 1433 993 1494 impletum
1017 1449 1106 1478 esse
1120 1434 1241 1494 quod
1261 1434 1428 1479 dictum

45 1512 111 1548 est
134 1522 143 1548 2
173 1503 406 1548 «Exaltare
425 1519 556 1564 super
578 1504 728 1560 coelos,
753 1508 889 1558 Deus,
910 1514 954 1549 et
976 1520 1106 1564 super
1131 1520 1306 1549 omnem
1341 1515 1429 1550 ter-

48 1591 71 1615 »
104 1588 197 1617 ram
219 1573 356 1632 gloria
376 1582 452 1618 tua
470 1575 502 1618 ⁴.
520 1594 537 1615 »
563 1573 674 1619 Vide
691 1575 814 1619 illum
833 1576 953 1634 cujus
969 1573 1101 1634 pedes
1119 1583 1162 1618 et
1178 1590 1333 1619 manus
1354 1575 1431 1619 fixi

45 1652 148 1687 sunt
170 1642 319 1699 clavis,
344 1645 468 1704 cujus
489 1660 582 1689 ossa
597 1645 643 1688 in
664 1643 784 1703 ligno
802 1644 1035 1704 pendentia
1059 1655 1287 1689 numerata
1308 1654 1424 1700 sunt,

46 1729 175 1773 super
193 1715 315 1773 cujus
333 1714 637 1759 vestimentum
654 1730 742 1759 sors
760 1715 885 1775 missa
902 1724 965 1759 est
979 1717 993 1740 ⁵
1012 1733 1021 1758 :
1041 1714 1140 1758 vide
1157 1725 1426 1774 regnantem,

46 1799 180 1844 quem
199 1783 263 1827 illi
292 1784 497 1829 viderunt
517 1784 780 1844 pendentem
808 1804 816 1828 :
842 1784 941 1829 vide
963 1785 1009 1828 in
1037 1783 1151 1829 coelo
1176 1786 1400 1831 sedentem
1415 1821 1426 1841 ,

46 1869 178 1914 quem
190 1862 544 1913 contempserunt
563 1854 610 1898 in
630 1864 745 1899 terra
766 1854 1080 1899 ambujantem.
1099 1855 1209 1899 Vide
1229 1855 1330 1900 inde
1348 1856 1431 1900 im—

46 1923 156 1984 pleri
180 1943 191 1968 :
219 1941 241 1966 «
264 1925 750 1981 Commemorabuntur,
783 1934 826 1969 et
848 1935 1157 1970 convertentur
1193 1925 1248 1970 ad
1282 1927 1432 1971 Domi-

52 2013 71 2036 »
105 2009 214 2038 num
234 1993 423 2039 universi
443 1994 551 2038 fines
572 2003 724 2050 terrae,
765 2003 808 2039 et
841 1995 1087 2040 adorabunt
1118 1996 1164 2040 in
1192 2006 1429 2056 conspectu

52 2082 71 2106 »
105 2064 196 2124 ejus
216 2063 428 2108 universae
448 2064 599 2124 patriae
621 2066 816 2124 gentium
829 2066 860 2108 ⁶.
877 2084 896 2107 »
922 2068 1026 2110 Haec
1047 2066 1220 2121 videns,
1240 2067 1431 2111 exclama

47 2148 147 2178 cum
165 2133 346 2193 gaudio:
373 2135 531 2180 «Sicut
551 2134 795 2180 audivimus
814 2171 825 2190 ,
850 2135 910 2180 ita
932 2145 977 2180 et
996 2136 1198 2181 vidimus.
1228 2155 1249 2179 n
1273 2138 1430 2182 Merito

47 2203 107 2248 sie
126 2213 307 2249 vocatur
321 2204 413 2263 ipsa
429 2204 620 2249 Ecclesia
639 2204 694 2249 de
717 2206 945 2264 gentibus:
969 2206 1117 2251 «Audi
1134 2206 1236 2262 filia,
1257 2217 1300 2251 et
1314 2207 1428 2264 vide,

51 2291 72 2316 »
105 2282 150 2318 et
182 2272 434 2319 obliviscere
455 2274 670 2334 populum
693 2284 822 2320 tuum
849 2286 892 2320 et
913 2275 1096 2320 domum
1118 2277 1250 2336 patris
1274 2277 1336 2321 tui
1346 2279 1376 2321 ⁷.
1406 2296 1426 2319 »

49 2345 176 2387 Pater
197 2352 298 2388 tuus
319 2343 480 2405 Aquilo
501 2343 604 2400 fuit,
639 2345 739 2389 veni
769 2345 825 2390 ad
852 2355 1046 2390 montem
1071 2347 1188 2391 Sion.
1216 2347 1359 2403 Audi,
1388 2356 1432 2392 et

48 2411 148 2456 vide
173 2431 183 2458 ι
208 2429 298 2458 non
321 2414 443 2470 vide,
475 2423 519 2458 et
539 2415 666 2472 audi3
690 2415 767 2459 sed
788 2415 918 2470 audi,
942 2425 986 2459 et
1007 2415 1104 2460 vide
1131 2436 1139 2461 :
1165 2416 1284 2475 prius
1304 2417 1428 2473 audi,

98 2514 106 2530 ¹
128 2507 242 2550 ephes,
266 2518 318 2549 iv,
346 2507 397 2550 14.
417 2525 459 2531 —-
477 2516 491 2531 ²
510 2508 591 2541 Psal.
612 2521 712 2550 nvn,
736 2522 768 2552 9.
790 2527 832 2533 ——-
849 2509 861 2533 3
882 2511 928 2542 ld.
957 2522 1042 2552 txai,
1067 2524 1117 2544 ιι.
1139 2511 1209 2543 -4
1227 2514 1272 2545 H.
1296 2525 1371 2555 cvii,
1394 2515 1427 2546 (J'.

52 2580 94 2587 -—
116 2562 131 2586 5
148 2564 262 2596 Matth.
283 2575 381 2605 xxm,
407 2564 460 2597 35.
483 2582 522 2587 —
537 2564 550 2587 5
573 2566 652 2597 Psal.
677 2578 743 2607 xxi,
761 2566 814 2598 28.
836 2583 877 2588 —
903 2568 978 2599 vm.
999 2578 1084 2609 κων,
1108 2579 1159 2600 ιι.

1153 2623 1218 2661 23.
