1841 3223
394 181 478 222 314
823 196 857 222 s.
893 192 1120 224 AUGUSTiNl
1153 195 1337 224 muscom

397 280 416 302 »
452 269 604 305 rentur
621 260 701 304 tibi
717 261 746 303 ¹.
770 278 788 301 »
814 261 912 305 Non
943 261 1060 305 enim
1085 277 1185 322 quae
1213 261 1458 306 afferuntur
1480 261 1631 307 alienae
1655 271 1783 320 sunt,

391 331 465 375 scd
501 331 706 390 proximae
737 331 854 390 ejus,
903 331 957 375 ad
995 347 1090 375 eam
1122 331 1399 391 pertinentes,
1434 335 1491 381 Et
1518 333 1620 393 quia
1648 331 1782 396 dixit,

397 421 417 444 «
443 402 577 460 Regi3
606 420 625 442 »
659 401 715 446 ad
736 418 837 447 eum
857 417 1089 447 conversus
1107 403 1237 459 dixit,
1268 403 1403 447 «Tibi
1429 422 1437 448 :
1464 403 1672 449 Proximae
1694 406 1785 465 ejus

396 490 416 513 »
443 472 684 516 afferentur
708 472 798 517 tibi.
828 492 847 515 »

449 545 614 589 xxxl.
656 563 675 585 «
693 544 944 588 Afferentur
965 544 1010 588 in
1031 542 1179 587 lsctitia
1199 542 1538 599 etexultatione‚
1559 543 1786 590 adducen-

393 633 414 656 »
450 623 523 658 tur
544 614 590 658 in
615 614 825 675 templum
849 615 998 673 regis‘2.
1028 633 1047 655 »
1077 613 1306 674 Templum
1327 615 1437 674 regis
1459 614 1549 675 ipsa
1568 614 1782 671 Ecclesia,

391 686 525 729 intrat
553 685 597 728 in
637 684 851 745 templum
881 686 970 745 ipsa
993 684 1198 729 Ecclesia.
1229 683 1354 730 Unde
1381 686 1649 730 construitur
1670 695 1785 737 tem-

391 756 540 817 plum?
563 760 626 801 De
646 756 896 801 hominibus
912 756 988 816 qui
1011 756 1176 799 intrant
1189 755 1235 800 in
1255 754 1482 815 templum.
1499 755 1684 816 Lapides
1699 756 1785 802 vivi

391 827 467 889 qui
499 836 628 885 sunt,
658 827 736 870 nisi
762 826 908 870 fideles
931 826 1035 870 Dei?
1067 844 1084 865 «
1103 824 1392 870 Adduccntur
1415 827 1459 869 in
1481 826 1696 887 templum
1717 842 1787 871 re-

394 916 414 939 »
451 898 529 957 gis.
555 916 574 938 »
603 900 714 943 Sunt
736 897 852 941 enim
874 896 1060 954 virgines
1086 906 1203 940 extra
1233 896 1446 956 templum
1482 897 1618 956 regis,
1643 897 1785 941 haere-

391 968 488 1012 ticae
511 966 859 1012 sanctimoniales
878 975 1005 1012 :sunt
1024 966 1202 1029 quidem
1223 966 1434 1026 virgines,
1457 966 1532 1011 sed
1555 967 1663 1027 quid
1684 982 1788 1027 pro-

390 1037 503 1082 derit
536 1039 594 1082 eis
631 1039 713 1082 nisi
751 1037 1026 1083 adducantur
1060 1038 1106 1082 in
1141 1036 1354 1100 templum
1389 1038 1526 1097 regis?
1556 1037 1787 1098 Templum

391 1109 501 1168 regis
537 1110 581 1153 iu
608 1110 776 1153 unitate
802 1118 867 1154 est
905 1128 914 1154 :
951 1108 1165 1170 templum
1189 1109 1298 1168 regis
1320 1124 1407 1152 non
1433 1118 1497 1154 est
1526 1111 1754 1153 ruinosum
1771 1144 1783 1165 ,

390 1196 480 1225 non
503 1180 726 1234 discissum
739 1216 749 1236 ,
769 1197 857 1225 non
879 1180 1080 1226 divisum.
1100 1183 1124 1224 J
1128 1189 1313 1225 unctura
1330 1179 1525 1240 lapidum
1544 1180 1788 1226 viventium

390 1251 577 1295 charitas
599 1261 676 1296 est.
708 1271 727 1293 «
746 1251 1035 1296 Adducentur
1055 1251 1101 1295 in
1124 1250 1337 1311 templum
1359 1251 1484 1310 regis.
1515 1269 1534 1292 η

447 1325 640 1367 XXXII.
679 1342 698 1365 «
715 1326 799 1367 Pro
813 1323 1009 1383 patribus
1030 1322 1114 1366 tuis
1136 1322 1225 1366 nati
1249 1331 1351 1366 sunt
1373 1322 1453 1366 tibi
1477 1322 1598 1366 filii3.
1626 1342 1643 1364 »
1668 1322 1787 1368 Nihil

390 1392 651 1437 evidentius.
678 1393 1005 1454 Attenditejam
1024 1393 1166 1453 ipsum
1184 1392 1396 1453 templum
1412 1393 1545 1452 regis,
1566 1393 1669 1453 quia
1684 1393 1786 1437 inde

389 1464 586 1525 loquitur
608 1473 787 1524 propter
815 1464 1029 1509 unitatem
1058 1463 1262 1508 diffusam
1289 1473 1382 1508 toto
1405 1464 1510 1508 orbe
1533 1472 1746 1508 terrarum
1774 1482 1783 1508 z

389 1535 491 1595 quia
514 1534 599 1578 illae
621 1551 720 1594 quae
740 1532 926 1593 virgines
949 1551 1038 1579 esse
1058 1534 1309 1590 voluerunt,
1337 1535 1419 1579 nisi
1442 1535 1721 1579 adducantur
1742 1535 1787 1579 in

390 1605 605 1665 templum
628 1605 738 1663 regis
754 1639 764 1658 ,
790 1620 948 1663 sponso
970 1605 1138 1665 placere
1162 1622 1252 1650 non
1274 1615 1471 1666 possunt.
1506 1625 1526 1648 «
1547 1609 1630 1649 Pro
1650 1606 1788 1665 patri-

393 1696 412 1718 »
450 1678 532 1720 bus
566 1676 650 1720 tuis
678 1675 770 1719 nati
794 1684 895 1719 sunt
922 1675 1002 1718 tibi
1035 1677 1128 1719 filii.
1150 1697 1167 1716 »
1201 1679 1463 1724 Genuerunt
1481 1686 1524 1719 to
1549 1675 1748 1735 Apostoli
1773 1695 1783 1722 2

388 1747 469 1808 ipsi
490 1747 607 1791 missi
625 1755 751 1802 sunt,
774 1746 855 1806 ipsi
877 1744 1248 1805 prcedicavcrunt,
1267 1746 1346 1806 ipsi
1362 1755 1520 1805 patres.
1551 1745 1636 1790 Sed
1653 1743 1785 1790 num-⁴

388 1818 497 1880 quid
529 1818 760 1863 nobiscum
790 1816 1071 1878 corporaliter
1093 1833 1262 1878 semper
1284 1833 1373 1862 esse
1398 1819 1667 1878 potuerunt?
1695 1818 1786 1870 Etsi

388 1905 502 1934 unus
520 1890 713 1949 ipsorum
737 1888 870 1934 dixit:
901 1888 1077 1949 «Cupio
1099 1888 1300 1944 dissolvi,
1321 1898 1365 1933 et
1383 1905 1471 1933 esse
1490 1904 1591 1933 cum
1609 1889 1784 1934 Christo

391 1980 411 2003 »
447 1959 587 2005 multo
617 1960 753 2019 magis
787 1959 1003 2023 optimum
1027 1968 1116 2015 cst3
1148 1974 1323 2003 manere
1352 1959 1398 2003 in
1425 1975 1555 2005 carne
1587 1975 1783 2014 necessa-f

394 2052 411 2073 »
448 2031 562 2075 rium
585 2039 763 2091 propter
794 2046 870 2074 vos
885 2031 911 2073 ².
938 2048 957 2070 »
989 2029 1104 2073 Dixit
1130 2029 1215 2074 hoc
1238 2029 1416 2090 quidem
1434 2065 1445 2084 ‚
1481 2030 1556 2074 sed
1585 2028 1784 2090 quandiu

387 2102 457 2147 hic
479 2117 656 2146 manere
678 2101 848 2161 potuit?
870 2099 1095 2159 Numquid
1112 2116 1250 2160 usque
1264 2101 1416 2145 adhoc
1438 2103 1634 2160 tempus?
1652 2116 1784 2145 num÷

386 2173 495 2234 quid
519 2187 657 2233 usquc
689 2172 734 2227 in
758 2172 1008 2231 posterum?
1032 2174 1148 2229 Ergo
1170 2169 1345 2223 illorum
1379 2171 1580 2223 abscessu
1613 2169 1782 2215 deserta

387 2253 451 2287 est
472 2243 694 2287 Ecclesia?
716 2242 851 2286 absit:
878 2261 893 2281 «
914 2245 997 2285 Pro
1011 2241 1206 2300 patribus
1227 2241 1310 2285 tuis
1328 2241 1416 2285 nati
1435 2251 1537 2290 sunt
1552 2241 1631 2285 tibi
1645 2241 1734 2296 filii.
1758 2259 1778 2282 »

387 2314 505 2367 Quid
526 2322 590 2357 est
615 2332 623 2356 ;
658 2316 778 2356 «Pro
799 2311 995 2372 patribus
1019 2311 1102 2355 tuis
1126 2312 1215 2356 nati
1235 2320 1336 2355 sunt
1364 2302 1443 2355 tibi
1462 2309 1564 2355 filii?
1588 2332 1604 2352 »
1633 2314 1781 2355 Patres

388 2383 503 2427 missi
538 2392 639 2427 sunt
671 2381 895 2441 Apostoli,
933 2397 1012 2441 pro
1042 2380 1257 2442 Apostolis
1300 2380 1375 2425 filii
1409 2381 1498 2424 nati
1533 2389 1635 2440 sunt
1670 2380 1776 2436 tibi,

387 2453 612 2498 constituti
640 2463 742 2497 sunt
773 2452 977 2515 episcopi.
1006 2451 1146 2496 Hodie
1180 2452 1295 2495 enim
1328 2451 1540 2513 episcopi,
1573 2450 1646 2512 qui
1677 2459 1781 2495 sunt

437 2545 445 2561 Ξ
466 2538 541 2568 Psal.
563 2549 648 2578 xmv,
673 2539 722 2569 113.
746 2556 785 2560 —
804 2546 814 2559 ³
832 2538 909 2569 lbinl.
937 2537 974 2568 ¹G
1009 2555 1047 2559 -—
1069 2535 1081 2557 3
1101 2537 1181 2568 lbiael.
1205 2540 1256 2578 ¹17.
1283 2553 1322 2558 -—-
1341 2535 1356 2565 4
1374 2537 1486 2578 Philip.
1508 2548 1530 2575 1,
1550 2537 1606 2576 ⁴23,
1625 2535 1683 2579 24.
