1841 3223
228 250 469 278 ENARRATIO
503 252 534 277 11
565 253 611 278 m
644 251 846 278 PSALMUM
880 252 1044 288 xxxv,
1080 250 1206 278 senii.
1243 254 1291 279 11.
1387 243 1441 280 83

61 331 84 356 ι)
118 315 292 359 Domini
324 316 468 360 statim
495 325 544 360 ut
567 315 870 373 gloriabuntur
902 325 946 360 et
977 315 1299 373 exaltabuntur,
1335 316 1446 362 defi-

59 401 82 425 »
113 386 278 429 cientes
301 385 410 429 siout
432 384 578 428 fumus
601 385 819 429 deficient.
849 404 869 427 »

116 457 243 499 xm.
283 473 303 497 «
321 458 579 499 Foeneratur
592 464 808 514 peccator,
828 464 871 499 et
893 471 982 500 non
1004 455 1185 501 solvet1.
1205 475 1225 498 »
1251 458 1448 517 Accipit,-

55 533 100 569 et
128 541 219 570 non
256 525 422 570 reddet.
458 525 576 579 Quid
609 541 699 570 non
724 525 906 570 reddet?
937 528 1184 572 Gratiarum
1208 529 1437 578 actionem.

57 595 174 649 Quid
196 596 311 640 enimn
328 612 358 639 a
376 605 423 639 te
444 595 541 640 vult
554 599 675 641 ‘Deus
689 632 700 652 ,
726 606 801 640 aut
818 596 926 657 quid
943 598 1072 656 exigit
1091 601 1204 643 Deus
1225 599 1306 644 nisi
1323 600 1443 660 quod

54 665 136 709 tibi
171 666 336 725 prosit?
363 668 420 710 Et
450 676 613 726 quanta
632 667 798 726 accepit
821 676 1038 726 peccator,
1062 683 1140 727 pro
1163 670 1323 729 quibus
1352 686 1442 718 non

54 735 220 781 solvet?
251 737 430 797 Accepit
457 747 507 781 ut
534 738 612 793 sit,
638 738 803 797 accepit
834 747 884 781 ut
904 739 1037 783 homo
1059 739 1137 793 sit,
1163 738 1443 801 multumque

53 807 221 852 intersit
247 808 360 852 inter
389 809 530 868 ipsum
561 819 604 853 et
624 825 788 869 pccus3
819 810 985 869 aceepit
1012 811 1203 870 corporis
1232 810 1440 867 formam,

53 879 221 939 accepit
239 879 286 923 in
307 895 489 939 corpore
517 871 842 924 distinctionem
869 897 1074 925 sensuum
1090 917 1100 936 ‚
1126 882 1182 925 ad
1201 881 1441 933 videndum

46 949 224 1006 oeulos,
255 951 610 996 acl-audiendum
649 968 795 1007 aures,
824 952 878 996 ad
906 952 1181 997 odorandum
1214 970 1361 1009 nares,
1387 953 1443 998 ad

54 1022 319 1080 gustandum
339 1022 552 1082 palatum,
569 1022 624 1066 ad
646 1022 1008 1068 contrectandum
1024 1039 1196 1079 manus,
1221 1024 1277 1069 ad
1291 1025 1442 1069 ambu-

47 1090 153 1136 'land
162 1107 234 1135 um
250 1090 395 1151 pedes5
412 1091 685 1152 salutemque
704 1093 842 1152 ipsam
860 1094 1067 1153 corporis.
1094 1093 1178 1139 Sed
1200 1093 1344 1140 adhuc
1357 1096 1440 1140 ista

43 1171 206 1206 'etcum
221 1178 377 1223 pecore
391 1163 600 1207 hahemus
612 1164 860 1208 communia
881 1183 890 1208 2
908 1165 1073 1223 accepit
1087 1165 1216 1209 etiam
1235 1165 1436 1226 amplius,

49 1231 95 1276 id
117 1242 201 1289 est,
227 1244 419 1278 mentem
441 1250 541 1294 quae
561 1235 693 1294 possit
712 1235 977 1294 intelligere,
1004 1253 1103 1296 quae
1125 1237 1259 1296 possit
1284 1253 1438 1297 capere

48 1303 273 1349 ver-itatem
292 1340 303 1360 ‚
329 1321 429 1366 quae
449 1306 583 1364 possit
603 1306 770 1365 justum
795 1306 849 1350 ab
871 1307 1032 1367 injusto
1054 1306 1313 1363 discernere,
1339 1326 1438 1369 quae

49 1374 182 1433 possit
197 1374 417 1433 indagare,
433 1374 674 1420 desiderare
686 1379 952 1433 Creatorem,
970 1378 1148 1423 laudare
1166 1388 1210 1422 et
1225 1379 1438 1424 inhaerere

25 1443 127 1489 illi.
147 1448 258 1491 «Haec
270 1447 414 1491 omnia
432 1448 597 1508 accepit
619 1458 663 1492 et
680 1459 895 1508 peccator,
921 1449 1097 1494 sednon
1114 1451 1226 1494 hene
1247 1451 1437 1497 vivendo

48 1533 137 1563 non
166 1518 310 1564 reddit
330 1519 462 1581 quod
494 1520 638 1564 debet.
666 1523 781 1577 Ergo
819 1538 839 1560 «
857 1522 1117 1564 Foeneratnr
1138 1531 1356 1581 peccator,
1392 1532 1436 1568 et

16 1607 19 1609 ·
43 1608 70 1632 2»
96 1606 191 1635 =non
233 1591 391 1647 solvet,
415 1610 435 1633 »
473 1607 562 1636 non
584 1589 739 1634 reddet
766 1591 803 1635 ei
835 1606 859 1634 a
886 1607 975 1650 quo
1007 1593 1195 1652 accepit⁷
1222 1609 1312 1637 non
1335 1603 1434 1652 aget

47 1663 202 1721 gratias
224 1681 233 1706 :
258 1664 452 1708 imovero
468 1662 677 1722 rependet
701 1661 811 1704 mala
846 1677 924 1720 pro
948 1662 1072 1706 bonis
1089 1699 1100 1718 ‚
1126 1663 1431 1723 blasphemias,

16 1760 21 1763 »
44 1747 246 1776 murmur
266 1733 470 1776 adv-ersus
491 1735 653 1787 Deum7
678 1730 1038 1791 indignationem.
1066 1736 1181 1792 Ergo
1197 1735 1270 1779 ille
1293 1739 1362 1780 «F
1367 1752 1434 1780 03-

49 1821 69 1845 n
97 1812 296 1858 ‘nerattug
309 1812 360 1846 ‘et
373 1819 462 1848 non
479 1802 617 1848 solvet
638 1823 646 1848 z
666 1805 808 1864 justus
824 1814 968 1848 autem
987 1805 1231 1861 miseretur⁷
1253 1817 1297 1851 et
1313 1823 1430 1852 eom-

14 1900 18 1903 <
47 1891 67 1915 »
102 1863 266 1918 modat.
289 1891 310 1914 »
337 1872 416 1917 Ille
429 1889 533 1932 ergo
554 1873 660 1928 nihil
685 1874 837 1928 habet,
862 1875 942 1919 iste
964 1875 1112 1919 habet.
1138 1876 1295 1921 Videte
1317 1893 1434 1935 eges-

41 1949 203 1999 tatem,
232 1943 381 1989 videte
411 1943 596 1988 divitias.
624 1944 709 1988 >Ille
739 1946 915 2005 accipit,
947 1955 989 1990 et
1020 1962 1109 1989 non
1141 1946 1279 1991 solvet
1310 1967 1319 1993 ;
1350 1949 1431 1993 iste

11 2029 16 2034 ·
34 2015 286 2070 -miseretutg
304 2024 348 2059 et
358 2014 633 2060 commodat:
653 2015 850 2060 abundat
867 2015 943 2060 illi.
970 2016 1088 2070 Quid
1104 2017 1138 2060 si
1153 2033 1318 2078 pauper
1339 2022 1430 2064 est?

13 2100 21 2104 ·
40 2085 184 2130 Etiam
203 2086 267 2130 sic
293 2086 412 2129 dives
437 2095 515 2130 est.
545 2089 609 2130 Tu
631 2095 802 2130 tantum
825 2085 880 2130 ad
901 2086 1070 2131 divitias
1090 2089 1183 2148 ejus
1204 2089 1297 2147 pios
1321 2106 1428 2135 ocu-

13 2155 104 2201 ‘¹los
130 2155 324 2200 intende.
357 2156 548 2216 Respicis
580 2156 696 2200 enim
724 2172 866 2200 arcam
890 2156 1063 2200 inanem
1079 2192 1089 2210 ‚
1116 2159 1427 2205 conscientiam

10 2251 14 2254 ·
35 2228 131 2271 ›Deo
151 2226 327 2287 plenam
348 2242 438 2271 non
453 2226 648 2286 respicis.
675 2229 771 2271 Non
795 2227 929 2271 habet
956 2226 1219 2272 extrinsecus
1239 2229 1426 2276 faculta-

31 2306 144 2351 tem,
157 2297 381 2342 sedhabet
393 2297 650 2342 intrinsecus
664 2297 934 2342 charitatem.
955 2301 1017 2342 De
1034 2299 1244 2344 charitate
1259 2312 1424 2361 quanta

38 2376 361 2427 erogat-et-1non
381 2367 558 2411 finitur!
588 2368 769 2412 -Etenim
796 2368 829 2412 si
858 2368 991 2412 habet
1018 2367 1121 2417 fow's
1144 2370 1420 2429 facultatem,

15 2438 114 2482 *dat
132 2439 419 2498 ipsa-charitas
435 2474 446 2494 ‚
459 2438 548 2482 »sed
563 2454 615 2482 ex
635 2454 686 2483 eo
708 2438 828 2499 quod
851 2440 984 2483 habet
1004 2439 1063 2483 :si
1081 2449 1227 2485 autem
1249 2458 1339 2487 non
1351 2444 1428 2488 <in-

28 2509 158 2555 {venit
176 2507 286 2557 <foris
307 2508 427 2569 quod
449 2508 655 2564 *detsdat
678 2509 1055 2565 benevolentiam,
1085 2521 1260 2570 praestat
1277 2515 1423 2559 consi-

50 2592 54 2596 ’
87 2600 94 2615 ¹
114 2592 195 2625 Psal.
213 2603 320 2633 xxxvi,
336 2601 390 2624 21.

1173 2651 1211 2688 6.
