1841 3223
350 197 432 234 520
784 210 816 235 s.
855 210 1082 236 AUGUSTIN!
1118 211 1299 237 EPISCON

348 281 508 331 gantur
532 285 635 314 cura
657 281 702 315 et
721 271 890 327 officio,
927 283 970 318 et
991 273 1188 318 descrere
1214 291 1302 318 non
1335 282 1537 333 possunt,
1563 272 1710 317 dicant
1732 293 1741 318 ε

351 362 371 385 «
406 341 627 401 Optabam
661 342 859 398 dissolvi,
887 353 930 389 et
964 360 1053 389 esse
1079 360 1179 388 eum
1216 344 1419 399 Christo,
1457 342 1598 388 multo
1629 343 1745 388 enim

353 434 371 454 »
406 412 541 469 magis
565 414 783 472 optimum
805 435 815 471 3
841 430 1018 459 manere
1038 416 1081 459 in
1105 430 1234 460 carne
1256 415 1547 459 necessarium
1568 423 1747 475 propter

351 502 372 527 n
405 498 484 527 vos
500 485 532 527 1.
563 503 583 525 »
605 484 821 529 Columba
850 485 1027 545 religata
1051 487 1213 530 affectu
1229 522 1240 542 ,
1267 502 1357 530 non
1377 484 1617 545 cupiditate
1632 520 1643 540 ,
1667 500 1747 530 vo-

347 557 437 600 lare
455 571 546 600 non
567 565 738 615 poterat
759 566 934 616 propter
959 557 1234 617 implendum
1252 557 1447 601 osticium
1464 592 1475 611 ,
1503 572 1593 601 non
1610 571 1746 616 prop-

347 636 414 670 ter
437 642 622 687 parvum
641 627 861 672 meritum.
889 631 1052 672 Tamen
1074 627 1336 672 desiderium
1357 628 1403 671 in
1424 627 1555 672 corde
1574 642 1747 671 necesse

346 708 410 742 est
433 708 483 743 ut
499 700 553 742 sit
575 718 582 743 :
608 714 688 743 nec
710 699 874 758 patitur
903 700 986 743 hoc
1023 698 1313 755 desiderium,
1349 699 1431 743 nisi
1458 698 1535 759 qui
1564 700 1748 759 coeperit

349 770 576 814 ambulare
599 780 826 828 angustam
844 769 962 813 illam
976 771 1120 815 viam2
1142 791 1152 827 ς
1176 780 1226 814 ut
1241 770 1411 815 noverit
1427 770 1529 830 quia
1555 785 1645 814 non
1667 769 1748 813 de-

347 851 451 885 sunt
473 841 677 885 Ecclesia}
696 841 1017 901 persecutiones
1029 877 1040 896 ,
1061 842 1191 885 etiam
1204 841 1249 884 in
1262 842 1347 885 hoc
1360 850 1557 901 tempore
1569 840 1747 901 quando

348 912 643 972 tranquillitas
672 910 848 956 videtur
878 911 1084 956 Ecclesiae
1107 912 1162 956 ab
1185 912 1250 956 his
1278 912 1459 972 quidem
1482 911 1748 971 persecutio-

349 983 496 1038 nibus,
517 998 624 1044 quas
646 986 859 1041 Martyres
881 983 1016 1027 nostri
1034 983 1144 1043 passi
1165 992 1282 1027 sunt.
1300 985 1399 1028 Non
1420 991 1566 1027 autem
1590 981 1749 1026 desunt

347 1055 694 1114 persecutiones,
721 1054 821 1114 quia
843 1070 997 1098 verum
1021 1063 1085 1098 est
1108 1053 1221 1097 illud
1248 1073 1256 1098 z
1282 1073 1302 1096 «
1327 1055 1489 1098 Omnes
1503 1053 1580 1113 qui
1593 1052 1750 1098 volunt

351 1146 373 1168 »
410 1128 479 1188 pie
493 1127 638 1172 vivere
656 1127 703 1170 in
716 1126 911 1181 Christo,
936 1126 1285 1186 persecutionem
1306 1126 1532 1186 patientur
1550 1126 1581 1168 ³.
1606 1143 1626 1166 »
1652 1128 1750 1170 Non

351 1200 510 1259 pateris
532 1198 878 1259 persecutionem
903 1218 912 1243 2
942 1214 1032 1243 non
1053 1198 1116 1242 vis
1138 1198 1206 1258 pie
1223 1198 1368 1242 vivere
1399 1197 1444 1241 in
1471 1197 1658 1242 Christo.
1676 1197 1750 1241 Vis

350 1270 538 1330 probare
559 1285 713 1313 verum
735 1285 825 1314 esse
848 1269 968 1330 quod
987 1269 1155 1313 dictum
1175 1269 1268 1312 est?
1287 1268 1437 1327 Incipe
1458 1268 1527 1327 pie
1544 1267 1688 1312 vivere
1705 1268 1751 1311 in

348 1343 538 1386 Christo.
565 1341 683 1395 Quid
705 1351 794 1396 est,
824 1342 894 1401 pie
915 1341 1059 1385 vivere
1087 1341 1132 1384 in
1151 1340 1349 1385 Christo?
1376 1342 1433 1384 Ut
1460 1339 1674 1398 pertineat
1696 1339 1751 1383 ad

350 1414 513 1458 viscera
537 1422 633 1467 tua,
659 1411 778 1472 quod
792 1412 851 1456 ait
872 1412 1107 1472 Apostolus
1133 1431 1144 1459 :
1169 1432 1187 1453 «
1209 1412 1314 1465 Quis
1328 1411 1590 1466 infirmatur,
1617 1421 1660 1456 et
1670 1427 1751 1470 ego

357 1506 376 1525 ³»
412 1500 503 1528 non
525 1484 722 1527 infirmor
740 1485 758 1524 ‘?
780 1483 876 1543 quis
895 1482 1228 1536 scandalizatur,
1263 1491 1306 1526 et
1326 1497 1406 1541 ego
1430 1497 1519 1526 non
1537 1483 1701 1526 uror4?
1726 1501 1746 1523 n

352 1555 551 1600 Aliorum
576 1554 865 1609 infirmitates,
893 1552 1078 1597 aliorum
1096 1552 1320 1608 scandala,
1346 1553 1668 1612 persecutiones
1688 1551 1752 1597 illi

352 1625 549 1670 fuerunt.
574 1623 801 1684 Numquid
819 1639 920 1682 ergo
931 1623 1090 1668 desunt
1106 1625 1191 1668 hoc
1204 1623 1586 1684 tempore?Plures
1609 1624 1752 1669 abun-

354 1697 462 1741 dant
483 1695 566 1739 illis
589 1696 667 1756 qui
680 1711 750 1740 eas
767 1705 936 1740 curant.
949 1698 1007 1739 Et
1024 1695 1285 1757 plerumque
1303 1695 1358 1740 de
1371 1695 1613 1756 longinquo
1630 1694 1753 1740 vide-

354 1778 426 1812 tur
448 1769 603 1821 homo,
627 1775 670 1810 et
691 1766 853 1810 dicitur
874 1786 882 1811 z
904 1768 1020 1810 Bene
1033 1776 1096 1811 est
1133 1765 1211 1810 illi.
1239 1770 1295 1811 Et
1318 1766 1391 1810 ille
1425 1767 1500 1826 qui
1520 1766 1650 1821 dicit,
1677 1775 1752 1811 aut

354 1854 431 1882 sua
453 1846 622 1896 gustat,
649 1846 692 1880 et
713 1835 853 1880 aliena
867 1853 955 1881 non
978 1846 1120 1896 potest
1141 1858 1152 1893 3
1176 1848 1247 1879 aut
1263 1835 1382 1894 apud
1398 1851 1442 1879 se
1467 1835 1588 1896 quod
1612 1845 1756 1895 gustet

354 1925 446 1953 non
476 1907 629 1962 habet,
661 1916 704 1950 et
727 1906 850 1950 alteri
886 1905 1098 1964 gustanti,
1132 1906 1222 1949 imo
1252 1904 1480 1949 devoranti
1514 1921 1604 1950 non
1631 1921 1755 1951 com-

354 1979 533 2039 patitur.
558 1977 741 2036 Incipiat
763 1992 866 2034 crgo
884 1980 953 2035 pie
971 1975 1174 2019 viverein
1189 1975 1379 2031 Christo,
1405 1984 1447 2020 et
1470 1976 1756 2037 probetquod

355 2049 515 2093 dicitur
539 2066 550 2094 ε
578 2048 730 2107 incipit
751 2046 995 2091 desiderare
1026 2062 1213 2106 pennas,
1239 2045 1468 2106 elongare,
1506 2046 1678 2105 fugere,
1712 2056 1755 2092 et

355 2134 532 2163 manere
553 2119 599 2161 in
616 2119 803 2162 deserto.

414 2192 493 2234 IX.
532 2189 657 2233 Unde
675 2189 790 2232 enim
812 2188 991 2247 putatis,
1013 2185 1181 2242 fratres,
1207 2186 1338 2232 servis
1363 2187 1443 2231 Dei
1465 2186 1644 2247 impleta
1665 2202 1755 2232 esse

354 2260 554 2305 deserta?
579 2260 621 2304 Si
644 2258 756 2302 bene
779 2257 862 2301 illis
890 2266 1000 2302 esset
1021 2258 1135 2301 inter
1161 2258 1360 2302 homines
1375 2293 1386 2312 ‚
1413 2257 1670 2302 recederent
1700 2258 1755 2302 ab

352 2331 631 2375 hominibus?
654 2333 710 2373 Et
734 2338 880 2373 tamen
900 2327 1007 2389 quid
1032 2327 1196 2372 faciunt
1220 2337 1263 2372 et
1286 2329 1392 2388 ipsi?
1409 2331 1522 2372 Ecce
1544 2328 1755 2388 elongant

354 2402 594 2461 fugientes,
619 2409 798 2446 manent
820 2400 865 2443 in
893 2399 1064 2444 deserto
1091 2419 1100 2444 :
1127 2398 1201 2443 scd
1225 2399 1444 2459 numquid
1465 2399 1754 2458 singillatim?

406 2507 415 2522 ¹
437 2499 547 2542 Philip.
568 2500 663 2540 1‚‘>.3,
682 2498 736 2540 22.
756 2517 783 2521 -·
822 2506 833 2521 ²
860 2497 1120 2540 Matt11.v11,14.
1146 2515 1186 2520 -—
1213 2496 1225 2520 3
1247 2507 1265 2530 2
1284 2498 1365 2530 Tim.
1391 2509 1439 2539 ιιι,
1464 2507 1515 2530 12.
1539 2515 1580 2522 —·
1598 2497 1614 2528 4
1639 2510 1649 2531 ι
1675 2500 1748 2531 Cor.

362 2567 412 2593 xv,
436 2565 488 2595 ῆι.)
