1841 3223
201 246 442 278 umanum
474 251 488 277 1
520 249 565 278 11⁸1
597 247 798 278 PsALMtJM
833 250 992 289 vam,
1026 248 1153 278 SERM.
1190 253 1220 278 1.
1322 240 1402 280 381

30 328 52 353 »
86 311 287 372 linquent
314 312 461 358 alienis
483 313 650 359 divitias
667 316 790 360 suas?
813 314 950 360 Simul
971 313 1224 375 imprudens
1245 324 1289 361 et
1304 314 1410 361 insi-

29 398 51 424 »
84 382 206 441 piens
226 383 448 443 peribunt.
477 401 498 425 ῃ

84 455 204 497 XIV.
239 453 463 498 Attendite
480 488 491 509 ‚
518 452 670 498 fratres
697 473 706 499 ε
742 474 762 497 «
781 457 840 501 Et
861 456 1110 517 relinquent
1130 456 1278 502 alienis
1295 454 1408 502 divi-

28 539 51 564 »
85 522 165 567 tias
180 538 325 568 suas.»
341 524 472 578 Quasi
493 539 565 569 eos
583 525 728 584 posuit
740 525 786 569 in
805 525 1054 582 maledicto,
1079 527 1267 588 quicum
1287 543 1408 574 mor-

25 592 90 637 tui
123 592 307 649 fuerint,
338 593 465 639 alieni
488 595 774 655 possidebunt
797 610 863 640 res
887 596 1095 656 ipsorum.
1121 600 1236 657 Ergo
1263 597 1409 643 felices

25 661 89 707 illi
115 663 191 724 qui
223 664 478 725 relinquunt
506 665 616 710 filios
648 665 694 709 in
721 666 985 726 possessione
1016 683 1090 712 sua
1107 703 1117 723 ,
1156 668 1315 728 quibus
1343 669 1410 713 sui

25 734 280 779 succedunt.
307 735 474 780 Habuit
495 735 626 792 filios,
651 752 742 782 non
770 746 834 782 est
854 747 1067 783 mortuus.
1099 737 1216 792 Quid
1238 738 1315 782 filii
1338 740 1408 799 ip-

27 804 140 849 sius?
165 807 223 850 Et
246 805 325 865 ipsi
353 815 525 851 servant
551 806 672 867 quod
698 807 757 851 eis
793 807 1060 869 reliquerunt
1086 817 1284 868 parentes
1305 809 1370 853 sui
1397 828 1405 854 :

26 890 181 935 parum
198 884 262 920 est
282 876 384 936 quia
401 886 574 922 sewant
594 912 604 931 ,
623 889 661 921 et
676 887 849 935 augent.
871 878 1039 931 Quibus
1057 878 1191 938 etipsi
1213 881 1410 923 servant?

27 948 60 990 F
66 944 146 989 iliis
167 945 252 990 suis
269 980 280 1001 ,
305 955 348 990 et
368 945 431 990 illi
454 947 573 1002 filiis,
595 957 639 992 et
661 948 775 992 tertii
796 948 908 993 filiis.
935 948 1051 1001 Quid
1075 949 1276 994 Christo?
1300 948 1409 1010 quid

26 1015 180 1060 animae
206 1018 328 1060 suae?
350 1018 494 1061 omnia
517 1017 639 1062 filiis?
662 1021 780 1062 Inter
800 1018 910 1063 filios
931 1034 1030 1064 suos
1052 1035 1160 1079 quos
1176 1020 1344 1064 habent
1364 1020 1409 1064 in

21 1094 159 1142 terra,
194 1097 450 1147 computent
471 1103 608 1132 unum
629 1088 808 1133 fratrem
831 1105 963 1149 quem
989 1090 1153 1135 habent
1184 1091 1230 1134 in
1252 1090 1366 1135 eoelo
1395 1108 1404 1135 ε

21 1157 92 1200 cui
114 1165 257 1201 totum
280 1158 382 1202 dare
403 1158 624 1203 dehebant
639 1194 649 1214 ‚
681 1159 750 1203 vel
773 1159 970 1204 dividant
991 1175 1090 1204 cum
1114 1159 1205 1204 illo.
1237 1160 1321 1204 Sed
1343 1169 1409 1204 ta-

21 1243 122 1272 men
147 1229 205 1274 ait
226 1229 333 1274 mihi
354 1229 509 1291 aliquis
542 1250 550 1275 :
578 1233 690 1274 Ecce
718 1246 827 1291 quos
860 1229 1112 1276 maledictos
1135 1231 1242 1275 dixit
1265 1232 1409 1292 Scrip-

22 1306 142 1355 tura,
166 1315 276 1360 quos
303 1299 411 1344 dixit
432 1300 572 1360 perire
595 1310 638 1345 et
659 1300 904 1361 relinquere
923 1300 1071 1345 alienis
1094 1301 1261 1346 divitias
1280 1318 1375 1346 suas
1393 1337 1403 1357 ‚

22 1368 95 1413 ille
121 1379 266 1414 autem
289 1370 440 1416 beatus
463 1371 642 1431 quisuis
664 1371 885 1431 relinquit.
913 1375 1005 1430 Ego
1027 1371 1210 1417 discutio
1235 1388 1409 1417 sensum

21 1438 176 1495 istum,
201 1441 302 1500 quia
327 1440 490 1485 inclino
507 1441 551 1484 in
574 1441 823 1501 parabolam
847 1457 995 1486 aurem
1023 1457 1190 1500 meam;
1216 1452 1259 1487 et
1280 1442 1408 1487 video

21 1524 109 1553 non
130 1509 287 1555 frustra
309 1510 368 1555 sic
389 1510 511 1572 loqui
533 1512 812 1570 Scripturam.
838 1511 976 1555 Video
998 1512 1114 1555 enim
1137 1511 1296 1556 multos
1324 1512 1409 1556 ini-

21 1596 131 1640 quos
157 1581 268 1625 mori
290 1616 300 1635 ‚
330 1581 491 1641 quibus
529 1596 789 1626 successores
813 1591 913 1626 sunt
940 1581 1043 1640 filii3
1074 1598 1154 1627 nec
1176 1583 1319 1642 potuit
1349 1583 1408 1628 sic

22 1649 142 1711 loqui
167 1653 401 1712 Scriptura,
422 1661 473 1696 ut
488 1662 702 1712 separaret
720 1668 791 1696 eos
809 1669 832 1696 a
850 1652 1017 1696 miseria
1029 1687 1040 1707 ‚
1067 1669 1256 1712 quorum
1273 1654 1408 1697 vitam

21 1721 241 1781 improbat
263 1741 271 1767 :
301 1728 345 1766 et
366 1721 472 1783 quid
492 1757 503 1777 ,
535 1722 719 1781 putatis,
746 1721 965 1780 intelligo,
993 1721 1172 1778 fratres,
1199 1723 1280 1767 nisi
1306 1723 1409 1783 quia

23 1806 172 1836 omnes
205 1791 311 1836 tales
343 1791 491 1835 alienis
519 1791 776 1851 relinquunt
809 1791 977 1836 divitias
1014 1794 1136 1835 suas?
1177 1792 1409 1845 Quomodo

23 1859 152 1904 alieni
175 1870 277 1905 sunt
297 1861 404 1905 filii?
425 1861 682 1921 Iniquorum
704 1860 781 1904 filii
804 1860 933 1904 alieni
955 1870 1058 1905 sunt
1080 1880 1090 1918 3
1115 1877 1216 1905 nam
1240 1861 1410 1906 inveni-

23 1945 120 1975 mus
137 1928 373 1991 quemdam
391 1940 645 1975 extraneum
661 1930 959 1990 propinquum
978 1929 1142 1976 factum
1156 1966 1167 1986 ,
1189 1931 1291 1991 quia
1307 1947 1410 1991 pro-

24 1998 124 2044 fuit.
143 2000 293 2061 Siquis
303 2009 480 2045 tuorum
494 2000 574 2045 tibi
592 1999 702 2044 nihil
715 2001 906 2060 prodest,
924 1999 1090 2046 alienus
1104 2010 1181 2045 est.
1195 2002 1280 2046 Ubi
1293 2002 1411 2046 inve-

24 2070 169 2114 nimus
195 2070 340 2115 nescio
367 2086 499 2130 quem
531 2079 726 2114 exterum
757 2070 1056 2131 propinquum
1088 2071 1252 2116 factum
1271 2105 1282 2127 ,
1307 2072 1410 2132 quia

24 2140 216 2201 profuit?
229 2143 279 2185 In
287 2139 540 2199 Evangelio.
555 2142 579 2183 J
583 2139 735 2185 acehat
748 2140 925 2200 quidam
937 2140 1188 2187 vulneratus
1200 2158 1223 2186 a
1236 2142 1412 2187 latroni·

29 2210 128 2265 bus,
148 2210 356 2255 Dominus
372 2219 518 2254 autem
537 2208 706 2254 dixerat
726 2210 899 2254 cuidam
919 2230 927 2255 :
951 2210 1140 2270 «Diliges
1162 2213 1410 2271 proximum

27 2297 50 2322 »
84 2288 211 2323 tuum
232 2288 442 2340 tanquam
469 2288 512 2323 te
538 2279 696 2339 ipsum.
727 2282 784 2323 Et
803 2278 875 2323 ille
898 2279 1180 2339 responderat
1205 2300 1214 2325 :
1239 2284 1295 2325 Et
1317 2281 1412 2341 quis

0 2400 1 2403 Ἴ
30 2367 52 2391 »
86 2359 150 2395 est
170 2350 277 2394 mihi
293 2350 540 2409 proximus?
561 2352 619 2394 Et
637 2349 828 2394 narravit
858 2348 1068 2394 Dominus
1097 2368 1106 2394 ε
1134 2353 1277 2395 Homo
1309 2351 1411 2411 qui-

30 2437 52 2462 »
86 2420 187 2464 dam
204 2418 496 2465 descendebat
516 2419 570 2463 ab
593 2419 831 2464 Jerusalem
853 2422 898 2464 in
914 2419 1111 2475 Jericho‚
1131 2429 1175 2464 et
1194 2420 1348 2465 incidit
1366 2421 1412 2465 in

31 2506 53 2532 >²
86 2488 275 2534 latrones
296 2489 372 2550 qui
399 2504 500 2533 eum
521 2489 860 2534 vulneraverunt
875 2524 886 2543 ‚
924 2498 967 2533 et
994 2490 1251 2535 semivivum
1276 2490 1322 2535 in
1342 2491 1413 2536 via

0 2610 1 2618 ἵ
33 2577 54 2601 »
88 2559 359 2619 reliquerunt
381 2579 391 2606 2
410 2559 673 2605 transierunt
690 2558 953 2619 propinqui3
973 2559 1151 2605 Judaeus
1167 2560 1284 2605 enim
1302 2570 1409 2616 erat,

0 2667 1 2684 i

0 2719 2 2748 i
