1841 3223
359 235 598 263 ENARRATIO
631 236 674 262 IN
709 233 910 261 PSALMQM
942 233 1102 259 XXXVII.
1343 222 1420 258 1⁹29

40 301 152 354 Quia
172 301 368 361 loquitur
399 314 555 358 corpus
587 299 747 343 Christi
781 307 824 341 61
854 306 998 356 caput.
1035 298 1178 349 Quare
1211 304 1421 354 tanquam

40 386 153 415 unus
174 371 393 432 loquitur?
420 389 440 412 «
461 369 572 422 Quia
593 377 722 413 erunt
739 403 749 422 ‚
780 369 944 428 inquit,
969 367 1057 411 duo
1083 366 1129 410 in
1160 382 1289 410 carne
1316 381 1418 409 una.

42 460 63 484 »
102 445 428 487 Sacramentum
440 440 525 484 1106
538 453 747 497 magnum
761 448 839 492 est,
852 439 910 482 ait
924 437 1171 497 Apostolus,
1185 453 1264 496 ego
1279 445 1424 480 autem
1449 473 1452 476 .

43 529 63 554 ³)
99 511 196 557 dico
218 511 264 555 in
280 511 452 556 Christo
474 519 518 554 et
538 511 583 552 in
606 508 795 553 Ecclesia
811 510 839 551 ¹.
866 526 885 548 »
914 508 1037 552 Unde
1061 509 1189 552 etiam
1214 523 1311 552 611111
1336 507 1426 566 ipse

40 582 292 643 loqueretur
312 582 357 625 in
379 579 616 639 Evangelio
634 615 644 635 ,
670 577 934 638 respondens
957 579 1016 623 eis
1044 581 1119 639 qui
1138 578 1425 639 quaestionem

41 652 279 697 intulerant
300 653 355 696 de
376 666 511 696 uxore
538 649 797 695 dimittenda
815 685 825 703 ‚
847 650 906 693 ait
927 667 935 693 :
962 668 981 690 «
1005 652 1103 693 Non
1125 649 1285 707 legistis
1307 648 1427 709 quod

44 742 65 766 »
99 723 308 783 scriptum
320 732 399 778 est,
415 720 534 782 quod
551 724 664 766 Deus
680 721 733 764 ab
751 720 873 764 initio
885 718 1127 763 masculum
1146 728 1189 762 et
1204 717 1428 762 foeminam

44 811 67 835 »
101 792 204 838 fecit
225 809 319 849 eos,
344 802 388 838 et
408 792 627 853 relinquet
646 792 779 835 homo
797 799 966 850 patrem
988 799 1031 834 et
1047 798 1228 834 matrem
1244 824 1254 843 ,
1281 798 1324 832 et
1348 789 1427 832 ad-

46 883 65 906 »
100 864 284 908 haerebit
294 863 418 908 uxori
431 878 538 918 suae,
552 873 594 906 et
609 871 737 906 erunt
750 861 839 905 duo
857 861 901 903 in
919 875 1047 904 carne
1065 861 1178 903 una?
1195 859 1331 918 Igitur
1340 860 1430 918 jam

45 952 66 976 »
100 950 191 979 non
208 933 297 979 duo
313 969 324 989 ,
349 933 528 978 seduna
548 942 611 977 est
627 937 768 977 caro2.
789 950 808 972 n
832 931 874 976 Si
895 946 996 990 ergo
1014 930 1104 990 ipse
1122 930 1229 973 dixit
1252 949 1261 974 ι
1296 949 1316 971 α
1332 932 1355 973 J
1361 944 1430 974 ani

46 1023 66 1046 »
101 1021 191 1050 non
213 1004 324 1060 duo,
348 1004 424 1048 sed
444 1021 531 1048 una
553 1013 616 1047 est
633 1019 733 1047 caro
751 1023 759 1047 :
787 1021 807 1043 >1
834 1001 942 1062 quid
962 1002 1123 1045 mirum
1146 1001 1179 1044 si
1201 1017 1289 1045 una
1310 1016 1426 1055 caro,

47 1091 130 1119 una
153 1074 304 1134 lingua
320 1109 331 1128 ,
348 1074 500 1118 eadem
521 1074 674 1129 verba,
703 1082 913 1133 tanquam
935 1073 1064 1116 unius
1087 1072 1248 1125 carnis,
1282 1072 1431 1130 capitis

44 1156 88 1191 et
108 1146 326 1206 corporis?
359 1146 426 1190 Sic
457 1145 684 1189 audiamus
719 1153 927 1204 tanquam
962 1159 1102 1187 unum
1131 1159 1140 1183 ε
1175 1143 1250 1186 sed
1285 1152 1432 1186 tamen

44 1225 176 1276 caput
198 1225 407 1277 tanquam
440 1224 593 1274 caput,
624 1224 668 1258 et
702 1229 858 1273 corpus
887 1223 1097 1273 tanquam
1129 1228 1300 1271 corpus.
1334 1215 1433 1258 Non

44 1286 304 1331 dividuntur
316 1301 528 1346 personae,
549 1284 625 1329 sed
641 1285 923 1343 distinguitur
946 1283 1133 1342 dignitas
1152 1282 1278 1342 :quia
1301 1292 1435 1342 caput

45 1356 204 1412 salvat,
240 1355 429 1401 salvatur
456 1371 628 1414 corpus.
656 1357 800 1414 Caput
831 1354 1034 1397 exhibeat
1062 1353 1400 1398 misericordiam
1417 1388 1429 1409 ,

45 1442 200 1486 corpus
224 1425 384 1470 defleat
400 1425 630 1469 miseriam.
659 1427 803 1484 Caput
824 1433 888 1468 est
911 1423 967 1467 ad
991 1422 1220 1483 purganda
1237 1458 1248 1478 ,
1274 1438 1432 1483 corpus

46 1497 100 1542 ad
121 1497 369 1541 confitenda
391 1506 566 1556 peccata
585 1515 593 1540 :
619 1510 707 1539 una
724 1504 866 1538 tamen
883 1509 967 1539 vox
983 1529 993 1549 ,
1010 1493 1089 1537 ubi
1111 1509 1201 1537 11611
1222 1494 1434 1553 scriptum

46 1577 109 1613 est
138 1568 315 1628 quando
344 1567 460 1611 dicat
487 1581 644 1625 corpus
661 1600 671 1620 ,
698 1565 876 1625 quando
902 1573 1061 1624 caput,
1087 1563 1163 1608 sed
1185 1580 1262 1608 nos
1284 1564 1330 1608 in
1353 1581 1433 1608 au-

45 1638 206 1683 diendo
227 1638 556 1695 distinguimus,
583 1636 655 1680 ille
678 1645 824 1680 autem
848 1645 1058 1695 tanquam
1083 1651 1196 1679 unus
1218 1635 1429 1695 loquitur.

46 1712 190 1763 Quare
213 1708 327 1752 enim
350 1723 441 1752 non
460 1706 577 1751 dicat
597 1726 606 1750 ε
636 1726 655 1748 «
674 1710 955 1750 Peccatorum
974 1721 1168 1749 meorum
1188 1741 1198 1760 ,
1227 1724 1247 1747 »
1269 1706 1345 1765 qui
1364 1705 1434 1749 di-

46 1781 108 1824 xit
127 1799 136 1825 2
159 1799 180 1822 ‹<
197 1779 368 1824 Esurivi
384 1813 394 1834 ,
413 1788 457 1822 et
474 1793 563 1822 non
579 1776 756 1821 dedistis
778 1776 887 1820 mihi
912 1776 1178 1821 manducare
1200 1795 1208 1820 ε
1237 1775 1370 1829 sitivi,
1392 1785 1436 1820 et

51 1869 71 1892 »
107 1866 196 1895 non
213 1849 390 1893 dedistis
416 1848 524 1892 mihi
544 1856 726 1906 potum,
754 1847 907 1905 hospes
933 1845 996 1889 fui
1012 1880 1022 1900 ,
1045 1855 1089 1889 et
1106 1861 1195 1889 non
1213 1846 1432 1905 recepistis

52 1939 72 1962 »
106 1936 201 1977 1116·7
224 1919 421 1963 infirmus
441 1917 523 1972 fui,
550 1927 593 1962 et
611 1918 656 1962 in
672 1932 857 1971 carcere,
878 1926 921 1961 et
942 1932 1032 1960 non
1053 1916 1253 1960 visitastis
1270 1918 1390 1960 me³P
1411 1935 1431 1958 »

48 1993 176 2035 Certe
192 1989 401 2035 Dominus
419 1987 608 2032 nonfuit
623 1988 668 2031 in
684 2002 869 2031 carcere.
888 1989 1031 2039 Quare
1047 2002 1136 2030 non
1150 1987 1233 2031 hoc
1251 1987 1430 2042 diceret,

48 2061 119 2105 cui
145 2075 247 2105 cum
274 2059 442 2103 dictum
465 2067 600 2103 esset:
632 2077 652 2100 «
677 2058 864 2110 Quando
886 2066 929 2101 te
957 2056 1145 2101 vidimus
1173 2058 1435 2102 esurientem

52 2149 72 2172 »
108 2139 150 2174 et
167 2130 399 2184 sitientem,
416 2128 548 2173 autin
561 2143 746 2183 carcere,
763 2137 806 2172 et
818 2143 907 2172 non
921 2127 1257 2173 ministravimus
1276 2128 1370 2172 111)14
1382 2130 1399 2171 P
1411 2146 1430 2169 »

51 2199 273 2260 respondit
309 2199 368 2243 sic
396 2214 447 2242 ex
473 2213 656 2258 persona
678 2197 871 2256 corporis
898 2197 965 2241 sui
991 2213 1034 2241 se
1058 2197 1212 2242 dixisse
1238 2216 1247 2242 2
1280 2217 1300 2240 «
1321 2200 1434 2243 Cum

53 2288 74 2312 »
109 2270 187 2314 uni
213 2284 264 2313 ex
283 2268 472 2312 minimis
499 2268 603 2311 meis
637 2283 727 2311 non
749 2265 926 2323 fecistis,
952 2283 1032 2310 nec
1057 2268 1161 2311 mihi
1183 2267 1430 2312 fecistis⁵?»

51 2344 195 2395 Quare
211 2355 301 2385 non
317 2338 433 2383 dicat
449 2357 457 2383 ;
477 2358 497 2381 «
515 2341 552 2384 A
565 2338 673 2382 facie
691 2347 971 2398 peccatorum
987 2353 1185 2381 meorum
1202 2373 1213 2393 ,
1234 2356 1253 2378 υ
1273 2339 1349 2399 qui
1364 2340 1433 2384 di-

51 2411 115 2455 xit
133 2408 263 2455 Saulo
284 2428 294 2454 :
318 2428 339 2452 «
362 2408 511 2464 Saule,
543 2407 669 2453 Saule
685 2443 696 2464 ,
725 2407 835 2468 quid
862 2424 932 2452 me
958 2408 1284 2467 persequerisssp
1305 2428 1323 2450 »
1351 2411 1436 2463 Qui

102 2516 111 2532 ¹
131 2511 210 2541 Gen.
229 2519 250 2540 11
266 2533 274 2548 ,
295 2506 356 2549 24,
378 2511 412 2539 et
432 2507 548 2549 Ephes.
571 2516 602 2547 v,
623 2507 659 2538 31
677 2531 686 2547 ‚
709 2505 762 2538 32.
792 2522 833 2527 —-
857 2511 870 2527 ²
889 2504 1003 2536 Matth.
1024 2514 1089 2545 xix,
1110 2503 1185 2546 4-6.
1218 2521 1259 2528 --
1280 2503 1293 2529 3
1314 2507 1359 2538 Id.
1380 2518 1435 2549 xv,

55 2563 238 2608 42,43.--
256 2562 270 2593 4
288 2561 440 2606 11111144,
461 2560 626 2594 hanna.
650 2578 689 2584 -
715 2559 731 2583 ⁶
757 2558 947 2602 Act.1x,4.

192 2628 295 2658 cxv.
828 2615 832 2618 ”
1150 2614 1173 2651 9
