1841 3223
186 261 428 292 ENARRATIO
460 264 476 290 1
507 264 554 291 IN
585 261 789 290 PsALMUM
820 262 1023 300 xxxvm,
1058 258 1185 288 SERM.
1221 261 1253 288 1.
1337 248 1415 288 1¹71

36 342 82 372 se
101 329 236 373 modo
259 329 501 388 perfectum
522 327 656 371 dixit?
675 330 774 373 Non
796 328 910 372 enim
934 327 991 371 ait
1013 345 1022 372 ε
1047 328 1305 386 «Quotquot
1324 340 1422 385 per-
1466 362 1470 365 a

37 415 60 440 »
95 396 197 443 fecti
219 399 302 443 hoc
320 398 492 458 sapiatis
513 419 524 456 3
552 415 572 439 »
594 396 690 453 sed,
711 401 1000 457 «Quotquot,
1022 396 1167 456 inquit
1183 431 1193 451 ,
1219 395 1417 455 perfecti,

37 486 59 512 >›
94 469 178 514 hoc
200 470 413 530 sapiamus
433 487 443 514 ε
471 487 492 510 »
518 484 619 513 cum
649 468 780 528 paulo
804 477 903 512 ante
927 466 1099 511 dixisset
1121 486 1129 512 :
1160 486 1180 508 «
1201 469 1299 512 Non
1318 466 1421 527 quia

33 557 58 582 -»
87 541 179 600 jam
205 540 468 602 acceperim,
505 549 578 583 aut
604 541 694 600 jam
724 537 941 598 perfectus
974 537 1068 581 sim.
1102 555 1122 578 »
1158 536 1296 581 Aliter
1317 553 1420 597 ergo

33 609 104 653 hic
139 626 230 654 non
255 619 380 670 potes
413 625 502 654 esse
529 608 770 669 perfectus,
807 608 890 653 nisi
928 608 1033 652 scias
1061 607 1132 651 hic
1153 616 1195 650 te
1219 623 1309 651 non
1331 623 1421 652 esse

33 695 158 741 posse
179 679 437 741 perfectum.
465 683 568 725 Haec
591 696 693 739 ergo
711 680 792 725 erit
807 677 1019 740 perfectio
1041 686 1133 733 tua,
1159 678 1217 722 sic
1235 687 1278 722 te
1295 695 1420 739 quae-

32 751 135 796 dam
164 751 420 807 transilisse,
445 760 496 795 ut
517 750 572 795 ad
593 752 795 811 quaedam
822 765 1049 810 properes,
1073 749 1131 793 sic
1152 748 1353 810 quaedam
1377 758 1421 793 tc

34 821 266 866 transilisse
285 857 296 877 ,
330 830 381 868 ut
414 831 545 866 restet
579 821 698 866 aliud
731 821 787 866 ad
813 820 935 882 quod
958 819 1162 865 omnibus
1194 819 1420 864 transactis

33 891 363 937 transiliendum
377 901 455 936 est.
469 895 573 937 Haec
590 901 684 936 tuta
700 891 808 936 fides
825 900 902 936 est.
929 894 1038 937 Nam
1060 890 1255 952 quisquis
1273 905 1316 934 se
1328 892 1420 951 jam

31 964 276 1023 pervenisse
292 972 439 1024 putat,
465 964 511 1008 in
533 963 620 1009 alto
647 979 692 1009 se
712 965 837 1024 ponit
852 999 862 1019 ,
888 972 939 1007 ut
962 962 1102 1008 cadat.

90 1038 188 1080 XV.
210 1036 321 1090 Quia
343 1051 444 1095 ergo
464 1036 523 1080 ita
548 1036 667 1096 sapio
683 1071 694 1091 ,
720 1036 818 1096 quia
842 1051 912 1080 me
929 1044 971 1080 et
991 1033 1296 1095 imperfectum
1321 1034 1420 1079 dico

31 1114 76 1151 et
86 1105 327 1165 perfectum
352 1126 361 1151 :
381 1105 686 1167 imperfectum
704 1105 897 1167 quidem,
915 1106 1015 1166 quia
1034 1104 1232 1150 nondum
1254 1104 1420 1165 aliquid

31 1177 177 1237 accepi
194 1178 314 1238 quod
334 1177 462 1235 volo,
487 1178 730 1238 perfectum
753 1187 915 1233 autem,
937 1177 1038 1239 quia
1061 1177 1148 1221 scio
1168 1178 1253 1221 hoc
1275 1177 1419 1236 ipsum

29 1249 152 1309 quod
174 1249 280 1293 mihi
301 1248 413 1293 desit
434 1269 444 1294 ι
468 1250 570 1310 quia
597 1265 700 1308 ergo
721 1250 780 1294 sic
807 1249 948 1309 sapio,
976 1249 1077 1310 quia
1098 1249 1290 1292 humana
1312 1264 1419 1292 con-

28 1329 201 1375 temno,
227 1321 328 1381 quia
349 1320 488 1365 laetari
509 1321 555 1365 in
576 1322 706 1366 rebus
727 1321 1011 1381 pereuntibus
1033 1320 1136 1365 nolo
1151 1356 1162 1375 ,
1199 1320 1299 1380 quia
1322 1320 1418 1364 irri—

27 1389 135 1435 deor
156 1391 212 1436 ab
234 1406 362 1436 avaro
387 1393 580 1452 jactante
613 1407 656 1436 se
678 1391 799 1452 quod
831 1392 884 1436 sit
904 1391 1095 1452 prudens
1112 1427 1122 1446 ,
1149 1401 1192 1435 et
1223 1406 1292 1434 me
1321 1391 1418 1434 irri-

28 1460 160 1506 dente
177 1461 298 1522 quod
319 1461 545 1522 desipiam,
562 1463 664 1524 quia
681 1463 738 1507 sic
757 1479 855 1522 ago,
872 1464 974 1523 quia
991 1463 1104 1507 hanc
1119 1462 1233 1507 viam
1253 1477 1382 1522 carpo
1404 1481 1412 1507 :

31 1550 52 1575 «
78 1533 399 1593 Opprobrium,
428 1533 573 1594 inquit
590 1569 601 1589 ,
624 1533 844 1593 insipienti
867 1532 1021 1578 dedisti
1045 1549 1129 1577 me.
1160 1552 1180 1575 »
1203 1537 1324 1578 Inter
1345 1548 1416 1577 eos

26 1617 98 1648 me
119 1604 264 1649 vivere
283 1604 483 1661 voluisti,
522 1605 637 1649 inter
672 1621 744 1650 eos
776 1605 1013 1665 praedicare
1050 1606 1275 1650 veritatem
1290 1640 1301 1660 ,
1340 1605 1417 1664 qui

26 1684 175 1719 amant
195 1676 430 1720 vanitatem
449 1685 517 1734 ,et
533 1692 622 1722 non
641 1691 814 1736 possum
837 1676 919 1720 nisi
941 1675 1107 1720 irrideri
1129 1675 1184 1719 ab
1208 1676 1265 1719 eis
1284 1695 1293 1720 :
1315 1676 1415 1735 quia

25 1745 322 1806 spectaculum
338 1747 442 1792 facti
463 1763 612 1792 sumus
633 1748 738 1791 huic
760 1746 927 1790 mundo
942 1781 952 1801 ,
980 1755 1022 1789 et
1043 1745 1242 1804 Angelis,
1267 1755 1310 1789 et
1331 1746 1415 1790 hoa

25 1817 239 1861 minibus1
259 1837 270 1875 3
300 1815 478 1875 Angelis
500 1816 805 1871 laudantibus,
830 1816 1082 1860 hominibus
1105 1816 1415 1876 opprobranti-

24 1887 108 1932 bus
130 1907 139 1933 2
164 1888 253 1932 imo
271 1896 315 1932 et
334 1886 511 1946 Angelis
531 1886 812 1931 laudantibus
829 1896 872 1931 et
887 1887 1251 1946 vituperantibus,
1267 1897 1310 1932 et
1331 1888 1415 1933 ho-

24 1959 218 2004 minibus
249 1958 530 2003 laudantibus
564 1968 608 2003 et
643 1959 1009 2019 vituperantibus.
1047 1962 1085 2003 Α
1117 1958 1276 2003 dextris
1313 1969 1356 2003 et
1389 1977 1413 2005 a

24 2029 203 2074 sinistris
224 2030 437 2074 habemus
460 2045 599 2084 arma,
626 2030 672 2074 in
699 2030 859 2090 quibus
877 2029 1113 2074 militamus
1134 2046 1211 2090 per
1233 2030 1412 2090 gloriam

24 2109 69 2144 et
91 2099 411 2159 ignobilitatem
427 2135 437 2155 ,
459 2115 537 2160 per
558 2099 778 2145 infamiam
815 2111 858 2145 et
879 2101 1039 2145 bonam
1061 2100 1244 2157 famam,
1269 2111 1320 2146 ut
1343 2117 1411 2147 se-

24 2171 226 2215 ductores
246 2180 290 2215 et
307 2186 480 2216 veraces
491 2175 523 2214 2.
550 2174 654 2216 Haec
677 2171 794 2232 apud
815 2172 1005 2232 Angelos
1022 2208 1032 2227 ,
1056 2173 1151 2216 haec
1178 2172 1296 2232 apud
1326 2174 1410 2217 ho-

25 2242 163 2286 mines
188 2261 197 2286 ;
227 2241 330 2302 quia
353 2250 397 2285 et
421 2241 538 2301 apud
559 2242 747 2301 Angelos
768 2252 869 2287 sunt
891 2243 1026 2287 sancti
1049 2243 1205 2303 Angeli
1219 2279 1229 2298 ,
1251 2244 1411 2304 quibus

25 2312 138 2357 bene
157 2312 344 2357 vivendo
371 2313 639 2373 placeamus,
672 2323 716 2359 et
744 2325 845 2359 sunt
866 2315 1215 2375 praevaricatores
1236 2315 1379 2375 angeli
1396 2352 1406 2370 ,

25 2383 183 2444 quibus
200 2383 313 2428 bene
333 2384 522 2429 vivendo
543 2385 845 2445 displiceamus
867 2406 874 2431 :
897 2396 940 2430 et
962 2386 1074 2430 inter
1095 2386 1291 2448 homines
1308 2396 1411 2432 sunt

24 2453 160 2498 sancti
190 2454 291 2510 viri,
322 2455 482 2515 quibus
514 2455 683 2515 placeat
711 2456 799 2500 vita
826 2465 995 2514 nostra,
1025 2466 1127 2500 sunt
1158 2457 1410 2517 nequissimi

22 2523 236 2580 homines,
261 2525 336 2584 qui
357 2524 567 2570 irrideant
589 2525 752 2571 bonam
771 2527 904 2572 vitam
925 2535 1132 2572 nostram,
1149 2530 1206 2572 Et
1227 2528 1338 2584 haec,
1364 2537 1409 2573 et

72 2594 114 2640 ¹71
131 2610 202 2641 Cor.
224 2619 266 2650 lv,
279 2619 313 2651 9.
330 2625 371 2632 -
391 2615 404 2631 ²
419 2618 438 2641 2
455 2611 529 2642 Cor.
546 2620 589 2651 vi,
610 2620 644 2651 7,
664 2610 695 2642 8.
