1841 3223
426 240 667 270 ENAnRAno
699 243 742 270 IN
775 242 978 270 PsALMUM
1010 243 1129 269 xtix.
1375 227 1458 267 407

76 315 174 351 tura
190 306 328 365 posita
349 306 507 351 fuerat.
534 306 656 350 Fecit
676 322 777 351 cum
799 307 858 351 eis
883 305 1170 367 quadraginta
1188 304 1295 350 dies.
1315 304 1472 364 Impiis,

76 375 239 420 Judaeis
256 392 345 420 non
366 391 410 420 se
431 375 745 420 demonstravit
763 396 771 420 :
792 375 875 420 illis
899 375 1212 420 demonstravit
1233 390 1298 430 se,
1319 375 1396 435 qui
1416 375 1464 419 in

77 461 177 490 eum
199 445 475 490 crediderant
491 455 729 506 antequam
750 446 1077 505 crucifigeretur
1095 463 1105 496 ;
1126 454 1176 489 ut
1197 461 1307 505 quos
1320 445 1465 490 cruci-

76 517 185 560 fixus
204 515 422 560 dimiserat
442 516 697 571 titubantes,
714 531 939 575 resurgens
961 515 1122 560 faceret
1135 514 1280 560 fortes.
1298 514 1466 560 Deinde

75 586 404 647 quadragesimo
427 585 497 630 die
526 585 836 630 commendans
868 585 1103 630 Ecclesiam
1133 601 1277 637 suam,
1306 585 1353 629 id
1375 594 1464 641 est,

76 665 274 702 vocatam
295 665 455 700 terram
479 673 502 701 a
529 655 628 701 solis
645 665 745 701 ortu
769 671 908 716 usque
926 655 980 700 ad
1003 671 1202 700 occasum
1217 691 1228 711 ‚
1249 671 1304 700 ne
1324 656 1467 700 habe-

77 735 175 771 rent
212 727 532 771 excusationem
571 727 647 787 qui
683 725 839 771 volunt
878 727 924 770 in
966 726 1196 770 schismate
1233 726 1430 785 deperire
1451 756 1467 781 ,

77 796 270 842 ascendit
289 796 335 840 in
353 796 532 853 coelum,
557 795 703 842 dicens
725 797 786 840 eis
805 816 813 841 :
842 816 863 840 «
882 797 977 841 Erit
997 797 1104 840 mihi
1127 805 1255 840 testes
1272 796 1317 839 in
1340 798 1468 840 Jeru-

77 867 209 912 salem
225 903 236 923 ‚
254 867 373 912 unde
397 869 560 928 species
583 867 750 913 decoris
772 869 864 928 ejus
879 903 891 923 ‚
915 877 958 912 et
979 867 1024 911 in
1047 876 1183 912 totam
1207 869 1231 911 J
1236 865 1406 911 udaeam
1424 876 1469 912 et

79 939 315 984 Samariam
331 974 342 995 ‚
373 949 419 983 et
446 954 585 1000 usque
612 940 657 982 in
690 948 827 984 totam
850 948 1021 983 terram.
1059 939 1134 983 His
1159 938 1275 982 enim
1307 937 1432 983 dictis
1451 973 1465 994 ,

76 1010 216 1055 nubes
236 1010 424 1070 suscepit
445 1025 562 1056 eum.
590 1010 881 1054 Intuebantur
901 1009 963 1054 illi
982 1025 1113 1070 quem
1128 1019 1339 1054 noverant
1361 1029 1369 1054 :
1390 1024 1468 1054 no-

75 1089 229 1125 verant
250 1089 396 1124 tamen
417 1080 461 1124 in
481 1080 743 1135 humilitate,
768 1081 967 1124 nondum
990 1081 1036 1123 in
1057 1079 1268 1125 claritate.
1290 1083 1348 1124 Et
1365 1095 1468 1125 cum

77 1150 132 1194 ab
158 1150 217 1194 eis
247 1150 330 1194 iret
349 1150 396 1194 in
416 1150 602 1205 coelum,
631 1149 842 1195 admoniti
876 1161 977 1196 sunt
1018 1166 1125 1195 voce
1151 1150 1370 1209 angelica,
1398 1150 1469 1195 di-

76 1229 202 1266 cente
228 1241 236 1266 :
266 1240 287 1263 «
306 1220 422 1274 Quid
445 1221 564 1265 statis
584 1221 664 1265 viri
687 1221 884 1265 Galilaei?
910 1222 990 1266 Hic
1015 1224 1138 1266 Jesus
1160 1237 1292 1282 quem
1313 1220 1469 1266 videtis

80 1310 101 1334 »
135 1292 220 1346 ire,
253 1292 312 1337 sic
332 1292 479 1338 veniet
499 1292 873 1353 quemadmodum
896 1292 1062 1337 vidistis
1094 1309 1193 1337 eum
1217 1303 1394 1337 euntem
1421 1294 1468 1338 in

79 1380 100 1404 »
134 1362 338 1407 coelum1.
361 1381 382 1403 »
409 1362 617 1407 Ascendit
643 1378 746 1422 ergo
773 1382 782 1407 :
807 1363 986 1421 regressi
1010 1363 1072 1407 illi
1094 1363 1291 1408 laetantes
1307 1399 1317 1419 ‚
1342 1379 1469 1408 man-

75 1441 226 1477 serunt
246 1432 292 1476 in
309 1432 505 1488 civitate,
531 1432 772 1477 secundum
797 1434 887 1493 ejus
911 1443 1196 1494 praeceptum,
1223 1434 1364 1479 donec
1384 1435 1469 1478 im-

75 1503 300 1563 plerentur
324 1503 486 1563 Spiritu
500 1513 664 1548 sancto.
687 1503 804 1557 Quid
822 1513 968 1548 autem
990 1505 1157 1549 dictum
1181 1514 1272 1549 erat
1289 1505 1469 1549 Thomze

76 1573 303 1634 palpanti?
329 1592 348 1615 «
376 1573 487 1627 Quia
504 1574 672 1629 vidisti,
697 1574 938 1631 credidisti,
959 1575 1074 1619 beati
1089 1575 1164 1635 qui
1187 1591 1276 1620 non
1298 1575 1466 1631 vident,

74 1661 94 1685 »
130 1653 174 1688 et
195 1642 426 1688 eredunt2.
451 1662 470 1684 »
494 1642 697 1688 Praedicti
716 1659 877 1688 sumus.
908 1647 1036 1689 Terra
1058 1644 1132 1689 illa
1152 1654 1305 1689 vocata
1328 1661 1351 1688 a
1368 1644 1469 1689 solis

76 1723 176 1759 ortu
192 1729 331 1774 usque
355 1713 411 1758 ad
429 1730 631 1759 occasum
645 1730 735 1759 non
750 1713 885 1770 videt,
899 1724 942 1759 et
961 1715 1114 1760 credit.
1138 1714 1346 1760 Occultus
1364 1731 1468 1774 ergo

78 1788 193 1829 Deus
215 1785 416 1840 deorum,
433 1793 477 1828 et
494 1784 552 1829 eis
574 1784 688 1828 inter
709 1801 819 1845 quos
842 1784 1099 1839 ambulavit,
1122 1794 1165 1829 et
1181 1785 1240 1829 eis
1262 1801 1285 1829 a
1307 1785 1469 1846 quibus

77 1855 306 1899 crucifixus
322 1864 402 1909 est,
418 1863 462 1898 et
478 1855 537 1899 eis
552 1854 607 1898 ad
629 1870 818 1914 quorum
841 1854 989 1899 oculos
1011 1856 1260 1910 resurrexit,
1281 1864 1325 1899 et
1342 1855 1469 1899 nobis

77 1924 154 1984 qui
167 1921 385 1967 credimus
400 1921 446 1965 in
459 1920 573 1966 coelo
588 1923 809 1965 sedentem
819 1957 828 1975 ‚
843 1937 975 1982 quem
989 1938 1078 1966 non
1093 1924 1279 1967 vidimus
1293 1926 1338 1967 in
1355 1933 1469 1968 terra

78 1992 390 2038 ambulantem.
419 1991 504 2037 Sed
526 2001 570 2036 et
591 1991 625 2036 si
647 1992 920 2048 videremus,
946 2008 1094 2036 nonne
1115 1993 1200 2038 hoc
1224 1993 1469 2040 videremus

76 2063 198 2125 quod
218 2062 362 2108 Judaei
381 2062 587 2107 viderunt
607 2072 651 2107 et
671 2063 1008 2108 crucifixerunt?
1031 2063 1132 2108 Plus
1150 2074 1214 2109 est
1235 2065 1356 2125 quod
1377 2081 1468 2111 non

77 2133 275 2179 videntes
297 2133 519 2179 Christum
543 2132 758 2178 credimus
769 2137 924 2189 Deum,
943 2150 1075 2194 quam
1091 2134 1213 2195 quod
1230 2134 1293 2179 illi
1311 2135 1467 2180 viden-

76 2213 140 2249 tes
172 2204 345 2250 nonnisi
364 2203 586 2248 hominem
617 2213 896 2263 putaverunt.
935 2205 1004 2249 Illi
1032 2204 1220 2266 denique
1241 2206 1354 2250 male
1374 2223 1462 2267 pu-

77 2273 213 2319 tando
238 2274 628 2329 mortificaverunt,
653 2290 732 2318 nos
754 2275 866 2318 bene
887 2274 1105 2320 credendo
1126 2276 1412 2321 vivificamur.

135 2347 214 2388 vl.
234 2344 350 2397 Quid
372 2359 474 2403 ergo
489 2379 500 2399 ,
527 2343 710 2389 fratres?
731 2344 810 2389 Ille
832 2348 946 2389 Deus
963 2345 1146 2390 deorum
1161 2382 1172 2401 ,
1197 2356 1241 2391 et
1258 2357 1364 2392 tunc
1387 2364 1466 2393 oc-

77 2414 236 2469 cultus,
252 2423 296 2458 et
315 2413 448 2458 modo
471 2413 683 2469 occultus,
704 2414 922 2475 numquid
938 2431 1107 2475 semper
1123 2416 1352 2462 occultus?
1367 2421 1466 2464 Non

78 2484 208 2545 plane
228 2504 238 2529 ;
268 2484 370 2530 audi
390 2486 611 2546 sequentia
631 2501 641 2527 ε
666 2504 685 2527 «
710 2489 823 2530 Deus
845 2486 1099 2531 manifestus
1120 2488 1310 2533 veniet³.
1339 2507 1360 2531 »
1381 2489 1465 2541 Qui

127 2576 136 2592 ¹
157 2571 229 2601 Act.
253 2581 278 2611 1,
297 2568 395 2602 3-12.
411 2586 452 2592 -
469 2576 482 2592 ²
502 2571 592 2602 Joan.
614 2580 669 2609 xx,
694 2578 747 2612 29,
770 2586 806 2591 —
823 2567 836 2592 3
857 2569 936 2602 Psal.
956 2582 1040 2612 xux,
1061 2570 1092 2602 3.
