1841 3223
405 180 484 217 162
835 195 868 219 s.
905 191 1135 220 AthSTuvl
1168 194 1350 221 Erlscom

457 260 534 300 IX.
557 260 653 301 Jam
681 271 782 314 ergo
806 256 884 300 iste
922 258 1164 303 transiliens
1197 274 1329 317 agens
1349 257 1559 319 quiddam
1588 260 1634 302 in
1656 258 1787 304 eorde

395 326 617 372 occultum
638 362 648 380 ‚
676 325 797 386 quod
821 343 908 371 non
926 329 1047 373 novit
1066 329 1144 372 nisi
1159 329 1238 389 qui
1259 330 1419 389 pariter
1441 329 1550 387 agit3
1576 339 1786 389 tanquam

396 408 501 442 noto
518 398 598 441 sibi
622 396 735 441 sacto
756 398 841 441 tine
864 414 941 443 suo
962 399 1197 458 impetrans
1220 400 1340 460 quod
1364 400 1556 458 rogavit,
1577 409 1684 445 noto
1705 400 1789 444 sibi

398 467 512 513 facto
537 483 719 512 numero
741 467 909 513 dierum
939 485 1118 514 suorum
1135 506 1145 525 ,
1172 487 1260 515 non
1298 472 1375 530 qui
1395 471 1574 526 transit,
1614 470 1690 515 sed
1711 469 1789 531 qui

397 548 485 594 est,
512 539 699 583 attendit
717 539 772 584 ad
794 539 886 584 haee
909 556 1008 600 quae
1027 541 1283 596 transilivit,
1310 551 1354 585 et
1377 541 1645 601 comparavit
1669 541 1788 586 noti-

396 610 467 655 tiae
503 611 714 671 superiori
747 631 755 656 :
782 621 825 656 et
845 621 1053 672 tanquam
1075 612 1239 657 diceres
1262 613 1300 656 ei
1331 628 1339 653 z
1367 615 1510 666 Quare
1532 612 1788 658 desiderasti

395 696 631 725 numerum
652 681 821 727 dierum
849 691 1026 727 tuorum
1063 683 1138 742 qui
1162 684 1250 727 est?
1271 683 1380 743 quid
1410 684 1527 727 enim
1553 682 1608 727 de
1636 683 1790 734 diebus

393 751 483 796 istis
506 751 641 796 dieis?
663 755 724 796 De
741 752 817 797 illo
840 754 923 799 alio
953 753 1182 798 attendens
1198 750 1291 798 haec
1315 753 1375 798 ait
1400 769 1409 794 ι
1440 772 1461 796 <c
1485 756 1598 798 Eece
1621 763 1788 798 veteres

398 842 418 864 »
454 823 634 883 posuisti
663 823 754 868 dies
784 827 946 869 meos¹.
972 843 991 865 1)
1019 827 1305 868 Veterascunt
1333 824 1449 868 enim
1481 824 1558 880 hi,
1589 839 1668 882 ego
1702 840 1786 870 no-

395 910 471 939 vos
508 893 629 950 volo,
663 911 797 940 novos
831 911 1058 956 nunquam
1091 905 1409 940 veterascentes
1441 916 1452 952 3
1494 904 1542 939 ut
1581 895 1724 942 dicam
1777 916 1787 942 z

400 986 420 1008 «
443 968 597 1010 Vetera
621 966 905 1022 transierunt,
931 982 1030 1011 eece
1060 964 1171 1010 facta
1204 976 1307 1011 sunt
1335 969 1473 1010 nova‘2
1497 985 1504 1010 :
1535 984 1554 1008 »
1586 983 1704 1012 nunc
1737 967 1784 1012 in

396 1052 495 1096 spe,
522 1047 627 1081 tunc
655 1037 699 1081 in
722 1053 781 1081 re.
811 1038 1011 1082 Innovati
1033 1037 1151 1081 enim
1168 1037 1254 1081 fide
1273 1047 1316 1082 et
1338 1053 1412 1097 spe
1428 1073 1438 1092 ,
1464 1047 1630 1098 quanta
1647 1037 1791 1082 adhuc

395 1118 540 1152 vetera
558 1109 751 1167 agimus?
768 1112 865 1155 Non
887 1110 1003 1153 enim
1020 1109 1079 1154 sic
1101 1110 1274 1155 Christo
1298 1110 1442 1153 induti
1468 1126 1638 1165 sumus,
1670 1120 1720 1155 ut
1741 1126 1791 1154 ex

395 1179 537 1224 Adam
559 1180 648 1239 jam
677 1180 785 1224 nihil
816 1190 1054 1239 portemus.
1082 1181 1236 1225 Videte
1257 1190 1597 1225 veterascentem
1620 1180 1786 1237 Adam,

397 1261 441 1296 et
461 1252 657 1297 innovari
676 1252 900 1297 Christum
932 1252 976 1295 in
1006 1251 1132 1296 nobis
1164 1272 1171 1297 :
1205 1255 1296 1296 «Et
1324 1252 1358 1296 si
1385 1252 1587 1305 exterior,
1620 1252 1788 1312 inquit,

399 1341 420 1365 >›
456 1324 589 1368 homo
610 1332 755 1367 noster
777 1323 1086 1381 corrumpitur,
1105 1322 1181 1367 sed
1201 1323 1380 1367 interior
1397 1333 1632 1367 renovatur
1650 1321 1704 1366 de
1721 1322 1791 1366 die

400 1413 420 1436 »
456 1394 501 1438 in
523 1393 681 1438 diemss.
706 1412 725 1434 »
765 1396 880 1451 Ergo
910 1393 965 1437 ad
996 1403 1226 1453 peecatum
1244 1429 1254 1447 ,
1291 1393 1347 1437 ad
1368 1393 1704 1448 mortalitatem,
1737 1393 1792 1438 ad

394 1464 746 1525 praetervolantia
771 1474 989 1524 tempora,
1012 1463 1067 1508 ad
1089 1465 1296 1523 gemitum
1313 1473 1356 1508 et
1376 1464 1573 1508 laborem
1591 1473 1634 1508 et
1656 1464 1791 1509 sudo-

397 1551 489 1580 rem
505 1572 515 1591 ,
540 1535 596 1580 ad
616 1546 764 1580 {etates
796 1535 1078 1580 succedentes
1095 1570 1105 1589 ‚
1132 1551 1220 1579 non
1252 1544 1498 1590 manentes,
1532 1535 1586 1579 ab
1610 1533 1792 1580 infantia

397 1624 537 1668 usque
561 1607 615 1652 ad
635 1617 903 1652 senectutem
928 1608 1018 1651 sine
1046 1623 1174 1651 sensu
1205 1616 1477 1651 transeuntes
1493 1642 1503 1661 ,
1530 1608 1585 1650 ad
1606 1608 1700 1652 haec
1723 1616 1792 1652 at-

397 1679 642 1732 tendentes,
656 1678 880 1723 videamus
892 1679 964 1722 hic
981 1687 1171 1722 veterem
1188 1678 1428 1733 hominem,
1447 1687 1638 1722 veterem
1656 1677 1789 1734 diem,

397 1759 522 1794 vetus
545 1750 796 1804 Canticum,
821 1751 955 1793 Vetus
979 1752 1306 1792 Testamentum
1325 1764 1333 1788 z
1356 1749 1551 1792 conversi
1573 1758 1720 1794 autem
1737 1749 1793 1793 ad

397 1820 651 1865 interiorem
666 1854 677 1874 ,
703 1819 758 1863 ad
775 1835 823 1862 ea
846 1834 945 1878 quae
968 1818 1217 1862 innovanda
1244 1827 1369 1873 sunt,
1390 1833 1469 1878 pro
1491 1819 1556 1862 his
1579 1836 1678 1880 quse
1704 1820 1792 1864 im-

398 1892 707 1944 mutabuntur,
733 1891 1004 1934 inveniamus
1028 1890 1249 1944 hominem
1274 1906 1454 1945 novum,
1478 1890 1594 1935 diem
1609 1907 1789 1947 novum,

399 1963 628 2008 Canticum
652 1977 815 2006 novum
831 1997 841 2016 ‚
865 1964 1190 2005 Testamentum
1217 1963 1418 2018 Novum,
1449 1970 1492 2005 et
1516 1962 1575 2006 sie
1598 1977 1792 2007 amemus

397 2033 524 2078 istam
542 2033 804 2087 novitatem,
830 2041 878 2075 ut
898 2047 987 2075 non
1013 2030 1075 2074 ibi
1099 2031 1327 2075 timeamus
1349 2040 1625 2075 vetustatem.
1664 2035 1791 2078 Nunc

399 2119 503 2163 ergo
534 2104 580 2147 in
612 2104 696 2148 hoc
718 2118 847 2147 cursu
870 2102 1100 2145 transimus
1127 2118 1150 2145 a
1178 2101 1399 2146 veteribus
1431 2101 1486 2146 ad
1517 2118 1630 2148 nova
1659 2123 1668 2148 ε
1700 2104 1791 2163 ipse

398 2174 604 2220 transitus
623 2174 765 2233 agitur
781 2188 883 2217 eum
899 2181 1241 2231 corrumpuntur
1255 2173 1465 2217 exteriora
1480 2207 1491 2227 ,
1513 2182 1557 2217 et
1572 2174 1790 2218 innovan-

398 2255 471 2290 tur
507 2245 742 2301 interiora,
773 2242 913 2288 donec
940 2242 1070 2287 etiam
1092 2242 1175 2287 hoc
1198 2242 1341 2303 ipsum
1363 2243 1447 2288 hoe
1470 2244 1656 2289 exterius
1690 2261 1791 2290 eor-

400 2317 635 2377 rumpitur,
681 2315 837 2360 reddat
864 2315 1062 2359 debitum
1097 2322 1287 2369 naturae,
1321 2314 1468 2359 veniat
1495 2315 1540 2359 in
1572 2325 1788 2372 mortem,

400 2396 635 2432 renovetur
657 2396 701 2431 et
721 2387 805 2431 hoc
827 2386 873 2430 in
897 2384 1226 2429 resurrectione.
1251 2387 1373 2429 Tunc
1399 2385 1507 2429 fient
1532 2401 1678 2432 revera
1696 2402 1792 2431 om-

400 2459 472 2502 nia
488 2474 599 2502 nova
612 2493 622 2513 ,
644 2457 809 2518 reliqua
831 2473 930 2518 quae
946 2471 1063 2500 nunc
1081 2464 1182 2500 sunt
1203 2455 1250 2499 in
1271 2470 1361 2515 spe.
1379 2455 1480 2514 Agis
1498 2471 1601 2516 ergo
1623 2456 1791 2518 aliquid
1840 2462 1841 2467 ’

451 2549 460 2567 ¹
480 2543 561 2576 Psal.
580 2553 714 2585 xxxviii,
733 2542 767 2575 6.
788 2560 831 2566 —
851 2548 864 2565 ²
887 2550 907 2575 2
925 2543 997 2576 Cor.
1017 2551 1051 2584 v,
1075 2551 1125 2583 17.
1146 2558 1187 2564 —
1205 2537 1278 2581 3111,
1298 2551 1344 2583 iv,
1366 2542 1416 2574 16.
