1841 3223
387 257 630 288 ENARRATIO
662 259 708 286 m
740 254 941 285 PsALMtJM
973 255 1128 283 xxxx.
1342 241 1445 285 ‚201

68 336 111 372 et
131 342 204 371 cor
226 335 352 384 tuum
373 324 485 370 mala
508 325 609 368 rixa.
643 342 659 363 «
678 326 789 367 Ecce
810 321 921 365 labia
948 336 1041 366 mea
1061 335 1150 364 non
1171 316 1417 378 prohibebo
1436 351 1461 372 ,,

70 415 91 438 »
126 397 331 452 Domine,
351 406 400 441 tu
417 393 654 454 cognovisti
682 411 725 438 :n
747 391 973 445 Quomodo
986 390 1090 435 ille?
1113 387 1226 444 Quid
1248 387 1453 445 cognovit

67 468 303 512 Dominus?
338 470 466 511 Intus
495 465 542 509 in
566 463 696 509 corde
712 499 723 518 ,
749 463 826 507 ubi
853 478 942 506 non
964 461 1083 506 videt
1103 462 1251 505 homo.
1284 458 1389 504 Ideo
1411 467 1455 503 et

69 537 165 583 ille:
191 536 426 592 «Credidi,
447 554 467 577 »
492 535 648 595 inquit.
674 536 788 578 Ecce
805 548 879 577 cor
900 532 1055 586 habet,
1077 532 1166 591 jam
1188 530 1321 574 habet
1334 526 1455 589 quod

68 608 212 653 videat
232 611 344 652 Deus
362 627 370 652 :
391 623 481 661 non
497 605 725 666 prohibeat
738 603 851 648 labia
872 618 963 647 sua.
984 604 1082 646 Non
1104 600 1321 660 prohibet.
1341 598 1456 653 Quid

70 678 186 723 enim
204 677 333 722 dicit?
360 681 571 736 «Propter
589 673 710 736 quod
725 674 897 718 locutus
916 688 1011 717 sum
1029 674 1058 715 1.
1088 689 1108 712 >›
1129 674 1187 715 Et
1209 670 1309 730 quia
1332 669 1457 714 locu-

71 756 139 793 tus
156 757 219 792 est
236 749 357 809 quod
373 747 581 803 credidit,
597 761 795 807 quaerens
811 745 917 805 quid
941 743 1154 788 retribuat
1175 741 1360 786 Domino
1377 756 1457 800 pro

71 819 273 872 omnibus
294 835 394 879 quae
415 817 617 862 retribuit
649 817 710 872 ei,
747 815 944 876 adjungit
976 834 984 859 :
1015 812 1237 859 «Calicem
1260 811 1458 856 salutaris

73 908 93 931 n
128 890 347 949 accipiam,
373 899 416 933 et
435 904 596 933 nomen
617 888 791 933 Domini
807 886 1060 931 invocabo2.
1079 903 1098 926 n
1115 887 1213 930 Non
1237 882 1460 928 exhorruit

71 960 305 1005 Dominum
328 959 546 1004 dicentem
577 975 586 1000 z
618 959 830 1004 «Potestis
852 958 1003 1002 bibere
1027 956 1202 1002 calicem
1225 970 1357 1016 quem
1380 969 1460 1012 ego

74 1048 95 1072 »
131 1031 350 1075 bibiturus
370 1046 466 1075 sum
482 1031 519 1074 ³1
548 1049 567 1072 »
590 1031 833 1076 Confitetur
861 1030 975 1073 enim
1007 1044 1085 1089 per
1106 1027 1219 1072 labia
1239 1025 1360 1087 quod
1379 1026 1460 1069 ha-

72 1102 207 1147 bebat
225 1103 270 1146 in
291 1101 421 1146 corde
437 1137 448 1157 ,
474 1102 671 1161 pervenit
693 1101 748 1145 ad
770 1101 1025 1161 passionem.
1053 1103 1110 1144 Et
1137 1099 1238 1159 quia
1260 1096 1460 1158 pervenit

74 1172 129 1217 ad
150 1173 415 1232 passionem,
455 1173 589 1217 hostis
623 1171 732 1232 quid
769 1172 949 1215 nocuit?
976 1173 1171 1229 «Nempe
1192 1168 1379 1229 pretiosa
1414 1167 1462 1211 in

75 1260 96 1285 »
116 1252 351 1303 conspectu
364 1243 539 1288 Domini
558 1258 671 1287 mors
682 1244 899 1303 justorum
915 1242 1047 1301 ejus4.
1062 1259 1082 1281 »
1103 1242 1265 1284 Mortes
1286 1238 1332 1281 in
1354 1253 1461 1298 quas

73 1314 228 1374 pagani
248 1314 495 1370 saevierunt,
515 1312 657 1357 inillis
673 1312 804 1357 hodie
827 1312 1061 1356 reficimur.
1085 1309 1281 1356 Natalem
1294 1311 1464 1366 Marty-

74 1400 171 1430 rum
197 1384 488 1441 celebramus,
509 1383 709 1444 exempla
731 1387 977 1442 Martyrum
1000 1382 1126 1427 nobis
1148 1380 1432 1441 proponimus
1449 1416 1461 1436 ,

76 1454 339 1500 attendimus
361 1454 489 1499 fidem
504 1490 518 1510 ,
542 1453 764 1515 quomodo
797 1454 990 1508 inventi,
1020 1450 1243 1512 quomodo
1266 1450 1461 1505 attracti,

75 1524 297 1587 quomodo
320 1535 534 1570 steterunt
551 1534 650 1569 ante
668 1524 850 1585 judices.
878 1527 929 1567 In
949 1522 1140 1567 Ecclesia
1161 1520 1374 1565 catholica
1398 1521 1468 1564 ni-

15 1590 25 1601 ’
75 1595 139 1641 hil
157 1596 366 1640 habentes
389 1595 695 1650 simulationis,
726 1593 1017 1653 compaginati
1037 1593 1243 1653 junctura
1261 1592 1438 1636 unitatis
1453 1626 1464 1647 ,

78 1665 260 1711 confessi
293 1675 394 1711 sunt
416 1666 637 1711 Christum
675 1684 683 1709 :
717 1673 849 1723 caput
879 1663 999 1723 quod
1022 1671 1319 1722 praecesserat,
1357 1663 1468 1706 sicut

77 1734 270 1781 membra
288 1772 298 1791 ,
335 1737 455 1796 sequi
479 1736 810 1795 concupierunt.
843 1734 925 1779 Sed
948 1735 1022 1795 qui
1046 1734 1395 1793 concupierunt?
1417 1737 1469 1777 In

82 1807 305 1852 tormentis
336 1807 569 1866 patientes,
601 1806 646 1849 in
683 1805 954 1849 confessione
983 1804 1158 1859 fideles,
1195 1805 1241 1848 in
1272 1819 1470 1848 sermone

79 1894 265 1923 veraces.
291 1875 604 1922 Jaculabantur
633 1876 748 1920 enim
770 1876 815 1919 in
844 1892 918 1920 ora
950 1876 1313 1934 interrogantium
1337 1891 1379 1919 sc
1402 1891 1473 1920 sa-

82 1949 208 2007 gittas
225 1948 324 2002 Dei,
345 1956 387 1992 et
401 1946 691 1992 vulnerabant
712 1947 768 1990 ad
789 1946 895 1990 iram
913 1968 923 2004 3
948 1946 1109 1991 multos
1131 1945 1474 1991 vulneraverunt

82 2028 125 2062 et
146 2017 202 2062 ad
223 2016 407 2062 salutem
434 2036 443 2061 z
469 2020 572 2061 Haec
597 2017 743 2061 omnia
766 2017 1049 2076 proponimus
1076 2016 1224 2072 nobis,
1251 2026 1293 2061 et
1323 2017 1472 2060 intue-

82 2103 179 2133 mur
202 2086 291 2142 ina,
317 2096 360 2131 et
382 2096 580 2148 optamus
603 2087 776 2130 imitari.
803 2089 907 2131 Haec
931 2096 1033 2131 sunt
1066 2086 1312 2146 spectacula
1335 2087 1474 2132 chris-

82 2159 223 2213 tiana,
249 2158 343 2202 haec
366 2156 485 2202 videt
506 2155 693 2216 desuper
707 2160 819 2200 Deus
834 2192 845 2212 ,
871 2156 925 2201 ad
947 2158 1041 2201 haec
1064 2158 1280 2213 hortatur,
1307 2158 1363 2201 ad
1380 2158 1475 2202 haec

84 2228 290 2288 adjuvat,
338 2227 403 2272 his
441 2227 749 2271 certaminibus
781 2227 958 2286 proemia
987 2229 1192 2287 proponit
1234 2237 1276 2271 et
1319 2227 1471 2272 donat.

88 2318 109 2340 «
139 2300 251 2342 Ecce
276 2297 393 2341 labia
418 2312 514 2341 mea
539 2312 628 2341 non
664 2297 923 2356 prohibebo.
952 2315 972 2338 »
1008 2298 1116 2341 Vide
1140 2313 1195 2341 ne
1229 2297 1378 2342 timeas
1395 2333 1406 2353 ,
1433 2307 1478 2348 et

84 2367 315 2428 prohibeas
337 2367 454 2412 labia
475 2376 564 2411 tua.
605 2368 840 2421 «Domine,
867 2377 916 2412 tu
937 2368 1175 2426 cognovisti
1209 2387 1217 2413 :
1241 2386 1261 2409 »
1288 2369 1391 2429 quia
1413 2377 1477 2414 est

87 2448 129 2483 et
149 2439 196 2482 in
214 2437 344 2483 corde
363 2439 485 2499 quod
505 2447 630 2482 sonat
642 2447 684 2482 et
706 2438 751 2481 in
768 2438 909 2482 labiis.

137 2552 145 2568 ¹
167 2545 244 2578 Psal.
264 2556 335 2583 cxv,
358 2556 462 2579 10.—
491 2552 504 2568 ²
522 2545 603 2577 lbid.
628 2546 678 2577 13.
700 2562 741 2568 --
757 2543 896 2577 3Manh.
913 2555 968 2585 xx,
996 2553 1049 2577 99..
1073 2563 1114 2569 -
1136 2544 1151 2571 4
1171 2545 1251 2582 Psal.
1271 2557 1343 2583 cxv,
1373 2545 1424 2591 14.
