1841 3223
227 236 469 266 ΕΝΑΜΑΤΙΟ
500 239 533 265 11
565 238 611 265 ΙΝ
644 215 849 265 psALMtJM
879 235 1035 274 xxxvi,
1070 234 1198 263 SERM.
1234 237 1284 263 11.
1384 225 1440 265 95

51 311 142 357 ret,
168 301 285 347 idem
314 311 501 346 tractans
524 301 659 345 dixit:
694 299 811 355 Quid
827 299 889 345 illi
911 300 1142 361 objiciatur
1171 299 1312 355 seitfs,
1337 301 1441 361 quia

49 388 147 433 pars
174 374 264 434 jam
293 371 451 418 Donati
481 372 641 416 incesta
676 369 789 416 faeta
826 380 904 416 est.
940 374 1033 415 Hoc
1061 380 1152 415 erat
1184 370 1231 414 in
1263 370 1436 430 regula:

50 442 209 497 Quales
238 442 401 487 fuerint
430 457 530 487 eum
562 441 723 502 quibus
745 440 879 486 suerit
903 441 1299 497 communicatum,
1336 441 1451 486 tales¹

49 513 142 557 fieri
166 528 316 558 omnes
338 521 381 557 et
397 512 638 557 universam
655 527 853 556 massam.
882 514 1036 572 Itaque
1058 512 1092 556 si
1109 528 1261 558 verum
1283 512 1354 556 isti
1377 511 1440 556 di-

49 593 178 639 eunt,
203 584 366 629 incesta
389 593 452 628 est
463 585 553 644 jam
577 598 673 643 pars
695 591 787 627 tota
808 582 981 628 Donati.
1007 585 1174 627 Exeant
1196 583 1325 642 plane
1344 585 1440 629 Nu-

50 654 177 698 midae
194 690 205 710 ,
237 664 280 698 et
307 653 453 698 dicant
475 669 484 694 :
508 654 577 698 Ad
599 669 676 698 nos
706 668 797 698 non
823 653 1014 713 pertinet
1041 653 1074 697 si
1100 652 1196 698 illos
1223 654 1436 710 incestos,

48 725 193 770 neseio
221 740 358 786 quos,
389 723 446 769 ad
477 724 829 769 communionem
862 733 985 769 tuam
1022 722 1253 779 admisisti,
1290 725 1440 768 obesse

47 795 193 856 potuit
214 804 303 839 tam
326 794 457 854 longe
484 794 657 855 positis?
682 794 724 840 Si
747 810 850 854 ergo
872 794 994 839 vobis
1018 794 1168 838 obesse
1191 802 1281 839 non
1307 794 1440 839 vultis

48 866 124 926 qui
146 867 191 910 in
208 866 414 912 Numidia
428 866 548 921 estis,
570 865 691 926 quod
707 865 959 924 Carthagini
980 865 1058 923 fit3
1083 863 1204 925 quod
1225 866 1270 909 in
1293 863 1440 910 Africa

48 937 119 992 fit,
149 938 294 997 potuit
320 936 471 981 obesse
492 937 694 981 universo
727 936 823 981 orbi
845 937 1090 981 terrarum?
1121 938 1299 996 Semper
1319 935 1439 980 unde

47 1022 92 1051 se
109 1006 376 1062 defendunt,
396 1006 498 1051 inde
521 1023 564 1051 se
587 1017 814 1062 accusant,
845 1015 888 1051 et
914 1022 992 1051 nos
1016 1015 1236 1050 excusant.
1262 1009 1439 1050 Etcum

48 1087 276 1132 tractaret,
302 1076 419 1121 idem
436 1078 660 1138 sequentia
677 1077 871 1129 recitavit
889 1079 929 1136 ι)
949 1104 1000 1111 -
1024 1097 1045 1119 ι(
1070 1076 1321 1122 Adventum
1342 1092 1441 1121 nos-

47 1157 164 1193 trum
188 1149 361 1209 penitus
389 1146 638 1193 declinavit.
663 1167 682 1190 »
707 1151 788 1207 (Et
811 1164 911 1192 cum
937 1147 1125 1206 legeret,
1155 1148 1272 1192 idem
1298 1147 1435 1192 dixit-2

48 1220 179 1273 Quod
214 1219 278 1263 illi
315 1220 455 1280 questi
484 1229 587 1263 sunt
618 1218 671 1264 de
698 1218 947 1264 Caeciliano.
988 1221 1045 1263 Et
1075 1234 1174 1263 cum
1208 1227 1436 1275 tractaret,

47 1291 273 1351 sequentia
290 1290 483 1336 recitavit
500 1310 509 1335 ι
526 1293 543 1349 )
564 1316 623 1324 -
640 1310 656 1331 «
676 1290 762 1344 Qui
779 1306 1095 1352 usquequaque
1112 1288 1265 1333 rebelli
1292 1289 1438 1334 animo

47 1360 274 1406 calcitrans
289 1397 300 1418 ,
332 1362 379 1406 in
399 1360 515 1406 malo
536 1361 802 1421 permansit,
838 1371 889 1406 ut
910 1361 1127 1407 conducta
1155 1360 1439 1406 multitudine

46 1432 317 1492 perditorum
342 1467 354 1489 ,
393 1449 411 1473 n
450 1434 549 1491 (Et
587 1448 689 1477 eum
726 1433 957 1489 recitaret,
1002 1433 1119 1477 idem
1155 1431 1262 1476 dixit
1298 1450 1307 1476 ι
1340 1434 1439 1477 Jam

48 1504 132 1548 hoc
151 1504 248 1564 plus
267 1513 345 1548 est„
373 1505 477 1548 Haec
506 1503 561 1548 de
582 1504 813 1549 Caeciliano
836 1519 925 1549 non
947 1504 1150 1549 dixerunt
1177 1503 1241 1548 illi
1261 1518 1269 1545 :
1294 1502 1438 1548 videte

50 1590 165 1635 quae.
210 1578 268 1619 Et
297 1589 396 1619 cum
424 1584 648 1630 tractaret,
684 1575 800 1619 idem
831 1575 1055 1635 sequentia
1090 1575 1317 1620 recitavit:
1342 1578 1356 1629 )
1380 1601 1435 1607 -

51 1665 71 1688 «
107 1655 238 1707 atque
265 1646 504 1706 impetratis
538 1646 797 1691 officialibus
824 1646 1101 1691 basilicarum
1124 1648 1281 1707 januas
1311 1645 1438 1690 obse-

46 1716 226 1761 dissent.
268 1736 288 1758 »
327 1720 343 1775 (
375 1721 433 1761 Et
470 1733 571 1761 cum
602 1718 826 1772 recitaret,
862 1717 979 1761 idem
1013 1717 1121 1762 dixit
1152 1736 1162 1762 ε
1198 1720 1261 1763 Ne
1298 1717 1438 1761 intra-

47 1797 147 1831 rent
177 1787 367 1847 episcopi
383 1822 394 1842 ,
426 1790 483 1831 Et
510 1803 612 1832 eum
636 1797 864 1843 tractaret,
889 1787 1005 1832 idem
1027 1788 1257 1849 sequentia
1280 1788 1437 1832 recita-

46 1858 134 1903 vit:
154 1861 170 1917 )
188 1886 242 1891 —-
265 1878 286 1901 «
313 1861 389 1918 qui
421 1858 695 1917 ingrediendi
729 1859 855 1903 nobis
883 1869 1014 1920 atque
1043 1858 1198 1918 agendi
1228 1859 1438 1904 solemnia

46 1928 355 1974 interdicerent
385 1927 652 1974 facultatem.
680 1932 785 1974 Haee
807 1930 840 1974 si
863 1931 1114 1990 episcopum
1137 1930 1341 1974 convenit
1371 1928 1438 1974 fa-

47 2015 166 2055 cere,
197 2001 230 2044 si
252 1999 504 2045 Christianis
523 2000 624 2044 lieet
641 1999 869 2044 admittere
886 2035 896 2055 ,
922 2000 956 2044 si
974 2001 1059 2045 hoe
1081 2001 1318 2059 Evangelia
1339 2016 1438 2060 pro-

47 2079 277 2125 testantur,
301 2071 460 2130 probet
482 2080 558 2114 aut
572 2070 740 2130 judicet
756 2071 951 2130 quisquis
976 2080 1143 2115 amator
1163 2081 1240 2115 aut
1256 2080 1439 2115 assertor

47 2151 112 2186 est
127 2142 332 2187 veritatis.
355 2145 449 2187 Hoc
471 2141 585 2185 enim
604 2141 730 2185 nobis
752 2141 909 2185 inflixit
930 2141 1063 2186 frater
1081 2142 1316 2202 aliquando
1332 2158 1438 2202 pro-

47 2212 166 2272 prius
189 2247 200 2268 ‚
243 2211 359 2273 quod
397 2228 624 2273 nunquam
649 2210 812 2256 faceret
844 2211 1025 2257 alienus.
1067 2232 1087 2255 »
1114 2214 1132 2271 (
1156 2215 1214 2257 Et
1244 2229 1343 2257 eum
1373 2213 1439 2258 le-

43 2292 193 2342 geret,
231 2283 349 2328 idem
388 2283 496 2328 dixit
527 2299 536 2325 :
584 2282 701 2337 Quid
728 2283 993 2343 pluribus¹P
1028 2283 1194 2329 *Dicunt
1227 2283 1364 2328 multa
1394 2292 1439 2329 et

48 2350 492 2399 damnant'hominem
510 2374 518 2400 :
535 2354 609 2399 sed
625 2353 951 2399 damnationem
963 2355 1055 2415 jam
1074 2355 1210 2414 ipsam
1223 2354 1433 2415 legamus.

36 2425 129 2483 ·(·Et
142 2435 242 2470 eum
260 2435 485 2481 tractaret,
506 2424 623 2469 idem
637 2424 942 2482 1’eeitavit:)—
955 2444 976 2468 «
993 2426 1267 2470 Decrevimus
1288 2441 1438 2471 omnes

37 2494 292 2540 ‘sacerdotes
315 2496 418 2551 Dei,
451 2505 664 2556 praesente
689 2496 850 2557 Spiritu
879 2505 1055 2553 sancto,
1085 2496 1205 2543 hune
1232 2499 1437 2544 eumdem

98 2587 106 2604 ¹
129 2579 281 2623 subaudi,
302 2593 384 2625 opus
398 2588 458 2614 est.
