1841 3223
281 198 522 228 ENARRATIO
555 200 569 226 1
601 199 646 226 IN
679 196 881 226 PsALMUM
914 198 1076 236 XXXIV,
1111 196 1237 225 SERM.
1274 199 1303 225 1.
1456 186 1483 224 9

110 287 128 308 »
162 279 304 310 meam
326 264 535 309 miserunt
555 271 714 307 sortem
728 264 802 305 ²1²»
835 265 858 307 J
863 278 931 307 am
953 263 1095 308 omnia
1115 263 1194 307 ista
1217 271 1317 307 ante
1339 260 1486 306 oculos

105 351 255 381 eorum
281 334 466 388 fiebant,
489 341 532 377 et
553 347 683 377 nemo
705 343 796 377 erat
817 334 892 393 qui
913 334 1150 394 requireret
1168 334 1353 377 animam
1377 333 1484 393 ejus.

106 411 364 454 Invocemus
385 419 502 463 ergo,
528 403 681 449 fratres
695 439 705 459 ‚
732 413 782 448 ut
803 404 917 449 dicat
940 405 1093 449 animae
1114 413 1273 450 nostrae
1295 423 1303 450 :
1328 423 1345 443 «-
1364 402 1488 449 Salus

111 498 142 521 »,
163 487 240 523 tua
260 491 341 536 ego
362 490 459 520 sum
475 496 487 533 3
504 492 523 516 »
553 484 597 519 et
623 474 787 534 aperiat
808 489 930 519 aures
952 478 1045 535 ejus
1060 511 1071 531 ‚
1096 485 1145 520 ut
1167 475 1314 520 audiat
1337 474 1491 518 dieen-

105 559 196 597 tem
216 569 225 595 z
256 567 276 592 «
295 548 415 594 Salus
431 557 507 592 tua
524 562 605 606 ego
622 562 733 591 sum.
759 565 776 588 »
799 547 915 591 Dicit
937 547 1052 590 enim
1070 581 1080 601 ‚
1108 547 1184 591 sed
1206 546 1385 607 quidam
1406 545 1491 590 ob-

106 619 364 667 surdescunt
396 638 406 664 :
431 617 551 662 unde
586 616 771 661 audiunt
793 617 936 676 potius
957 626 1265 677 persequentes
1294 616 1491 660 inimicos

106 691 152 737 in
174 689 456 735 tribulatione
485 687 725 733 constituti.
760 688 801 733 Si
833 686 998 747 aliquid
1021 686 1162 742 deest,
1188 687 1222 731 si
1246 687 1292 731 in
1310 695 1494 745 angusto

106 771 171 806 est
191 760 355 816 anima,
387 760 434 803 in
454 759 600 819 inopia
620 758 925 818 temporalium
941 793 951 813 ,
988 758 1145 818 quaerit
1167 756 1373 802 auxilium
1395 756 1493 817 ple-

106 847 293 892 rumque
315 847 339 875 a
361 829 659 884 daemonibUS,
686 828 926 889 arreptitios
945 828 1198 874 daemonum
1221 827 1317 872 vult
1333 843 1494 872 consu-

106 903 217 958 lere,
247 900 470 960 sortilegos
493 900 650 960 quaerit
681 919 690 944 ε
714 909 1009 960 persecutores
1031 898 1151 944 illam
1183 900 1326 944 hostes
1348 898 1497 943 invisi-

106 971 216 1017 biles
229 971 446 1025 adierunt,
458 970 746 1025 intraverunt,
763 979 1136 1030 expugnaverunt,
1150 970 1494 1030 captivaverunt,

106 1045 328 1097 vicerunt,
354 1039 567 1086 dicendo:
590 1059 608 1082 «
626 1043 725 1087 Non
747 1050 809 1085 est
833 1040 947 1086 salus
974 1040 1038 1086 illi
1060 1042 1105 1085 in
1120 1045 1210 1086 Deo
1227 1042 1331 1102 ejus.
1362 1060 1378 1082 »
1404 1041 1498 1084 Ob-

107 1112 280 1158 surduit
297 1120 448 1157 contra
464 1127 617 1156 vocem
637 1110 855 1156 dicentem
876 1131 885 1156 ε
914 1111 1070 1156 «Salus
1085 1121 1159 1155 tua
1183 1126 1262 1170 ego
1284 1127 1395 1156 sum.
1422 1112 1499 1157 Die

112 1204 132 1227 »
167 1184 322 1228 animae
354 1197 462 1226 meae
484 1202 494 1227 z
523 1181 646 1228 Salus
668 1191 744 1226 tua
765 1198 845 1241 ego
868 1197 990 1238 sum,
1015 1192 1065 1227 ut
1095 1181 1424 1228 confundantur
1457 1191 1501 1227 et

114 1274 136 1298 «
168 1261 447 1299 revereantur
468 1252 735 1313 requirentes
758 1252 946 1297 animam
966 1268 1107 1297 meam
1125 1289 1136 1310 ,
1160 1272 1180 1295 »
1202 1255 1272 1298 cui
1296 1252 1402 1297 dicis
1425 1261 1497 1309 tu,

78 1343 81 1345 “
112 1344 133 1368 ))
171 1324 294 1371 Salus
327 1333 402 1369 tua
436 1338 515 1382 ego
534 1339 645 1368 sum.
665 1343 685 1365 ³>
712 1323 901 1369 Audiam
924 1324 1142 1370 dicentem
1163 1325 1268 1370 mibi
1289 1361 1300 1381 ‚
1337 1344 1354 1365 «
1378 1323 1501 1369 Salus

112 1416 133 1439 »
167 1406 245 1441 tua
274 1411 356 1455 ego
382 1411 493 1440 sum.
524 1414 542 1436 »
580 1394 722 1439 Aliam
751 1395 935 1441 salutem
964 1412 1055 1441 non
1076 1397 1318 1457 requiram,
1344 1405 1502 1455 praeter

109 1467 347 1514 Dominum
360 1470 501 1511 Deum
511 1482 674 1510 meum.
694 1469 755 1510 De
769 1476 966 1511 creatura
981 1468 1089 1512 mihi
1102 1467 1217 1511 salus
1236 1467 1500 1526 suggeritur3

111 1539 166 1583 ab
187 1539 281 1598 ipso
303 1545 367 1581 est
394 1556 404 1581 2
435 1545 479 1580 et
509 1535 544 1580 si
565 1534 662 1581 levo
684 1537 833 1581 oeulos
856 1553 974 1582 meos
995 1537 1041 1581 iu
1070 1547 1262 1593 montes,
1288 1537 1407 1581 unde
1427 1552 1504 1581 ve·-

111 1610 202 1654 niat
224 1607 433 1653 auxilium
453 1607 591 1665 mihi3
615 1611 704 1652 non
726 1617 873 1652 tamen
897 1625 920 1653 a
941 1609 1164 1654 montibus
1182 1644 1193 1665 ‚
1223 1629 1242 1651 «
1266 1607 1350 1654 Sed
1385 1608 1505 1652 auxi-

117 1701 135 1722 »
170 1680 278 1724 lium
308 1694 454 1722 meum
484 1695 506 1722 a
529 1678 737 1734 Domino,
769 1679 846 1739 qui
870 1678 972 1724 fecit
992 1678 1156 1724 eoelum
1179 1689 1223 1724 et
1247 1682 1445 1723 terram2.
1481 1698 1499 1719 «

114 1754 166 1796 In
200 1750 301 1810 ipsis
334 1747 647 1809 temporalibus
679 1750 886 1808 angustiis
928 1766 1005 1809 per
1045 1750 1271 1794 bominem
1301 1749 1506 1794 subvenit

113 1824 229 1867 Deus
242 1842 252 1879 3
267 1819 380 1864 salus
395 1829 470 1864 tua
484 1819 576 1879 ipse
589 1828 666 1864 est.
682 1823 763 1864 Per
778 1820 996 1880 Angelum
1015 1821 1219 1865 subvenit
1232 1825 1369 1879 Deus3
1390 1820 1505 1865 salus

114 1902 190 1937 tua
208 1892 298 1951 ipse
319 1899 398 1935 est.
419 1891 576 1935 Omnia
595 1889 658 1934 illi
680 1891 875 1951 subjecta
897 1901 1021 1945 sunt,
1048 1900 1091 1935 et
1108 1891 1159 1936 ad
1184 1892 1306 1936 istam
1327 1890 1506 1953 quidem

115 1964 248 2008 vitam
285 1960 564 2022 temporalem
595 1961 825 2018 subvenit,
858 1961 930 2006 alii
962 1961 1091 2017 inde,
1122 1962 1193 2007 alii
1217 1963 1319 2007 inde
1346 1983 1354 2008 :
1380 1972 1508 2007 eeter-

116 2048 219 2078 nam
230 2032 366 2077 vitam
387 2047 479 2075 non
490 2031 565 2075 dat
582 2031 662 2075 nisi
684 2031 739 2075 de
756 2048 814 2076 se.
843 2035 956 2077 Ecce
978 2033 1023 2077 in
1041 2034 1250 2093 angustiis
1269 2035 1507 2079 constituto

116 2120 207 2148 non
228 2103 376 2147 subest
398 2101 520 2162 quod
536 2102 709 2162 quaeris,
731 2102 806 2146 scd
828 2102 949 2147 adest
967 2120 1101 2164 quem
1118 2106 1291 2165 quaeris.
1308 2107 1366 2149 Et
1382 2104 1508 2148 illum

117 2189 264 2236 quaere
282 2174 358 2234 qui
376 2172 522 2218 deesse
539 2189 766 2234 nunquam
791 2184 947 2234 potest.
968 2176 1291 2220 Subtrahantur
1313 2192 1412 2236 quae
1430 2175 1509 2219 de—

117 2246 210 2304 dit3
232 2245 448 2306 numquid
465 2245 734 2290 subtrahitur
757 2246 831 2306 qni
855 2245 1005 2290 dedit?
1023 2247 1402 2307 Redduntur‘quae
1426 2247 1507 2291 de-

118 2317 241 2360 derat
263 2336 272 2361 :
294 2315 508 2376 numquid
524 2315 615 2375 ipse
637 2325 738 2360 sunt
754 2316 916 2360 divitiae
931 2333 1032 2361 eum
1050 2317 1218 2361 reddita
1238 2316 1505 2372 fuerintilla,

119 2396 163 2431 et
182 2402 272 2431 nou
294 2386 367 2430 ille
389 2387 466 2447 qui
486 2386 757 2432 subtraxerat
780 2387 1007 2447 probando
1023 2424 1033 2443 ,
1066 2398 1108 2432 et
1138 2387 1329 2433 reddidit
1350 2404 1508 2433 conso-

116 2456 280 2502 lando?
303 2457 563 2503 Consolatur
595 2458 713 2501 enim
742 2457 920 2518 quando
942 2458 1067 2503 nobis
1096 2459 1173 2504 ista
1207 2475 1295 2503 non
1329 2458 1503 2503 desunt.

171 2550 179 2566 ¹
201 2543 282 2575 Psnl.
303 2554 368 2586 xv,
387 2546 505 2586 ¹7·¹9·
532 2561 573 2567 —-
593 2544 808 2585 ²111.cx=<,2.
