1841 3223
412 204 495 243 404
853 217 885 242 s.
922 214 1151 243 AUGUSTINI
1185 218 1365 243 eviscovi

407 280 698 326 humilitatem
714 289 904 324 nostram
923 297 1024 325 cum
1043 281 1206 341 aliquid
1228 297 1378 325 verum
1403 281 1602 336 dicimus,
1619 283 1708 342 ipse
1727 283 1793 328 lo-

405 354 479 412 qui
490 362 570 395 tur.
584 351 734 395 Videte
745 352 906 412 itaque,
919 352 1141 413 loquendo
1152 353 1463 413 multipliciter,
1475 353 1623 397 multis
1636 355 1791 408 modis,

406 422 632 482 permulta
647 439 758 477 vasa,
775 439 852 482 per
866 424 1001 468 multa
1015 440 1192 483 organa,
1210 425 1300 484 ipsc
1316 433 1458 468 tamen
1472 434 1597 468 sonat
1611 425 1792 485 ubique,

407 492 628 551 tangendo
645 528 656 547 ,
682 493 1001 551 modificando,
1027 494 1278 554 inspirando
1308 514 1316 539 :
1347 494 1491 539 videte
1514 494 1619 555 quid
1643 495 1791 553 egerit.

411 582 431 605 «
466 567 658 608 Locutus
689 574 754 609 est
794 565 909 609 enim
931 601 941 620 ,
989 575 1032 609 et
1067 566 1238 610 vocavit
1272 575 1444 609 terram.
1481 584 1500 607 η
1534 568 1675 619 Quam
1710 575 1796 611 ter-

405 636 528 678 ram?
551 637 620 678 An
641 633 753 679 forte
771 633 987 680 Africam?
1011 640 1191 695 Propter
1213 650 1285 680 eos
1308 635 1383 696 qui
1401 634 1554 680 dicunt
1573 655 1581 680 ;
1604 634 1795 680 Ecclesia

405 705 565 750 Christi
589 721 686 766 pars
713 706 867 750 Donati
891 715 968 750 est.
1005 706 1149 751 Solam
1175 705 1353 767 quidem
1376 706 1568 751 Africam
1599 723 1688 752 non
1713 723 1795 751 -vo-

405 777 538 830 cavit,
570 776 646 821 sed
667 786 710 821 ct
731 776 920 821 Africam
944 793 1033 822 non
1061 778 1287 838 separavit.
1326 778 1411 831 Qui
1432 778 1548 822 enim
1569 797 1590 820 «
1616 777 1797 823 Vocavit

407 866 428 889 »
465 857 623 892 terram
646 863 669 892 a
698 847 797 892 solis
820 856 921 892 ortu
946 864 1086 909 usque
1113 847 1168 893 ad
1196 864 1397 893 occasum
1417 883 1428 904 ,
1456 866 1476 889 n
1503 848 1644 893 nullas
1666 847 1797 893 relin-

404 935 542 980 quens
569 927 712 978 partes
735 934 841 978 quas
864 934 952 963 non
974 919 1160 974 vocarit,
1191 919 1237 962 in
1259 935 1333 963 sua
1356 919 1584 964 vocatione
1605 919 1795 963 Africam

403 990 585 1034 invenit.
620 989 818 1034 Gaudeat
837 1004 937 1047 crgo
959 989 1004 1033 in
1033 989 1223 1044 unitate,
1250 1005 1339 1034 non
1361 990 1584 1048 superbiat
1617 990 1662 1033 in
1685 989 1798 1034 divi-

404 1061 540 1105 sione.
567 1063 683 1104 Bene
703 1060 888 1105 dicimus
906 1095 918 1115 ,
942 1060 1044 1120 quia
1068 1076 1151 1105 vox
1175 1061 1252 1104 Dei
1274 1057 1457 1104 deorum
1475 1069 1518 1104 et
1539 1061 1583 1103 in
1607 1060 1794 1105 Africam

404 1132 546 1186 venit,
578 1148 667 1176 non
696 1132 741 1175 in
763 1131 908 1176 Africa
931 1131 1150 1175 remansit.
1191 1150 1210 1172 «
1236 1130 1419 1175 Vocavit
1447 1131 1561 1174 enim
1594 1140 1750 1175 terram
1774 1148 1796 1175 a

408 1223 429 1245 »
466 1204 565 1248 solis
589 1213 687 1248 ortu
709 1219 846 1263 usquc
870 1202 925 1247 ad
953 1218 1170 1248 occasum.
1195 1221 1214 1243 »
1236 1205 1335 1248 Non
1358 1211 1422 1246 est
1443 1202 1520 1246 ubi
1541 1202 1705 1247 lateant
1726 1203 1797 1246 in-

404 1276 524 1321 sidiae
546 1276 869 1330 haereticorum,
891 1291 980 1319 non
1003 1275 1168 1318 babent
1192 1274 1235 1318 in
1253 1289 1340 1334 qua
1359 1290 1403 1318 se
1426 1274 1582 1318 umbra
1601 1273 1798 1319 falsitatis

403 1347 675 1392 abscondant
700 1366 708 1390 :
743 1365 763 1388 «
788 1348 876 1391 Nec
911 1345 1027 1389 enim
1057 1354 1120 1388 cst
1152 1345 1228 1405 qui
1255 1360 1298 1388 se
1332 1345 1572 1389 abscondat
1603 1361 1626 1388 a
1655 1344 1797 1389 calore

407 1436 427 1459 »
465 1418 555 1476 ejus
571 1419 600 1461 ¹.
627 1435 646 1457 »
669 1416 754 1470 Qui
776 1425 934 1460 terram
960 1414 1151 1469 vocavit,
1180 1423 1222 1458 et
1246 1423 1380 1459 totam
1404 1423 1564 1458 terram
1592 1415 1763 1459 vocavit
1785 1434 1793 1459 ε

405 1488 481 1548 qui
505 1498 662 1532 terram
685 1487 881 1541 vocavit,
907 1494 1073 1530 tantam
1090 1485 1288 1540 vocavit,
1317 1495 1526 1546 quantam
1555 1484 1794 1530 fabricavit.

405 1559 524 1612 Quid
557 1558 664 1602 mihi
701 1567 917 1616 exurgunt
948 1556 1265 1616 pseudochristi
1299 1566 1341 1600 et
1373 1556 1799 1616 pseudoprophetre‘?

407 1629 524 1683 Quid
546 1639 609 1674 est
638 1628 758 1690 quod
786 1644 855 1672 me
882 1628 1027 1673 verbis
1055 1628 1254 1687 captiosis
1277 1627 1514 1688 illaqueare
1537 1628 1796 1681 moliuntur,

407 1700 600 1745 dicentes
627 1719 635 1744 ε
665 1719 685 1742 «
706 1703 819 1744 Ecce
851 1699 922 1743 hic
947 1707 1010 1743 est
1038 1699 1236 1744 Christus
1253 1733 1264 1754 ⁷
1290 1714 1390 1742 ecce
1411 1698 1499 1743 illic
1518 1701 1636 1742 est2?
1657 1717 1676 1739 »
1703 1701 1800 1743 Non

404 1770 534 1816 audio
566 1769 844 1815 ostendentes
872 1779 1014 1829 partes
1040 1788 1047 1813 :
1074 1772 1188 1813 Deus
1217 1768 1400 1813 deorum
1429 1778 1571 1813 totum
1600 1768 1706 1812 mihi
1729 1784 1799 1813 os-

406 1841 549 1888 tendit
572 1861 580 1886 :
607 1841 683 1901 qui
710 1861 729 1882 «
750 1840 933 1884 Vocavit
969 1849 1124 1884 terram
1149 1855 1172 1883 a
1195 1838 1293 1883 solis
1315 1848 1416 1883 ortu
1437 1854 1576 1898 usque
1599 1838 1653 1882 ad
1675 1854 1800 1883 occa—

407 1931 428 1954 »
464 1926 559 1955 sum
576 1945 586 1965 ‚
610 1928 630 1951 »
653 1918 794 1953 totum
814 1908 996 1952 redemit
1013 1927 1024 1964 3
1044 1915 1187 1966 partes
1205 1915 1351 1950 autem
1364 1906 1677 1952 calumniantes
1700 1924 1802 1953 con-

406 1981 647 2028 demnavit.
1816 2034 1819 2036 v

467 2056 543 2098 IV.
571 2050 655 2098 Sed
682 2049 947 2095 audierimus
979 2064 1002 2093 a
1024 2047 1122 2093 solis
1145 2058 1245 2093 ortu
1271 2064 1410 2109 usque
1428 2049 1481 2093 ad
1501 2065 1703 2094 occasum
1722 2066 1801 2095 vo-

407 2134 546 2171 catam
570 2132 729 2167 terram
759 2140 767 2164 ;
800 2119 917 2164 unde
943 2119 1079 2179 coepit
1108 2135 1285 2173 vocare,
1317 2119 1393 2179 qui
1422 2120 1619 2164 vocavit?
1639 2123 1695 2164 Et
1716 2121 1800 2165 hoc

408 2196 580 2241 audite:
603 2213 623 2235 «
642 2196 708 2238 Ex
729 2192 831 2237 Sion
854 2190 1014 2250 specics
1038 2189 1203 2235 decoris
1219 2191 1308 2249 ejus
1323 2192 1354 2233 ³.
1375 2209 1394 2230 »
1413 2193 1540 2235 Certe
1563 2191 1801 2236 concordat

409 2265 603 2312 Psalmus
636 2261 875 2322 Evangelio
905 2261 1068 2306 dicenti
1095 2280 1103 2304 ε
1143 2280 1162 2302 ‹<
1195 2264 1276 2305 Per
1309 2277 1458 2305 omnes
1486 2271 1656 2320 gentes,
1688 2263 1799 2307 inci-

411 2357 432 2381 »
468 2335 689 2397 pientibus
711 2334 766 2378 ab
796 2332 1048 2377 Jerusalem.
1074 2351 1093 2371 n
1116 2331 1231 2376 Audi
1256 2351 1265 2377 ε
1299 2352 1317 2374 α
1339 2336 1421 2376 Per
1443 2348 1592 2377 omnes
1618 2342 1766 2392 gentes
1788 2353 1796 2379 :

411 2426 434 2451 »
470 2407 651 2452 Vocavit
669 2414 828 2449 terram
848 2420 871 2448 a
893 2401 992 2448 solis
1015 2411 1114 2447 ortu
1130 2418 1268 2463 usquc
1284 2401 1338 2446 ad
1360 2418 1574 2447 occasum.
1605 2422 1625 2446 «
1650 2403 1764 2448 Audi
1787 2424 1796 2449 ;

413 2499 434 2522 «
461 2476 775 2538 Incipientibus
804 2475 859 2519 ab
892 2472 1161 2518 Jerusalem:
1199 2476 1262 2518 Ex
1298 2474 1401 2518 Sion
1437 2474 1598 2534 species
1633 2474 1800 2520 decoris

461 2571 470 2587 ¹
487 2562 568 2596 Psal.
587 2573 681 2604 xvm,
706 2571 736 2603 7.
764 2577 806 2583 —
825 2566 838 2582 ²
859 2559 972 2591 Matth.
999 2568 1088 2600 xxiv,
1104 2557 1159 2591 23.
1180 2573 1222 2581 ·—
1243 2555 1256 2581 3
1271 2558 1352 2590 Psal.
1378 2568 1467 2600 xmt,
1487 2568 1519 2592 2.
