1841 3223
372 206 457 247 426
802 217 836 246 s.
873 217 1104 247 Anous'nm
1136 220 1318 247 must-,0¹²1

370 294 461 329 est:
492 302 511 325 «
537 284 723 343 Adjutor
742 283 788 326 in
811 283 1165 328 tribulationibus
1189 300 1288 345 quae
1308 283 1571 329 invenerunt
1596 300 1674 330 nos
1691 286 1761 329 ni-

372 373 392 396 »
430 354 530 398 mis¹
555 371 563 397 :
591 363 694 397 »est
715 353 918 414 quaedam
937 370 1070 415 quam
1096 370 1173 399 nos
1201 354 1412 399 debemus
1438 355 1647 399 invenire.
1683 359 1760 400 In-

368 426 546 469 veniant
580 441 658 469 nos
692 427 782 469 istae
815 425 1118 470 tribulationes
1150 446 1158 471 :
1202 436 1265 470 cst
1300 426 1502 487 qufedam
1537 427 1760 472 tribulatio

368 511 501 558 quam
524 511 602 539 nos
636 496 847 540 debemus
870 513 1086 557 quaererc,
1113 506 1156 540 et
1184 497 1394 540 invenire.
1427 500 1534 550 Quae
1558 508 1621 542 est
1651 498 1761 542 ista?

369 570 431 611 Ea
453 567 543 626 ipsa
566 566 610 609 in
627 566 710 610 hoc
733 566 899 611 mundo
915 566 1112 621 felicitas,
1133 568 1354 611 allluentia
1377 583 1521 611 rerum
1540 577 1761 627 tempora-

368 637 502 693 lium3
532 652 621 681 non
642 636 819 697 quidem
846 638 935 696 ipsa
959 637 1184 682 tribulatio
1203 647 1281 692 est,
1308 637 1457 682 solatia
1481 647 1584 682 sunt
1603 648 1761 683 nostrae

368 707 675 752 tribulationis.
694 710 827 768 Cujus
851 708 1172 752 tribulationis?
1197 711 1363 753 Nostrae
1385 709 1757 768 peregrinationis.

370 781 464 823 Hoc
496 779 611 822 enim
642 779 785 837 ipsum
820 777 941 838 quod
974 794 1075 822 cum
1111 781 1201 823 Deo
1237 780 1435 823 nondum
1470 795 1646 834 sumus,
1677 780 1762 824 boc

367 850 512 909 ipsum
525 848 646 910 quod
661 850 771 894 inter
789 849 1049 893 tentationes
1064 848 1368 909 molestiasque
1380 865 1620 905 versamur,
1641 849 1763 910 quod

368 922 460 965 sine
483 921 637 965 timore
658 936 747 965 esse
768 936 858 965 non
875 937 1104 981 possumus
1121 957 1132 976 ,
1158 921 1382 965 tribulatio
1413 929 1502 965 est:
1530 937 1618 966 non
1647 922 1762 965 enim

368 1001 431 1036 est
453 990 526 1036 illa
547 992 752 1036 securitas
769 1007 870 1052 quae
893 991 1017 1035 nobis
1035 992 1240 1052 promissa
1264 1001 1341 1035 est.
1369 995 1492 1037 Hanc
1514 992 1762 1037 tribulatio-

367 1078 469 1107 nem
499 1063 858 1123 peregrinationis
883 1079 972 1107 suae
1001 1064 1076 1123 qui
1111 1079 1200 1108 non
1227 1064 1468 1119 invenerit,
1501 1063 1555 1108 ad
1580 1064 1762 1124 patriam

368 1135 509 1179 redire
532 1151 619 1180 non
641 1135 816 1193 cogitat.
845 1135 1088 1180 Tribulatio
1105 1135 1177 1178 illa
1189 1144 1269 1189 est,
1292 1134 1457 1179 fratres.
1480 1137 1608 1180 Certe
1629 1136 1762 1181 modo

368 1204 550 1251 facimus
569 1206 682 1250 bona
706 1221 859 1265 opera,
884 1205 1063 1267 quando
1081 1206 1338 1266 porrigimus
1354 1222 1511 1266 panem
1535 1207 1758 1262 esurienti,

369 1276 550 1321 domum
571 1277 801 1336 peregrino
815 1312 825 1331 ,
851 1286 894 1321 et
910 1269 1064 1321 caetera
1083 1292 1092 1318 ε
1114 1277 1338 1321 tribulatio
1353 1287 1417 1321 est
1438 1287 1482 1321 et
1503 1278 1613 1322 haec.
1638 1280 1764 1321 Inve-

369 1334 511 1391 nimus
540 1347 657 1390 enim
678 1347 854 1392 miseros
886 1363 1016 1407 super
1037 1363 1147 1408 quos
1174 1347 1514 1391 misericordiam
1550 1347 1760 1405 facimus3

370 1428 412 1462 et
430 1419 686 1462 miserorum
708 1419 879 1462 miseria
896 1419 1001 1463 facit
1023 1435 1101 1463 nos
1119 1419 1446 1478 compatientes.
1473 1421 1649 1472 Quanto
1667 1435 1763 1464 me-

368 1488 452 1533 lius
476 1489 538 1532 ibi
553 1490 645 1549 jam
666 1504 776 1533 esses
791 1525 801 1543 ,
828 1489 906 1533 ubi
928 1505 1018 1533 non
1036 1489 1202 1533 invenis
1225 1490 1486 1533 esurientem
1511 1505 1642 1549 quem
1665 1505 1764 1550 pas-

369 1575 464 1614 cas,
504 1560 579 1603 ubi
609 1575 700 1605 non
737 1560 904 1604 invenis
936 1560 1216 1619 peregrinum
1244 1575 1375 1619 quem
1409 1560 1638 1619 suscipias,
1673 1576 1762 1605 non

369 1629 541 1675 nudum
562 1646 695 1690 quem
716 1630 871 1675 vestias
889 1666 898 1685 ,
925 1647 1015 1675 non
1034 1646 1201 1689 aegrum
1219 1645 1350 1691 quem
1369 1630 1513 1674 visites
1528 1665 1539 1685 ,
1565 1646 1654 1674 non
1675 1630 1763 1675 liti-

371 1710 546 1761 gantem
570 1716 701 1762 quem
729 1700 997 1746 concordes?
1025 1702 1182 1745 Omnia
1205 1702 1323 1745 enim
1345 1700 1405 1743 ibi
1428 1716 1597 1745 summa
1630 1711 1758 1757 sunt,

368 1787 469 1816 vera
486 1781 609 1827 sunt,
635 1781 782 1816 sancta
804 1780 927 1826 sunt,
949 1781 1110 1816 aeterna
1128 1781 1244 1816 sunt.
1267 1772 1393 1816 Panis
1416 1780 1561 1815 noster
1582 1772 1644 1816 ibi
1671 1774 1761 1833 jus-

370 1843 464 1887 titia
487 1851 550 1886 est
567 1878 578 1898 ,
611 1852 741 1902 potus
761 1852 908 1887 noster
937 1843 998 1886 ibi
1021 1843 1228 1903 sapientia
1252 1852 1316 1886 est
1332 1878 1342 1897 ,
1375 1843 1503 1886 vestis
1532 1852 1677 1888 nostra
1699 1844 1761 1887 ibi

369 1913 668 1958 immortalitas
695 1923 782 1968 est,
807 1913 964 1958 domus
990 1923 1135 1958 nostra
1158 1923 1320 1958 aeterna
1340 1914 1387 1957 in
1409 1913 1528 1958 coelis
1544 1949 1554 1969 ,
1580 1915 1761 1960 firmitas

369 1993 515 2029 nostra
536 1984 851 2029 immortalitas.
885 1984 1110 2045 Numquid
1136 1983 1351 2044 {egritudo
1379 1984 1604 2045 subrepit?
1623 1988 1761 2030 Num-

368 2053 476 2114 quid
498 2054 706 2100 lassitudo
725 2055 778 2099 ad
801 2070 1003 2099 somnum
1025 2055 1187 2100 trahit?
1210 2055 1339 2100 Nulla
1361 2071 1499 2110 mors,
1527 2055 1647 2099 nulla
1670 2055 1720 2100 lis
1747 2076 1756 2100 2

368 2126 430 2169 ibi
452 2141 534 2185 pax
550 2161 560 2179 ‚
586 2126 709 2186 quies
723 2162 733 2181 ,
754 2124 962 2184 gaudium
980 2161 990 2181 ,
1008 2127 1189 2186 justitia.
1205 2125 1360 2171 Nullus
1381 2126 1513 2170 intrat
1532 2126 1755 2181 inimicus,

369 2196 516 2241 nullus
532 2196 694 2241 labitur
715 2198 893 2242 amicus.
920 2200 1028 2251 Quae
1045 2197 1105 2241 ibi
1122 2198 1269 2258 quies?
1288 2197 1330 2242 Si
1348 2198 1586 2256 cogitemus
1603 2234 1612 2252 ‚
1635 2207 1677 2241 et
1694 2206 1760 2241 at-

369 2267 601 2313 tendamus
623 2269 699 2313 ubi
717 2269 870 2324 simus,
891 2277 934 2313 et
951 2269 1028 2312 ubi
1050 2284 1127 2313 nos
1150 2267 1320 2313 futuros
1343 2284 1431 2312 esse
1460 2269 1656 2328 promisit
1683 2270 1759 2329 qui

368 2339 541 2382 mentiri
563 2340 719 2394 nescit,
745 2355 797 2382 ex
820 2340 911 2399 ipsa
933 2340 1023 2399 ejus
1045 2339 1330 2398 promissione
1347 2339 1591 2383 invenimus
1608 2339 1654 2382 in
1672 2355 1758 2399 qua

367 2424 516 2452 sumus
547 2409 843 2454 tribulatione.
884 2412 1006 2454 Hanc
1034 2409 1362 2453 tribulationem
1397 2425 1526 2453 nemo
1558 2409 1754 2464 invenit,

369 2480 449 2523 nisi
470 2480 547 2539 qui
568 2481 801 2540 quaesierit.
830 2483 967 2526 Sanus
989 2495 1032 2525 es
1048 2515 1059 2535 ,
1078 2479 1178 2524 vide
1200 2480 1235 2523 si
1257 2480 1383 2523 miser
1404 2495 1448 2523 es
1467 2499 1475 2523 :
1502 2494 1603 2524 nam
1632 2478 1758 2523 facile

421 2570 428 2585 ¹
450 2563 529 2597 Psal,
552 2572 671 2605 x11v‚2.
