1841 3223
361 246 415 285 86
804 253 837 281 s.
875 253 1104 281 At'evsnm
1138 251 1319 279 Evlscom

359 323 465 385 qnid
489 323 543 367 sis
578 331 833 380 accepturus
852 356 861 374 ,
888 319 1031 363 omnia
1058 317 1136 361 tibi
1166 326 1294 361 erunt
1314 315 1413 360 vilia
1437 331 1537 376 quae
1558 314 1740 375 pateris,

359 411 439 440 nee
466 394 594 453 (ligna
619 391 846 436 aestimabis
868 406 946 450 pro
974 389 1134 450 quibus
1164 388 1274 432 illud
1296 388 1493 447 accipias.
1519 385 1745 453 Miraberis

358 475 529 509 tantum
554 463 644 507 dari
669 477 747 521 pro
770 460 940 506 tantillo
961 460 1126 505 labore.
1147 461 1255 504 Nam
1276 459 1452 519 utique,
1473 456 1645 512 fratres,
1665 471 1746 516 pro

358 545 518 580 aeterna
542 534 689 595 requie
716 532 838 577 labor
855 542 1042 577 {eternus
1064 530 1319 575 subeundus
1342 538 1455 586 erat,
1478 537 1521 573 et
1539 537 1748 572 aeternam

357 605 608 651 felicitatem
631 613 885 664 accepturus
900 639 910 658 ,
931 612 1112 647 aeternas
1136 601 1352 661 passiones
1373 600 1584 644 sustinere
1610 597 1749 642 debe-

359 692 424 721 res
451 696 460 720 :
484 675 559 720 sed
582 676 613 719 si
637 685 849 719 frternum
874 673 1105 717 sustineres
1134 670 1326 715 laborem
1345 705 1355 724 ,
1381 668 1560 730 quando
1580 668 1750 713 venires

358 747 413 792 ad
441 757 647 792 {eternam
676 745 958 790 felicitatem?
985 748 1046 788 [ta
1070 744 1118 787 fit
1134 778 1144 797 ,
1169 751 1218 786 ut
1241 741 1478 786 necessario
1502 739 1750 800 temporalis

359 818 414 863 sit
445 817 667 862 tribulatio
704 827 798 871 tua,
827 832 913 876 qua
936 814 1057 858 finita
1079 813 1226 858 venias
1255 812 1310 856 ad
1333 810 1583 856 felicitatem
1607 810 1752 854 infmi-

359 898 463 933 tam.
493 888 576 933 Sed
603 897 771 942 tamen,
794 885 945 930 fratres
960 921 969 939 ,
999 893 1139 945 posset
1162 898 1251 928 esse
1272 882 1403 943 longa
1425 881 1650 927 tribulatio
1672 896 1752 941 pro

358 969 518 1004 aeterna
542 958 761 1002 felicitate.
780 957 911 1001 Verbi
925 957 1083 1014 gratia,
1103 964 1154 998 ut
1175 954 1384 1015 quoniam
1403 951 1586 998 felicitas
1604 961 1752 997 nostra

358 1032 491 1075 finem
514 1046 603 1074 non
626 1030 829 1083 habebit,
856 1028 1026 1073 miseria
1050 1036 1193 1071 nostra
1223 1035 1267 1071 et
1292 1025 1418 1071 labor
1441 1035 1587 1070 noster
1608 1033 1652 1069 et
1675 1024 1755 1068 tri-

358 1101 604 1145 bulationes
622 1109 780 1144 nostrfe
803 1098 1025 1144 diuturnae
1043 1106 1199 1143 essent.
1226 1100 1336 1143 Nam
1358 1107 1402 1141 et
1423 1098 1457 1141 si
1480 1095 1599 1141 mille
1622 1111 1756 1141 anno-

359 1188 456 1216 rum
472 1180 628 1225 essent,
646 1170 846 1230 appende
864 1169 983 1214 mille
1001 1185 1137 1214 annos
1152 1178 1302 1214 contra
1321 1169 1608 1213 aeternitatem
1624 1167 1757 1229 {quid

359 1241 568 1303 appendis
598 1257 698 1287 eum
727 1242 898 1286 infinito
931 1250 1339 1302 quantumcumque
1368 1241 1573 1284 finitum?
1598 1243 1757 1285 Decem

362 1313 497 1358 millia
527 1329 743 1358 annorum
760 1349 770 1368 ,
792 1313 933 1358 decies
956 1321 1139 1357 centena
1161 1311 1295 1356 millia
1312 1347 1323 1368 ,
1349 1313 1382 1356 si
1402 1311 1640 1356 dicendum
1663 1320 1753 1368 est,

361 1393 405 1427 et
441 1382 578 1427 millia
605 1383 815 1438 millium,
853 1400 952 1444 qufe
986 1383 1117 1427 finem
1153 1383 1319 1427 habent
1335 1419 1346 1437 ,
1382 1398 1483 1427 eum
1516 1382 1759 1427 aeternitate

363 1454 605 1514 comparari
639 1469 727 1497 non
758 1464 953 1512 possunt.
993 1457 1090 1498 Huc
1131 1453 1320 1508 aceedit,
1352 1453 1454 1514 quia
1493 1469 1583 1498 non
1618 1452 1761 1497 solum

363 1523 647 1584 temporalem
659 1523 799 1567 voluit
816 1523 1013 1567 laborem
1033 1533 1158 1567 tuum
1174 1527 1304 1579 Deus,
1325 1523 1399 1569 sed
1416 1525 1546 1568 etiam
1562 1524 1756 1568 brevem.

363 1599 609 1641 Paucorum
627 1594 796 1639 dierum
813 1603 875 1638 est
898 1603 988 1639 tota
1011 1595 1098 1639 vita
1116 1595 1321 1650 hominis,
1339 1596 1505 1639 etiamsi
1522 1595 1622 1640 laeta
1641 1595 1761 1640 duris

365 1683 456 1711 non
477 1667 778 1721 miscerentur,
804 1682 903 1726 quae.
922 1666 1046 1726 plura
1066 1675 1108 1709 et
1129 1666 1326 1725 longiora
1350 1677 1453 1712 sunt
1475 1677 1608 1723 certe,
1628 1683 1762 1728 quam

366 1737 499 1782 dura:
526 1745 568 1781 et
590 1737 689 1782 ideo
721 1737 918 1781 breviora
946 1746 988 1781 et
1010 1737 1215 1797 pauciora
1239 1746 1341 1781 sunt
1364 1737 1473 1781 dura
1491 1773 1502 1793 ,
1533 1748 1584 1782 ut
1604 1738 1762 1782 durare

364 1809 577 1869 possimus
595 1827 604 1852 ε
626 1808 773 1866 siergo
795 1824 872 1868 per
897 1816 1031 1852 totam
1048 1808 1162 1853 viam
1181 1823 1303 1851 suam
1326 1808 1458 1852 homo
1475 1809 1520 1851 in
1537 1808 1762 1853 laboribus

367 1890 410 1925 et
433 1881 478 1923 in
500 1879 706 1923 {erumnis
729 1889 859 1934 esset,
885 1879 930 1923 in
953 1879 1192 1927 doloribus,
1214 1880 1258 1923 in
1281 1880 1527 1935 tormentis,
1549 1881 1595 1924 in
1618 1896 1762 1925 carce-

366 1967 412 1995 rc
428 1987 438 2005 ,
462 1951 508 1994 in
530 1950 688 2010 plagis,
714 1951 759 1994 in
782 1950 897 1994 fame
919 1960 962 1994 et
984 1951 1052 1993 siti
1071 1950 1274 1995 omnibus
1296 1949 1465 2006 diebus,
1485 1951 1601 1995 horis
1620 1951 1761 1995 omni-

368 2022 450 2078 bus
469 2058 478 2074 ,
506 2037 582 2081 per
602 2031 737 2065 totam
761 2022 893 2065 vitam
923 2037 1043 2065 suam
1063 2037 1202 2082 usque
1226 2020 1281 2065 ad
1304 2031 1478 2065 aetatem
1501 2022 1758 2079 senectutis,

369 2093 498 2153 pauci
521 2091 611 2135 dies
638 2101 738 2136 sunt
763 2101 850 2136 tota
873 2093 960 2136 vita
983 2093 1171 2136 hominis
1192 2112 1199 2135 :
1228 2108 1316 2152 quo
1339 2091 1490 2137 labore
1519 2102 1758 2149 transacto,

367 2163 515 2208 veniet
537 2177 717 2221 regnum
741 2172 980 2218 reterninn,
1008 2164 1151 2206 veniet
1170 2164 1260 2207 sine
1283 2164 1370 2207 fine
1389 2163 1570 2208 felicitas
1586 2200 1596 2220 ,
1617 2165 1763 2211 veniet

369 2233 593 2295 aequalitas
623 2234 887 2293 Angelorum
907 2270 918 2289 ,
953 2235 1098 2279 veniet
1130 2234 1358 2279 haereditas
1396 2236 1582 2290 Christi,
1618 2238 1764 2281 veniet

371 2307 562 2350 cohaeres
583 2306 794 2351 Christus.
819 2310 902 2350 Pro
925 2315 1090 2366 quanto
1112 2305 1263 2349 labore
1286 2315 1494 2366 quantam
1517 2306 1764 2352 mercedem

372 2376 629 2435 accipimus!
652 2377 854 2420 Veterani
877 2377 1073 2421 homines
1091 2413 1101 2431 ,
1127 2377 1202 2437 qui
1225 2376 1426 2421 laborant
1446 2377 1491 2420 in
1513 2377 1667 2423 militia
1684 2414 1695 2433 ,
1721 2388 1765 2423 et

372 2457 599 2491 versantur
618 2448 731 2491 inter
753 2447 931 2491 vulnera
953 2457 1019 2492 tot
1040 2463 1174 2492 annos
1191 2484 1201 2502 ,
1224 2449 1306 2492 inei
1316 2449 1640 2507 piuntmilitare
1659 2465 1678 2493 a
1694 2451 1764 2509 ju-

370 2527 552 2561 ventute
568 2554 577 2571 ,
598 2528 757 2562 exeunt
780 2534 901 2563 senes
920 2539 930 2574 ς
955 2528 997 2562 et
1019 2529 1068 2562 ut
1083 2519 1276 2563 habeant
1297 2534 1457 2578 paucos
1480 2520 1569 2563 dies
1593 2520 1763 2580 quietos

374 2587 605 2632 senectutis
626 2604 741 2644 suae,
763 2587 942 2648 quando
961 2604 1032 2634 eos
1048 2589 1246 2649 jamgipsa
1268 2599 1370 2635 aetas
1392 2590 1545 2650 incipit
1562 2606 1759 2650 gravare,
