1841 3223
393 283 639 311 ENAnnA‘rto
674 284 719 311 m
752 281 954 311 PsALMUM
987 283 1105 309 xmv.
1342 264 1427 307 299

38 347 186 410 dirigit
204 349 419 394 homines.
451 349 582 393 Curvi
607 357 751 404 erant,
777 347 947 392 distorti
969 355 1120 391 erant:
1151 344 1230 389 sibi
1251 352 1447 403 regnare*

38 420 296 480 cupiebant,
325 434 369 463 se
403 418 636 474 amabant,
673 417 786 462 faeta
809 435 886 462 sua
906 416 1020 462 mala
1048 415 1310 475 diligebant3
1340 431 1431 460 non

38 490 310 536 voluntatem
333 503 456 533 suam
480 492 570 532 Deo
594 488 866 543 subdebant,
889 488 965 532 sed
989 486 1258 532 voluntatem
1280 486 1359 531 Dei
1379 483 1434 531 ad

39 577 135 606 suas
157 558 530 619 concupiscentias
545 559 721 603 flectere
742 557 966 603 volebant.
985 558 1189 602 Irascitur
1201 558 1316 601 enim
1329 572 1434 617 pec-

41 640 161 677 cator
187 639 231 674 et
252 630 429 690 iniquus
452 628 712 689 plerumque
729 632 843 684 Deo,
876 628 978 688 quia
1001 644 1089 672 non
1114 627 1250 687 pluit3
1280 637 1324 672 et
1345 643 1437 673 non

43 701 140 747 vult
160 701 243 745 sibi
261 703 403 745 Deum
421 699 545 743 irasci
563 735 574 755 ,
600 699 702 759 quia
720 699 832 743 fluit.
855 701 912 743 Et
926 698 981 742 ad
1002 699 1086 742 hoc
1103 713 1239 758 prope
1256 699 1439 742 modum

44 770 196 815 sedent
216 769 412 831 quotidie
429 770 648 825 homines,
669 778 719 813 ut
741 770 964 829 disputent
981 777 1131 813 contra
1147 771 1287 812 Deum
1310 787 1318 812 ε
1345 771 1439 813 Hoc

45 839 186 886 facere
203 839 379 896 debuit,
405 841 488 885 hoc
507 855 596 884 non
615 839 728 883 bene
745 839 862 884 fecit.
886 842 950 883 Tu
973 838 1176 884 videlicet
1190 838 1309 884 vides
1331 837 1440 899 quid

45 911 204 968 facias,
228 910 302 956 ille
327 912 490 955 nescit?
514 911 727 955 Distortus
745 919 794 954 tu
816 926 859 954 es
877 946 887 966 ‚
912 909 986 953 ille
1004 918 1146 955 rectus
1169 918 1246 953 est.
1272 909 1441 961 Distor-

46 991 141 1027 tum
171 980 227 1026 ad
248 989 418 1026 rectum
436 979 615 1041 quando
637 981 891 1040 conjungis?
912 979 1148 1025 Collineari
1171 995 1260 1024 non
1278 988 1437 1039 potest.

49 1054 272 1112 Tanquam
295 1051 330 1095 si
350 1051 397 1094 in
418 1051 670 1110 pavimento
691 1051 850 1111 aequali
872 1066 1008 1110 ponas
1036 1049 1207 1109 lignum
1227 1065 1410 1094 curvum
1428 1069 1440 1109 3

48 1138 139 1168 non
162 1122 430 1183 adjungitur,
457 1137 546 1166 non
569 1123 759 1166 cohaeret
775 1158 785 1177 ‚
810 1138 900 1166 non
923 1131 1150 1182 coaptatur
1162 1122 1440 1182 pavimento:

48 1193 348 1253 pavimentum
376 1192 542 1252 ubique
575 1192 744 1252 aequale
775 1202 861 1249 est3
897 1191 973 1237 sed
999 1191 1111 1236 illud
1138 1207 1322 1237 curvum
1350 1201 1441 1248 est,

48 1280 138 1309 non
160 1273 390 1324 coaptatur
408 1263 582 1324 aequali.
608 1267 725 1323 Ergo
744 1264 821 1308 Dei
842 1263 1044 1309 voluntas
1066 1263 1244 1325 aequalis
1266 1273 1343 1319 est,
1368 1272 1444 1308 tua

49 1347 182 1380 curva
205 1343 295 1380 est:
323 1342 554 1394 propterea
590 1334 671 1378 tibi
699 1350 830 1379 curva
851 1334 1025 1379 videtur
1052 1335 1148 1390 illa,
1170 1334 1272 1396 quia
1299 1343 1349 1378 tu
1382 1333 1445 1377 illi

51 1406 243 1466 coaptari
265 1421 356 1450 non
377 1414 500 1466 potes
521 1422 529 1446 :
551 1404 689 1465 dirige
712 1405 767 1449 ad
788 1405 907 1450 illam
930 1415 987 1462 te,
1013 1422 1068 1450 ne
1085 1406 1204 1450 illam
1226 1406 1331 1451 velis
1345 1421 1447 1450 cur-

51 1493 151 1523 vare
172 1478 228 1521 ad
249 1486 314 1535 te3
347 1478 450 1537 quia
472 1493 562 1522 non
583 1487 705 1537 potes
724 1513 734 1531 ‚
769 1477 928 1522 frustra
951 1479 1120 1523 conaris
1140 1495 1149 1520 :
1176 1477 1248 1522 illa
1278 1492 1447 1537 semper

52 1548 215 1593 directa
242 1557 320 1592 est.
355 1549 429 1592 Vis
461 1547 525 1591 illi
550 1549 742 1592 haerere?
771 1549 1009 1607 Corrigere.
1036 1550 1132 1594 Erit
1163 1549 1285 1608 virga
1312 1549 1446 1608 ipsius

53 1620 129 1680 qui
150 1628 192 1663 te
216 1618 350 1678 regit,
375 1618 495 1677 virga
517 1618 780 1663 directionis.
813 1618 923 1663 Inde
956 1629 999 1664 et
1020 1635 1093 1663 rex
1119 1636 1142 1663 a
1165 1617 1357 1678 regendo
1380 1618 1448 1662 di-

52 1680 180 1735 citur.
204 1692 303 1735 Non
329 1698 475 1733 autem
503 1691 615 1749 regit
637 1690 714 1749 qui
739 1705 829 1734 non
861 1690 1053 1748 corrigit.
1084 1689 1154 1734 Ad
1175 1690 1260 1734 hoc
1286 1698 1351 1734 cst
1372 1704 1447 1733 rex

52 1770 200 1806 noster
221 1769 440 1805 rectorum
457 1776 547 1805 rex.
565 1760 798 1814 Quomodo
821 1769 863 1805 et
880 1761 1079 1806 sacerdos
1097 1778 1118 1805 a
1137 1760 1449 1806 sanctificando

53 1847 154 1885 nos,
184 1831 244 1873 ita
279 1840 322 1872 et
352 1846 426 1872 rex
458 1847 482 1871 a
510 1830 702 1886 regendo
732 1847 825 1872 nos.
865 1830 948 1874 Sed
977 1831 1085 1887 quid
1120 1832 1179 1875 ait
1207 1831 1291 1875 alio
1323 1830 1451 1875 loco?

58 1921 79 1944 «
113 1903 227 1946 Cum
252 1907 402 1944 sancto
422 1907 597 1943 sanctus
621 1898 702 1943 eris
718 1934 728 1953 ‚
755 1907 798 1942 et
819 1914 921 1942 cum
942 1898 1034 1943 viro
1062 1899 1295 1943 innocente
1322 1899 1452 1943 inno-

58 1989 79 2014 »
113 1986 215 2015 cens
243 1970 350 2025 eris,
383 1978 427 2014 et
458 1985 559 2013 cum
581 1968 721 2014 electo
745 1969 908 2014 electus
930 1970 1027 2024 eris,
1054 1979 1098 2014 et
1118 1985 1218 2014 cum
1250 1985 1452 2030 perverso

59 2061 80 2085 »
114 2054 341 2103 perversus
371 2041 499 2085 eris1.
523 2059 543 2082 n
571 2043 670 2085 Non
699 2041 802 2100 quia
832 2057 1058 2101 perversus
1082 2045 1219 2097 Deus,
1246 2040 1321 2086 sed
1350 2042 1453 2102 quia

58 2113 248 2174 perversi
263 2127 512 2173 perversum
530 2127 631 2156 euni
649 2121 822 2171 putant.
845 2111 992 2156 Placet
1009 2112 1089 2156 tibi
1107 2113 1290 2168 bonum,
1311 2112 1452 2156 bonus

60 2193 123 2228 est
145 2187 258 2228 Deus
280 2203 288 2228 :
309 2181 508 2242 displicet
523 2182 619 2237 tibi,
645 2183 768 2242 quasi
789 2198 948 2242 pravus
971 2192 1034 2227 est
1050 2186 1180 2227 Deus.
1203 2185 1373 2228 Curvus
1391 2191 1455 2227 est

62 2254 117 2298 ad
138 2263 182 2297 te
204 2257 339 2308 Deus,
364 2263 440 2297 tua
458 2267 689 2297 curvatura
717 2252 822 2297 facit
838 2254 922 2297 hoc
943 2273 951 2297 2
976 2269 1079 2297 nam
1100 2253 1216 2297 illius
1238 2253 1455 2299 rectitudo

63 2339 232 2383 semper
252 2331 414 2367 manet.
440 2322 558 2367 Audi
579 2323 620 2367 in
646 2322 729 2368 alio
752 2323 923 2368 Psalmo
942 2339 950 2364 ε
975 2342 994 2365 «
1011 2326 1153 2377 Quam
1182 2323 1324 2369 bonus
1342 2327 1456 2369 Deus

67 2412 88 2436 »
123 2394 254 2439 Israe'l
276 2394 401 2438 rectis
422 2393 554 2439 corde
568 2395 583 2419 ²
602 2395 610 2437 Ι
640 2413 659 2436 »

124 2467 291 2508 XVIII.
322 2484 342 2507 «
369 2464 500 2524 Virga
533 2464 781 2509 directionis
803 2501 813 2520 ,
843 2465 964 2524 virga
995 2466 1114 2522 regni
1146 2466 1226 2511 tui.
1265 2466 1459 2511 Dilexisti

70 2552 90 2575 »
120 2535 332 2594 justitiam
348 2570 358 2590 ‚
384 2544 429 2579 et
450 2534 579 2580 odisti
600 2535 917 2595 iniquitatem?
947 2554 967 2576 n
995 2534 1106 2580 Vide
1127 2536 1289 2594 virgam
1314 2537 1456 2582 direc-

117 2626 124 2642 ¹
145 2619 228 2652 Psal.
252 2630 329 2661 xvn²
351 2619 408 2661 26,
428 2628 481 2662 27.
508 2637 549 2642 —-
573 2627 585 2643 ²
605 2621 650 2651 hl.
671 2631 765 2660 tun,
795 2631 821 2650 ι.
845 2637 884 2642 -
908 2618 921 2643 3
938 2620 983 2651 m.
1005 2621 1137 2662 x1‘1v‚8‚
