1841 3223
856 178 882 204 C

176 261 419 291 ENARRATIO
451 263 501 290 111
533 264 579 291 IN
611 262 814 291 PsALMUM
844 262 998 302 xxxvt,
1033 261 1158 290 SERM.
1196 263 1261 290 111.
1329 250 1412 302 1Q5

81 329 157 371 IV.
183 326 390 372 Dominus
412 327 528 370 enim
560 327 606 370 in
639 343 817 386 corpore
838 343 916 371 suo
935 363 946 382 ,
970 326 1091 387 quod
1108 335 1171 371 est
1193 324 1383 370 Ecclesia
1397 361 1409 382 ,

15 396 164 456 junior
185 396 268 441 fuit
279 397 426 456 primis
445 397 730 456 temporibus,
748 406 791 440 et
803 413 902 441 ecce
919 398 1007 457 jam
1023 398 1178 441 senuit.
1195 397 1352 451 Nostis,
1369 405 1412 440 et

21 468 275 525 agnoscitis,
307 476 350 512 et
369 466 630 525 intelligitis,
661 468 763 528 quia
785 468 830 510 in
862 468 946 511 hoc
969 468 1096 526 positi
1130 468 1255 523 estis,
1288 477 1332 511 et
1352 467 1411 511 ita
1442 480 1444 482 ·

21 537 279 594 credidistis,
305 537 407 598 quia
443 547 575 598 caput
606 547 798 582 nostrum
827 538 1024 582 Christus
1040 547 1130 595 est3
1165 553 1323 597 corpus
1343 553 1412 582 ca-

19 608 121 667 pitis
149 607 264 652 illius
293 624 370 653 nos
393 610 584 652 sumu81.
602 607 827 668 Numquid
848 606 926 652 soli
956 624 1060 663 nos,
1092 616 1135 652 et
1161 624 1250 652 non
1283 608 1410 652 etiam

20 678 83 723 illi
105 679 182 739 qui
202 678 382 724 fuerunt
398 689 498 724 ante
519 681 626 724 nos?
648 681 809 724 Omnes
826 680 902 739 qui
924 679 978 722 ab
998 678 1124 723 initio
1142 679 1287 723 saecuh'
1313 678 1411 723 fue-

20 759 124 794 runt
136 751 240 811 justi
257 787 267 805 ,
292 759 423 811 caput
440 750 660 795 Christum
683 750 861 794 habent.
883 749 1013 793 Illum
1037 750 1155 793 enim
1173 759 1410 794 venturum

19 836 110 865 esse
139 820 437 877 crediderunt,
468 837 599 882 quem
635 836 714 865 nos
735 820 900 865 venisse
915 821 1005 880 jam
1039 821 1276 878 credimus3
1301 830 1345 865 et
1363 821 1409 865 in

19 891 112 952 ejus
132 891 219 936 fide
240 901 284 936 et
311 892 392 952 ipsi
414 892 551 936 sanati
572 900 673 936 sunt
687 927 698 946 ,
732 892 777 935 in
799 892 924 951 cujus
952 900 996 936 et
1017 907 1095 936 nos
1123 910 1132 936 :
1157 900 1207 935 ut
1235 900 1346 935 esset
1366 900 1410 935 et

18 961 109 1020 ipse
122 961 256 1005 totius
279 971 411 1021 caput
436 962 618 1007 civitatis
642 960 884 1005 Jerusalem
899 997 909 1016 ,
942 962 1146 1006 omnibus
1167 977 1410 1005 connume-

18 1033 120 1076 ratis
145 1031 348 1077 fidelibus
380 1032 435 1076 ab
466 1032 590 1076 initio
618 1048 756 1092 usque
786 1032 833 1076 in
854 1033 1012 1087 finem,
1038 1032 1251 1092 adjunctis
1277 1032 1408 1076 etiam

17 1101 262 1160 legionibus
279 1111 323 1146 et
335 1102 593 1147 exercitibus
610 1101 874 1160 Angelorum
885 1139 895 1157 ,
911 1112 962 1147 ut
975 1104 1050 1146 fiat
1063 1103 1135 1147 illa
1154 1119 1242 1147 una
1260 1103 1407 1147 civitas

17 1172 100 1217 sub
122 1188 212 1217 uno
235 1188 334 1231 rege
349 1209 365 1228 ,
391 1181 434 1216 et
463 1188 551 1216 una
573 1172 774 1232 quaedam
797 1173 1020 1231 provincia
1049 1174 1130 1217 sub
1153 1190 1243 1218 uno
1265 1175 1406 1233 impe-

17 1252 184 1297 ratore,
216 1243 318 1287 felix
347 1243 393 1287 in
417 1252 626 1303 perpetua
655 1258 761 1302 pace
783 1252 823 1287 et
857 1243 1019 1298 salute,
1055 1243 1237 1288 laudans
1264 1247 1406 1288 Deum

15 1313 108 1357 sine
128 1314 230 1368 fine,
249 1313 375 1357 beata
398 1314 490 1357 sine
519 1314 621 1357 fine.
649 1316 817 1373 Corpus
838 1323 980 1357 autem
1001 1314 1182 1369 Christi,
1200 1314 1322 1375 quod
1343 1323 1407 1359 est

16 1382 258 1440 Ecclesia2,
295 1393 504 1444 tanquam
541 1399 654 1427 unus
691 1383 868 1443 quidam
890 1384 1053 1439 homo,
1086 1384 1227 1444 primo
1255 1385 1406 1445 junior

15 1452 100 1498 suit
114 1489 125 1509 ,
149 1463 193 1498 et
205 1470 304 1499 ecce
319 1456 409 1514 jam
427 1455 472 1497 in
494 1455 581 1498 fine
601 1454 748 1499 saeculi
770 1464 834 1498 est
849 1455 895 1498 in
907 1464 1077 1499 senecta
1091 1455 1269 1514 pingui,
1289 1472 1413 1516 quo-⁷

15 1524 133 1568 niam
159 1524 214 1568 de
230 1523 304 1568 illa
333 1524 501 1569 dictum
522 1533 608 1568 est:
638 1543 658 1566 «
683 1523 840 1569 Adhuc
870 1524 1232 1585 multiplicabitur
1262 1527 1309 1570 in
1336 1542 1406 1571 se-

19 1613 39 1636 »
66 1603 191 1638 necta
213 1594 393 1653 pingui3
420 1613 429 1638 :
451 1612 472 1635 »
498 1593 784 1653 multiplicata
802 1603 866 1638 est
888 1610 964 1653 per
985 1611 1135 1639 omnes
1158 1605 1307 1654 gentes
1323 1631 1335 1651 ,
1361 1606 1405 1641 et

13 1664 146 1723 ipsius
173 1680 258 1709 vox
291 1673 355 1708 est
388 1663 650 1711 attendentis
683 1664 806 1724 quasi
843 1665 973 1708 unius
994 1666 1182 1709 hominis
1216 1667 1404 1725 primam

13 1744 188 1779 aetatem
204 1750 349 1789 suam,
374 1743 418 1778 et
443 1734 569 1778 istam
590 1735 864 1778 novissimam
892 1755 900 1779 :
927 1736 1112 1794 respexit
1135 1751 1212 1795 psr
1234 1739 1400 1793 omnia,

14 1805 115 1865 quia
131 1820 279 1849 omnes
304 1813 451 1848 aetates
469 1814 591 1849 notas
614 1805 747 1848 habet
766 1820 840 1864 per
856 1806 1120 1865 Scripturas3
1141 1816 1184 1851 et
1205 1808 1263 1851 ait
1281 1807 1403 1852 exul-

13 1883 109 1920 tans
150 1884 194 1919 et
233 1890 414 1919 monens
450 1894 459 1919 ε
503 1894 523 1918 «
560 1877 584 1919 J
591 1873 715 1919 unior
747 1875 812 1919 fui
839 1911 850 1930 ,
891 1894 911 1916 »
946 1876 1095 1935 primis
1133 1878 1403 1936 temporibus

15 1945 191 1991 saeculi:
220 1963 240 1988 «
265 1948 322 1990 Et
341 1960 444 1990 ecce
466 1945 610 1999 senui,
640 1963 658 1985 >³
685 1960 780 1989 sum
809 1946 938 1989 etiam
961 1946 1201 1991 novissimis
1229 1956 1402 2008 tempo-

13 2015 134 2058 ribus
164 2015 310 2060 saeculi
339 2034 348 2059 :
384 2017 487 2059 «Et
522 2031 750 2075 nunquam
788 2015 877 2059 vidi
913 2016 1082 2076 justum
1116 2017 1400 2075 derelictum,

18 2102 39 2127 n
65 2101 145 2129 nec
167 2100 313 2129 semen
331 2087 423 2145 ejus
439 2101 643 2145 ,quaerens
663 2101 869 2145 panem.»

74 2157 128 2199 V.
147 2155 414 2214 Agnovimus
425 2156 647 2200 hominem
663 2156 882 2215 juniorem
898 2165 942 2200 et
959 2169 1121 2211 senem,
1138 2166 1181 2201 et
1193 2166 1402 2218 tanquam

14 2234 166 2285 aperto
187 2234 302 2270 tecto
322 2225 597 2285 pervenimus
615 2225 671 2270 ad
691 2227 927 2271 Christum.
947 2226 1030 2271 Sed
1044 2226 1140 2287 quis
1159 2236 1223 2271 est
1237 2228 1396 2288 justus,

14 2295 202 2355 quinon
232 2305 296 2339 est
322 2295 437 2340 visus
479 2295 737 2351 derelictus,
774 2313 855 2342 nec
892 2312 1040 2341 semen
1070 2299 1163 2357 ejus
1200 2313 1400 2357 quaerens

11 2368 199 2425 panem?
242 2366 285 2411 Si
307 2366 511 2425 intelligis
544 2382 727 2426 panem,
763 2367 962 2425 intelligis
992 2366 1133 2411 illum.
1175 2368 1302 2412 Panis
1335 2378 1399 2413 est

13 2436 128 2479 enim
152 2436 332 2482 verbum
353 2438 450 2492 Dei,
481 2436 602 2497 quod
623 2452 851 2498 nunquam
875 2437 930 2481 ab
954 2452 1027 2481 ore
1052 2437 1160 2497 justi
1195 2438 1393 2483 discedit.

63 2536 72 2552 ¹
97 2540 109 2561 1
130 2531 203 2563 Cor.
224 2541 285 2572 xu,
303 2540 366 2574 27,
384 2536 418 2565 et
435 2531 550 2575 Ephes.
571 2543 624 2573 iv,
648 2532 697 2565 15,
726 2549 768 2555 -
789 2540 801 2555 ²
829 2533 944 2565 Coloss.
965 2544 995 2573 1,
1018 2532 1057 2565 18
1076 2537 1108 2565 et
1126 2532 1180 2575 24.
1206 2551 1248 2556 —
1280 2531 1294 2556 3
1312 2534 1396 2566 Psal.

15 2593 86 2625 xci,
109 2584 158 2617 15.
1373 2591 1380 2595 '
