1841 3223
371 261 611 291 ENARRATIO
644 264 688 291 ΙΝ
720 261 922 290 PSALMUM
954 264 1080 290 xL111.
1344 253 1429 291 279

47 328 170 389 quasi
186 328 345 374 oblitus
368 328 422 373 sis
443 328 591 372 nostri.
616 347 637 369 «
660 327 930 372 Oblivisceris
944 327 1136 387 inopiam
1157 337 1364 385 nostram,
1383 338 1426 374 et
1471 360 1475 363 -

49 417 70 441 »
105 398 430 444 tribulationem
451 400 688 442 nostram1.
721 416 740 438 »

87 471 250 514 XXIV.
268 467 506 523 «Qu-oniam
514 467 741 511 humiliata
749 476 813 511 est
821 467 866 511 in
876 467 1052 527 pulvere
1062 468 1204 513 anima
1212 472 1391 533 nostra25
1402 487 1422 511 »

49 540 131 586 Ubi
153 540 380 585 humiliata
401 540 490 584 est?
513 539 565 584 In
591 539 792 599 pulvere,
825 538 872 583 id
890 548 974 595 est,
1005 539 1146 599 pulvis
1173 557 1252 586 nos
1279 556 1427 601 perse-

44 611 208 672 quitur⁵
230 610 394 656 Illinos·
410 618 753 670 persequuntur,
771 608 826 654 de
848 609 1007 670 quibus
1028 610 1169 656 dixisti
1188 631 1196 656 :
1225 614 1355 658 «Non
1371 613 1430 657 sic

46 699 67 723 »
102 681 251 740 impii,
274 695 363 727 non
383 681 442 725 sie
459 715 470 736 ‚
495 679 571 724 sed
592 689 797 740 tanquam
819 680 962 740 pulvis
983 696 1115 741 quem
1130 682 1301 742 projicit
1319 698 1430 728 ven-

47 769 68 794 »
108 761 178 796 tus
198 768 224 796 a
244 750 354 796 facie
370 760 496 795 terrae
509 753 540 795 32
558 750 793 796 Humiliata
814 751 938 795 estin
954 750 1134 811 pulvere
1156 752 1300 797 anima
1322 769 1427 798 nos-

45 841 66 865 »
99 831 194 881 tra3
219 820 345 867 haesit
358 823 408 867 in
431 831 542 867 terra
564 832 715 868 venter
736 831 895 867 noster.
924 841 944 866 »
970 826 1151 868 Poenam
1173 823 1318 868 nimiae
1339 825 1429 868 hu-

41 893 288 938 miliationis
311 893 420 938 mihi
440 892 613 938 videtur
635 893 885 954 expressisse
900 928 911 949 ‚
931 909 1018 954 qua
1043 893 1229 954 quisque
1250 894 1428 954 quando

41 979 86 1008 se
113 965 370 1023 prosternit,
407 965 544 1008 haeret
565 964 611 1008 in
637 974 751 1009 terra
772 973 924 1008 venter
955 965 1062 1024 ejus.
1088 965 1289 1025 Quisquis
1312 965 1428 1010 enim

39 1034 100 1078 ita
117 1034 372 1078 humiliatur
393 1043 444 1078 ut
465 1049 605 1092 genua
628 1035 758 1093 figat,
791 1030 934 1078 adhuc
955 1034 1090 1079 habet
1108 1051 1197 1095 quo
1218 1034 1426 1080 humilie-

40 1113 113 1148 tur
129 1124 138 1150 :
157 1104 354 1165 quisquis
370 1113 516 1149 autem
534 1105 594 1150 sic
608 1104 863 1149 humiliatur
880 1114 930 1149 ut
945 1105 1109 1149 haereat
1126 1105 1170 1149 in
1186 1114 1300 1150 terra
1319 1121 1427 1151 ven-

40 1183 105 1220 ter
135 1176 249 1235 ejus,
274 1175 390 1220 ultra
410 1191 499 1236 quo
520 1175 776 1220 humilietur
800 1191 890 1220 non
922 1175 1070 1220 habet.
1098 1176 1142 1221 Si
1173 1176 1290 1220 enim
1311 1176 1426 1222 ultra

38 1245 226 1291 voluerit
245 1275 256 1301 ,
281 1247 372 1306 jam
393 1262 483 1290 non
500 1247 581 1290 erit
602 1245 832 1290 humiliare
848 1281 858 1301 ,
883 1245 959 1291 sed
980 1250 1177 1292 obruere.
1205 1249 1299 1291 Hoc
1324 1262 1427 1307 ergo

37 1316 219 1361 forsitan
240 1315 422 1362 dixerit:
446 1317 637 1362 Nimium
656 1315 869 1361 humiliati
891 1332 1039 1362 sumus
1055 1318 1101 1362 in
1122 1318 1205 1362 hoc
1227 1316 1436 1380 pulvere2

38 1386 152 1431 ultra
173 1399 262 1446 quo
286 1387 567 1431 humiliemur
588 1400 678 1432 non
700 1387 911 1431 habemus
930 1407 939 1432 :
957 1389 1047 1448 jam
1066 1389 1264 1448 pervenit
1288 1405 1425 1450 usque

38 1457 94 1503 ad
114 1469 335 1503 summum
356 1458 602 1504 humiliatio
621 1494 632 1514 ‚
659 1459 804 1504 veniat
825 1468 868 1503 et
884 1459 1116 1504 miseratio.

95 1532 234 1575 XXV.
262 1533 331 1574 ΑΠ’
352 1530 482 1586 forte,
507 1530 660 1575 fratres
676 1566 688 1586 ‚
712 1546 783 1575 eos
805 1530 972 1590 plangit
988 1531 1180 1576 Ecclesia
1197 1546 1304 1577 voce
1325 1532 1422 1588 ista,

36 1600 196 1661 quibus
212 1600 275 1645 illi
301 1601 378 1661 qui
403 1601 776 1662 persequebantur
792 1612 1100 1662 persuaserunt
1116 1602 1384 1662 impietatem
1410 1620 1421 1648 ι

35 1680 86 1715 ut
107 1671 169 1715 illi
190 1672 265 1732 qui
288 1672 582 1732 perdurarunt
600 1673 682 1718 hoc
699 1672 847 1717 dicant
867 1693 875 1716 :
892 1672 1161 1717 «Humiliata
1178 1673 1303 1717 estin
1325 1672 1425 1732 pul-

37 1760 58 1784 »
94 1756 192 1787 vere
210 1743 352 1787 anima
374 1744 549 1788 nostra?
564 1765 578 1783 u
599 1741 651 1788 Id
668 1752 746 1798 est,
762 1744 874 1788 inter
895 1759 1049 1787 manus
1064 1743 1253 1803 pulveris
1273 1744 1418 1804 hujus,

34 1813 146 1856 inter
166 1820 320 1856 manus
340 1813 574 1872 impiorum
593 1823 635 1856 et
652 1815 1004 1873 persequentium
1020 1849 1031 1868 ,
1061 1833 1081 1856 «
1107 1813 1344 1858 Humiliata
1359 1823 1424 1859 est

38 1901 58 1926 υ
93 1884 138 1926 in
161 1883 341 1942 pulvere
367 1883 507 1927 anima
528 1893 674 1928 nostra
689 1919 699 1937 ‚
728 1901 748 1924 »
775 1883 829 1927 ad
850 1884 933 1928 hoc
957 1892 1006 1927 ut
1027 1893 1068 1928 te
1090 1885 1389 1930 invocaremus
1407 1920 1420 1942 ,

35 1963 85 1998 ut
100 1952 224 1997 dares
247 1953 456 1998 auxilium
478 1953 532 1998 de
550 1954 832 1998 tribulatione
859 1974 866 1999 :
898 1957 1096 1999 «Venter
1111 1965 1257 2000 autem
1276 1966 1423 2001 noster

37 2041 58 2065 »
74 2024 201 2068 haesit
217 2024 264 2067 in
285 2032 414 2080 terra,
429 2023 507 2069 »id
521 2033 599 2080 est,
616 2025 832 2069 consensit
851 2025 1061 2085 impietati
1084 2025 1271 2086 pulveris
1293 2027 1422 2088 hujus

35 2103 186 2138 venter
207 2102 352 2138 noster
376 2113 385 2138 ι
409 2095 492 2138 hoc
513 2104 577 2139 est
600 2095 716 2139 enim
738 2094 905 2140 dictum
922 2131 932 2151 ,
961 2116 982 2138 «
1008 2097 1156 2141 Haesit.
1186 2115 1206 2138 »
1240 2097 1283 2141 Si
1303 2098 1421 2141 enim

35 2180 136 2209 cum
157 2163 297 2223 diligis
315 2174 361 2209 et
381 2166 502 2210 ardes
523 2166 733 2211 charitate
749 2201 760 2222 ‚
785 2175 900 2211 recte
922 2166 1026 2211 dicis
1039 2170 1128 2211 Deo
1149 2187 1156 2212 :
1181 2185 1201 2209 «
1223 2166 1420 2213 Adhaesit

37 2253 58 2276 n
93 2234 235 2279 anima
256 2250 351 2280 mea
373 2245 471 2295 post
499 2238 594 2295 te43
618 2255 638 2278 »
659 2245 702 2280 et
725 2257 745 2281 ι(
769 2237 876 2283 Mihi
899 2237 1120 2281 adhaerere
1140 2241 1230 2282 Deo
1251 2237 1419 2281 bonum

38 2322 59 2346 »
93 2307 187 2348 estb
213 2324 222 2349 ε
247 2323 268 2347 »
304 2315 410 2351 tunc
437 2316 581 2351 autem
613 2307 805 2352 adhaeres
837 2312 954 2362 Deo,
988 2308 1165 2368 quando
1202 2308 1418 2353 consentis

36 2377 126 2419 Deo
149 2394 158 2419 ι
182 2391 272 2420 non
289 2377 380 2420 sine
401 2393 528 2422 causa
549 2377 715 2422 dictum
740 2388 827 2433 est,
854 2379 908 2423 de
926 2387 1075 2423 ventre
1092 2379 1174 2423 isto
1196 2378 1315 2438 quod
1337 2378 1418 2423 ad-
1474 2395 1478 2400 ’

35 2444 159 2489 haesit
177 2445 223 2490 in
243 2455 379 2503 terra,
405 2447 484 2491 nisi
506 2448 608 2508 quia
630 2447 693 2492 illi
715 2449 1029 2508 significantur,
1055 2449 1131 2509 qui
1152 2449 1419 2508 persecutio-

84 2546 91 2562 ¹
114 2540 194 2572 Psal.
217 2551 308 2582 uui,
326 2541 380 2583 24.
403 2559 443 2565 —
465 2550 477 2565 ²
496 2542 576 2574 lbid.
603 2542 656 2575 25.
682 2561 722 2566 —
752 2541 988 2584 31tl.1,!4.—-
1003 2542 1084 2576 4111.
1111 2555 1190 2587 an,
1208 2556 1242 2587 9.
1275 2561 1312 2568 -—
1331 2543 1411 2576 ⁵1d.

37 2606 120 2627 mxu
140 2621 147 2637 ,
167 2599 220 2627 28.
