1841 3223
455 268 696 299 ENARRATto
728 272 773 299 m
807 269 1010 300 PsALMUM
1042 271 1160 298 xmv.
1403 255 1488 294 309

102 345 188 380 tem
203 336 407 381 varietate
422 351 576 380 aurum
593 336 712 396 quod
735 339 827 382 est?
850 340 946 397 Ipsa
963 334 1186 395 sapientia.
1202 331 1420 387 Quaelibet
1436 332 1492 376 sit

99 407 280 451 varietas
297 406 544 466 linguarum
558 441 569 461 ‚
589 422 728 450 unum
751 422 907 451 aurum
926 405 1187 466 praedicatur
1208 423 1217 449 ε
1240 419 1329 448 non
1343 402 1491 447 diver-

100 492 197 521 sum
219 493 391 531 aurum,
412 477 487 521 sed
500 476 682 521 varietas
696 476 751 520 de
769 492 888 520 auro.
910 476 1123 519 Eamdem
1145 475 1307 535 quippe
1328 473 1492 533 sapien-

99 548 233 604 tiam,
269 547 465 592 eamdcm
503 547 747 592 doctrinam
779 556 823 591 et
854 545 1128 606 disciplinam
1155 560 1304 590 omnes
1330 544 1492 603 linguae

97 617 354 679 praedicant.
373 618 566 662 Varietas
585 618 631 661 in
647 617 806 676 linguis
822 652 832 672 ‚
860 632 1014 661 aurum
1038 617 1083 659 in
1101 616 1337 660 sententiis.

155 691 296 733 XXV.
308 687 561 749 Alloquitur
573 689 789 748 Propheta
800 687 917 745 regin
924 703 992 731 am
1007 687 1130 730 istam
1146 706 1154 731 :
1168 685 1356 730 libenter
1373 685 1490 729 enim

98 757 161 802 illi
178 767 323 804 cantat
345 778 353 804 ε
380 767 424 803 et
444 773 804 819 unumquemque
834 767 1053 815 nostrum3
1078 757 1111 800 si
1135 765 1282 800 tamen
1316 755 1492 800 noveri-

98 844 195 873 mus
211 828 289 873 ubi
311 844 459 873 sumus
477 864 488 884 ‚
509 837 552 874 et
574 828 629 872 ad
650 828 762 873 illud
783 844 939 888 corpus
954 829 1170 888 pertinere
1192 842 1418 881 conemur,
1450 833 1494 868 et

97 898 184 943 fide
204 908 248 943 et
269 915 343 959 spe
363 901 654 959 pertineamus
667 900 778 943 uniti
793 900 839 942 in
859 898 1249 943 membrisChristi.
1265 900 1351 942 Nos
1374 895 1494 940 enim

99 968 354 1030 alloquitur.
380 989 399 1012 «
417 969 530 1014 Audi
548 969 634 1013 fitia
647 1005 657 1024 ‚
679 979 722 1013 ct
738 969 851 1013 vide.
868 988 887 1010 »
906 968 1158 1029 Alloquitur
1171 984 1264 1011 eam
1280 977 1492 1027 tanquam

80 1056 212 1089 sunus
235 1040 290 1085 de
311 1041 508 1100 patribus
525 1077 535 1096 ‚
562 1042 663 1101 quia
684 1041 784 1084 filiae
807 1056 959 1100 regum
977 1050 1080 1084 sunt
1111 1059 1119 1085 z
1145 1040 1224 1083 etsi
1243 1038 1493 1099 alloquatur

98 1112 331 1172 Propheta,
357 1112 433 1156 etsi
454 1111 703 1172 alloquatur
721 1110 969 1170 Apostolus,
997 1120 1206 1171 tanquam
1228 1108 1361 1153 filiam
1388 1130 1399 1166 3
1432 1108 1492 1152 sic

97 1183 215 1227 enim
237 1182 439 1236 dicimus,
465 1187 611 1227 Patres
626 1183 1018 1241 nostriProphetae‚
1036 1186 1182 1226 Patres
1205 1181 1493 1239 nostriApos-

97 1252 176 1298 toli
205 1273 213 1298 :
240 1253 274 1297 si
305 1269 384 1298 nos
405 1253 502 1297 illos
523 1263 573 1297 ut
605 1256 773 1305 Patres,
805 1251 867 1295 illi
890 1268 967 1296 nos
995 1261 1046 1296 ut
1067 1251 1178 1295 filios
1205 1270 1213 1295 :
1240 1260 1282 1294 et
1301 1266 1385 1293 vox
1405 1265 1492 1292 una

96 1333 278 1384 paterna
295 1324 533 1384 alloquitur
550 1324 723 1367 unicam
748 1322 899 1366 filiam.
932 1341 948 1362 «
970 1321 1112 1373 Audi,
1131 1320 1239 1375 filia,
1265 1329 1308 1364 et
1330 1319 1443 1364 vide.
1466 1336 1488 1359 >›

97 1394 221 1439 Prius
250 1394 379 1450 audi,
411 1404 561 1454 postea
594 1392 708 1438 vide.
736 1396 929 1437 Ventum
961 1402 1024 1436 est
1057 1392 1172 1435 enim
1197 1390 1250 1435 ad
1283 1405 1360 1434 nos
1389 1404 1488 1433 cum

97 1464 335 1523 Evangelio
359 1474 403 1509 et
424 1463 708 1524 praedicatum
738 1472 801 1507 est
835 1463 962 1507 nobis
987 1461 1106 1522 quod
1142 1460 1341 1505 nondum
1363 1458 1489 1503 vide-

37 1561 47 1570 ·
95 1549 213 1589 mus,
237 1543 280 1578 et
302 1533 521 1580 audiendo
549 1533 813 1579 credidimus
829 1569 840 1589 ,
866 1532 1086 1578 eredendo
1111 1530 1358 1576 videbimus
1393 1547 1401 1574 ;
1429 1528 1488 1572 si·-

95 1614 171 1649 cut
192 1603 297 1649 dicit
313 1605 404 1664 ipse
424 1620 606 1664 sponsus
628 1604 746 1664 apud
765 1604 1025 1664 Prophetam
1054 1622 1062 1645 :
1096 1598 1326 1659 «Populus
1353 1614 1487 1659 quem

97 1694 117 1717 »
153 1691 242 1720 non
264 1676 471 1734 cognovi,
496 1676 671 1720 servivit
691 1675 825 1727 mihi,
851 1675 896 1715 in
920 1670 1133 1716 obauditu
1156 1671 1269 1714 auris
1293 1669 1489 1715 obedivit

98 1763 118 1786 »
152 1743 260 1788 mihi
274 1746 305 1788 ¹.
327 1761 347 1783 »
373 1742 490 1796 Quid
511 1751 600 1797 est,
631 1761 650 1784 «
665 1745 717 1785 In
735 1741 950 1785 obauditu
968 1741 1107 1785 auris?
1127 1760 1147 1782 »
1173 1741 1283 1793 Quia
1305 1756 1395 1784 non
1416 1740 1486 1784 vi-

95 1813 175 1859 dit.
197 1812 413 1857 Viderunt
430 1811 571 1857 Judaei
585 1847 596 1867 ,
624 1820 667 1855 et
688 1811 996 1856 crucifixerunt
1018 1830 1026 1856 :
1047 1827 1137 1855 non
1158 1810 1363 1855 viderunt
1387 1824 1487 1867 gen-

95 1893 159 1929 tes
176 1918 187 1938 ,
213 1892 256 1927 et
273 1882 568 1928 crediderunt.
591 1881 748 1925 Veniat
778 1881 923 1940 regina
947 1881 1003 1925 de
1026 1880 1227 1939 gentibus
1258 1882 1303 1923 in
1328 1879 1489 1924 vestitu

94 1954 328 2009 deaurato,
360 1952 684 1998 circumamicta
716 1952 924 1995 varietate
958 1970 967 1995 :
995 1951 1140 1996 veniat
1173 1966 1223 1994 ex
1252 1949 1481 2008 gentibus,

95 2025 239 2069 veniat
270 2024 592 2068 circumamicta
615 2022 817 2066 omuibus
838 2019 999 2079 linguis
1017 2056 1027 2076 ‚
1062 2021 1108 2064 in
1132 2020 1298 2064 unitate.
1317 2019 1487 2079 sapien-

96 2094 168 2138 tiae
190 2093 360 2138 dicatur
383 2093 422 2140 ei
448 2113 457 2138 :
487 2092 666 2148 «Audi,
692 2091 802 2146 filia,
824 2100 867 2135 et
888 2091 1000 2135 vide.
1025 2110 1045 2132 »
1085 2091 1127 2135 Si
1150 2106 1240 2135 non
1268 2089 1454 2135 audieris
1472 2125 1483 2145 ‚

96 2180 186 2209 non
212 2163 396 2208 videbis.
422 2162 539 2208 Audi
567 2171 616 2206 ut
643 2161 828 2207 mundes
858 2177 934 2206 cor
967 2161 1076 2217 fide,
1113 2161 1223 2205 sicut
1249 2159 1486 2220 Apostolus

96 2235 154 2279 ait
182 2234 227 2278 in
255 2234 438 2280 Actibus
459 2231 768 2292 Apostolorum
801 2251 810 2277 :
844 2251 865 2275 «
884 2230 992 2276 Fide
1019 2231 1237 2275 mundans
1257 2230 1388 2275 corda
1411 2245 1487 2275 eo-

99 2322 120 2346 »
156 2305 300 2348 rum2.
329 2322 348 2345 »
370 2302 440 2348 Ad
459 2303 544 2347 hoc
570 2303 686 2346 enim
715 2301 916 2346 audimus
939 2300 1059 2361 quod
1081 2300 1334 2355 credamus,
1361 2309 1487 2344 ante-

95 2391 227 2436 quam
260 2373 484 2419 videamus
503 2410 513 2429 ‚
538 2383 589 2418 ut
611 2373 830 2418 credendo
849 2389 924 2417 cor
945 2370 1208 2416 mundemus
1223 2406 1234 2427 ‚
1271 2369 1391 2414 unde
1419 2371 1487 2414 vi-

96 2444 199 2489 dere
221 2445 448 2504 possimus.
474 2443 591 2488 Audi
618 2453 668 2488 ut
701 2443 872 2501 credas3
894 2441 1059 2486 munda
1082 2457 1156 2486 cor
1176 2440 1278 2485 fide.
1305 2444 1361 2485 Et
1383 2456 1485 2485 eum

97 2530 171 2560 cor
191 2514 483 2570 mundavero,
508 2513 616 2575 quid
633 2513 816 2559 videbo?
841 2532 862 2556 ε(
882 2513 1002 2557 Beati
1021 2511 1189 2558 mundo
1211 2510 1359 2566 corde,
1379 2511 1483 2572 quia

146 2604 155 2622 ¹
175 2596 255 2631 Psal.
275 2609 350 2638 xvn,
370 2596 425 2639 45.
445 2614 487 2622 ·-
503 2604 515 2621 ²
535 2599 606 2629 Act.
628 2609 682 2637 xv,
701 2608 733 2639 9.
