1841 3223
370 229 610 259 ENARRATIO
642 233 686 259 IN
719 229 922 260 PSALMUM
954 232 1089 258 XLVII.
1334 220 1417 258 353

42 312 62 336 »
96 293 325 339 reditatem
344 304 480 352 tuam,
503 305 546 341 et
565 297 875 357 possessionem
897 305 1017 340 tuam
1040 294 1246 339 terminos
1271 302 1418 346 terrac;

41 382 62 406 »
97 380 217 424 reges
239 382 310 411 eos
327 366 372 410 in
391 367 510 425 virga
529 367 689 423 ferrea,
710 377 754 412 et
768 377 977 428 tanquam
997 382 1070 412 vas
1086 365 1209 425 figuli
1226 375 1421 410 conteres
1454 356 1457 359 .

40 452 61 476 »
95 438 209 479 eos¹.
230 454 249 478 »
270 435 458 480 Auditus
475 446 538 481 est
554 452 655 495 ergo
678 452 751 481 rex
774 439 1032 482 constitutus
1050 437 1096 480 in
1120 435 1238 490 Sion,
1262 435 1421 480 tradita

37 514 102 549 est
127 504 189 549 illi
210 506 418 566 possessio
444 522 583 568 usque
611 507 666 551 ad
689 508 892 552 terminos
915 507 1029 551 orbis
1059 516 1198 550 terrae.
1224 509 1421 551 Metuere

36 574 200 620 debent
220 591 363 634 reges,
389 591 444 620 ne
470 592 651 635 regnum
672 575 880 636 perdant,
899 592 954 620 ne
977 575 1059 620 illis
1082 576 1304 620 auferatur
1327 591 1421 635 reg-

37 661 143 690 num
159 681 170 702 ‚
196 646 305 691 sicut
325 647 453 692 miser
474 648 619 693 timuit
641 647 857 703 Herodes,
882 657 925 692 et
952 663 1031 707 pro
1058 647 1239 707 parvulo
1261 647 1422 691 occidit

37 715 299 776 parvulos²P
323 717 495 762 Timens
524 727 670 762 autem
693 733 877 777 regnum
899 717 1116 772 amittere⁷
1143 733 1234 761 non
1261 717 1422 762 meruit

37 800 182 844 regem
209 801 452 844 agnoscere.
479 787 655 832 Utinam
683 796 726 832 et
754 788 844 847 ipse
866 801 1012 845 regem
1033 802 1133 830 cum
1156 786 1294 845 Magis
1315 785 1422 831 ado-

37 857 171 900 raret!
197 872 287 901 non
307 856 419 901 male
440 873 622 915 regnum
651 856 904 918 quaerendo,
924 858 1176 901 innocentes
1194 857 1417 916 perderet,

37 935 81 972 et
102 943 263 972 nocens
281 928 454 987 periret.
475 931 585 973 Nam
607 927 729 988 quod
749 927 805 972 ad
826 927 951 971 illum
979 927 1211 982 attinebat,
1232 926 1422 986 perdidit

36 998 288 1044 innocentes
311 1018 320 1044 z
345 1008 560 1059 quantum
591 1009 737 1043 autem
760 999 814 1043 ad
836 999 1057 1044 Christum
1073 1033 1083 1053 ,
1115 998 1242 1043 etiam
1265 1014 1422 1058 parvus

36 1084 115 1128 pro
137 1084 181 1113 se
209 1069 441 1114 morientes
463 1069 666 1129 parvulos
683 1069 919 1113 coronavit.
953 1071 1069 1127 Ergo
1092 1068 1342 1112 debuerunt
1364 1068 1422 1112 ti-

36 1155 154 1183 mere
176 1155 297 1198 reges
324 1139 502 1201 quando
524 1140 691 1185 dictum
713 1148 807 1184 est:
832 1158 851 1181 «
868 1141 961 1197 Ego
990 1148 1136 1183 autem
1161 1139 1422 1184 constitutus

40 1228 60 1251 »
97 1225 193 1254 sum
215 1226 291 1254 rex
311 1211 366 1254 ab
390 1226 464 1266 eo,
491 1229 511 1252 »
540 1220 583 1254 et
600 1210 896 1255 haereditatem
922 1225 1060 1269 usque
1082 1209 1137 1252 ad
1167 1209 1273 1253 fines
1296 1218 1421 1253 terrae

37 1279 160 1325 dabit
180 1281 288 1324 mihi
319 1281 394 1341 qui
415 1297 484 1325 me
515 1281 738 1325 constituit
759 1295 920 1338 regem.
954 1280 1038 1324 Sed
1059 1278 1166 1339 quid
1194 1279 1416 1334 invidetis,

36 1352 185 1410 reges?
208 1350 388 1407 Videte,
416 1367 506 1396 non
528 1350 734 1396 invidete.
771 1353 919 1408 Longe
949 1349 1064 1392 enim
1091 1349 1170 1392 iste
1203 1349 1326 1393 aliter
1348 1364 1421 1392 rex

36 1422 112 1482 qui
126 1421 254 1468 dixit:
269 1441 289 1465 «
306 1426 507 1482 Regnum
524 1438 671 1466 meum
687 1437 775 1465 non
788 1429 850 1464 est
865 1420 919 1464 dc
937 1421 1019 1464 hoc
1040 1420 1240 1464 mundoss.
1252 1419 1420 1465 »Nolite

36 1506 136 1550 ergo
166 1492 318 1536 timere
357 1507 411 1536 ne
441 1493 566 1537 vobis
599 1491 821 1536 auferatur
862 1505 1044 1548 regnum
1072 1489 1228 1534 mundi
1259 1491 1415 1550 hujus,

36 1564 212 1608 dabitur
239 1563 362 1608 vobis
399 1578 610 1623 regnum,
642 1563 714 1607 sed
749 1561 985 1616 coelorum,
1021 1561 1099 1604 ubi
1130 1560 1202 1604 ille
1231 1576 1304 1605 rex
1337 1570 1415 1605 est.

36 1633 141 1678 Ideo
157 1633 266 1694 quid
290 1633 353 1677 ibi
371 1633 596 1694 sequitur?
618 1635 711 1678 «Et
732 1648 849 1676 nunc
872 1647 992 1690 reges
1011 1631 1251 1690 intelligite.
1277 1650 1296 1673 »
1323 1634 1420 1676 Jam

34 1704 228 1749 invidere
248 1719 324 1749 vos
346 1704 550 1763 parabitis
573 1723 581 1748 :
612 1723 631 1745 «
657 1702 891 1761 Intelligite
907 1737 917 1757 ,
946 1720 965 1742 »
992 1701 1046 1745 de
1068 1700 1152 1746 alio
1180 1717 1280 1759 rege
1308 1701 1419 1747 dici-

34 1783 127 1829 tur,
158 1776 282 1834 cujus
312 1789 496 1833 regnum
522 1790 612 1818 non
639 1782 703 1817 est
733 1773 787 1816 de
811 1773 893 1816 hoc
922 1770 1103 1816 mundo.
1129 1773 1285 1816 Merito
1315 1788 1418 1831 ergo

39 1863 60 1887 «
93 1845 276 1890 Collecti
301 1853 402 1889 sunt
424 1859 545 1903 reges
566 1844 612 1887 in
636 1859 797 1897 unum,
828 1842 1075 1887 conturbati
1102 1852 1228 1897 sunt,
1258 1851 1419 1888 tremor

38 1933 58 1957 ))
93 1913 381 1974 apprehendit
399 1929 486 1958 eos.
509 1932 528 1955 »
550 1913 657 1957 Inde
682 1922 725 1957 et
747 1912 829 1957 illis
857 1913 940 1957 hoc
965 1912 1124 1956 dicitur
1146 1932 1153 1956 :
1183 1930 1203 1954 «
1222 1915 1280 1956 Et
1299 1928 1418 1957 nunc

38 2003 58 2026 ))
94 2000 212 2044 reges
227 1983 470 2042 intelligite,
482 1983 713 2028 erudimini
728 1999 877 2028 omnes
893 1983 967 2043 qui
973 1982 1176 2042 judicatis
1191 1983 1414 2027 terram4.»

35 2058 92 2100 Et
118 2053 225 2115 quid
250 2053 479 2098 fecerunt?
505 2073 524 2096 «
551 2054 620 2098 Ibi
650 2053 821 2098 dolores
849 2062 899 2097 ut
930 2053 1222 2112 parturientis.
1254 2071 1273 2094 »
1302 2052 1419 2106 Quid

34 2135 136 2170 sunt
161 2146 180 2169 «
201 2125 378 2170 Dolores
398 2134 449 2169 ut
470 2125 770 2184 parturientis,
799 2143 818 2166 ))
842 2124 921 2168 nisi
944 2123 1114 2168 dolores
1140 2123 1419 2183 poenitentis?

37 2198 146 2242 Vide
165 2197 302 2257 ipsam
322 2197 651 2256 conceptionem
671 2195 830 2241 doloris
849 2205 891 2240 et
912 2194 1206 2255 parturitionis
1229 2213 1237 2238 :
1263 2214 1283 2236 «
1301 2198 1339 2239 Α
1360 2195 1418 2239 ti-

40 2285 60 2309 »
95 2282 215 2312 more
240 2275 337 2320 tuo,
369 2266 514 2325 inquit
536 2269 667 2310 Isa'l'as
685 2301 696 2321 ‚
721 2266 1021 2325 concepimus,
1047 2273 1090 2308 et
1111 2264 1420 2323 parturivimus

41 2333 60 2378 ›'›
95 2336 294 2396 spiritum
314 2334 503 2380 salutis⁵.
525 2353 545 2377 »
566 2336 633 2380 Sic
651 2350 751 2394 ergo
767 2343 1062 2394 conceperunt
1084 2348 1204 2392 reges
1219 2349 1243 2377 a
1265 2333 1422 2378 timore

38 2407 220 2464 Christi,
254 2416 303 2451 ut
335 2407 618 2467 parturiendo
646 2406 831 2452 salutem
864 2415 1090 2465 parerent,
1130 2403 1349 2450 credendo
1376 2405 1422 2449 in

85 2509 94 2526 ¹
116 2502 195 2535 Psal.
209 2514 244 2544 n,
261 2502 387 2546 6-9.-
400 2510 412 2525 ²
431 2502 544 2535 Matth.
566 2513 611 2544 11,
632 2502 662 2536 3.
684 2520 725 2525 —-
741 2500 754 2524 3
773 2504 866 2534 Joan.
884 2511 973 2542 xviii,
988 2500 1040 2532 36.
1057 2517 1098 2522 -
1112 2498 1219 2532 41³sa1.
1241 2511 1276 2542 n,
1299 2511 1351 2542 10,
1365 2512 1416 2533 11.

39 2575 80 2581 -
105 2556 119 2580 ⁵
138 2559 210 2590 lsai.
230 2568 318 2599 xxvi,
344 2560 395 2590 18.

308 2622 413 2653 cxv,
1183 2610 1234 2649 23
