1841 3223
1068 155 1090 166 ι

387 276 630 307 umanum
662 279 707 306 1111
739 276 943 307 PsALMtJM
974 276 1099 305 xxxv.
1385 263 1440 305 43

54 344 206 390 colunt
219 360 310 390 non
320 343 484 388 habent
500 377 512 398 ‚
538 352 581 387 et
597 342 660 387 illi
682 344 847 393 habent
875 344 953 404 qui
974 342 1281 402 blasphemant
1305 360 1314 387 ε
1339 355 1441 400 ergo

53 416 100 459 in
119 414 314 475 periculo
327 418 430 459 sunt
451 412 612 458 adhuc.

112 487 237 529 VIII.
265 485 345 529 Hic
382 493 530 528 autem
565 497 666 527 vere
700 482 916 528 intellexit
937 498 1070 542 quam
1103 479 1451 527 misericordiam*

53 554 311 615 deprecetur
332 570 356 600 a
377 558 482 599 Deo.
508 573 528 598 «
554 554 737 599 Domine
753 589 764 609 ‚
794 554 842 599 in
877 553 991 599 coelo
1020 553 1312 599 misericordia
1340 563 1438 609 tua,

56 642 79 668 »
103 635 146 670 et
168 625 326 671 veritas
362 634 440 670 tua
463 641 602 686 usque
636 624 692 669 ad
724 624 863 669 nubes
885 643 894 669 ;
925 645 942 666 1
968 624 1014 668 id
1035 633 1126 679 est,
1151 624 1446 671 misericordia

53 694 256 756 quaedam
269 711 402 756 quam
411 695 547 740 donas
559 695 715 742 sanctis
733 695 833 749 tuis,
852 693 1037 738 coelestis
1048 703 1128 750 est,
1142 710 1231 738 non
1245 703 1415 739 terrena
1430 715 1444 753 3

54 774 217 809 aeterna
234 773 319 821 est,
343 765 594 825 temporalis
610 781 700 810 non
714 774 791 809 est.
808 767 866 809 Et
880 763 1104 825 quomodo
1125 763 1244 808 illam
1266 765 1447 824 potuisti

54 835 312 881 annuntiare
327 835 578 880 hominibus
589 837 608 879 P
619 835 729 888 Quia
737 834 929 879 «Veritas
943 845 1018 879 tua
1035 849 1173 895 usque
1190 834 1245 878 ad
1258 834 1443 881 nubes.»

53 908 164 953 Nam
195 905 292 966 quis
310 915 456 966 posset
476 921 601 951 nosse
632 905 851 950 coelestem
883 904 1222 949 misericordiam
1247 905 1347 959 Dei,
1367 905 1448 949 nisi

54 976 334 1021 annuntiaret
348 980 461 1022 Deus
477 977 757 1022 hominibus?
768 975 1001 1030 Quomodo
1015 975 1136 1020 illam
1147 976 1448 1022 annuntiavit?

53 1046 271 1094 Mittendo
282 1048 509 1092 veritatem
523 1063 645 1092 suam
657 1063 796 1108 usque
810 1046 866 1092 ad
878 1048 1032 1092 nubes.
1048 1050 1156 1101 Quae
1168 1056 1270 1091 sunt
1281 1048 1449 1095 nubes?

54 1117 362 1164 Praedicatores
384 1118 508 1164 verbi
529 1118 622 1163 Dei.
666 1117 792 1162 Unde
814 1118 1006 1178 quodam
1035 1118 1133 1162 loco
1169 1121 1283 1162 Deus
1314 1118 1448 1163 iratus

53 1198 119 1234 est
138 1189 313 1236 cuidam
335 1189 486 1235 vineae.
512 1189 723 1249 Intelligit
745 1190 861 1234 enim
878 1225 888 1244 ‚
909 1198 1124 1250 quantum
1146 1197 1279 1248 puto,
1299 1190 1449 1236 Chari-

53 1268 117 1305 tas
134 1262 285 1306 Vestra
300 1294 312 1316 ‚
336 1259 503 1307 audivit
533 1263 689 1305 Isa’i'am
717 1261 976 1320 prophetam
991 1296 1002 1315 ,
1027 1260 1105 1304 ubi
1128 1259 1234 1305 dicit
1256 1260 1311 1304 de
1339 1276 1449 1320 qua-

53 1330 156 1378 dam
188 1331 348 1377 vinea:
374 1351 395 1374 «
430 1331 667 1392 Expectavi
693 1341 744 1376 ut
784 1329 946 1376 faceret
975 1346 1130 1386 uvam,
1165 1329 1268 1375 fecit
1303 1341 1450 1375 autem

55 1419 77 1444 1)
102 1401 284 1461 spinas1.
312 1419 334 1444 »
358 1405 417 1447 Et
430 1417 486 1446 ne
498 1403 593 1463 quis
610 1411 786 1462 putaret
807 1402 862 1448 de
876 1402 1001 1448 vinea
1014 1402 1093 1446 ista
1113 1401 1270 1447 visibili
1286 1402 1445 1457 dicere,

53 1471 114 1516 sic
149 1471 383 1518 conclusit:
419 1491 440 1516 «
467 1473 606 1519 Vinea
642 1482 789 1518 autem
821 1473 995 1518 Domini
1039 1474 1229 1518 Sabaoth
1245 1509 1256 1528 ,
1293 1473 1449 1518 domus

57 1559 79 1584 »
104 1541 236 1587 Israel
257 1552 344 1601 est3
363 1552 407 1588 et
437 1543 571 1588 homo
595 1546 619 1587 J
624 1544 732 1598 uda,
762 1543 986 1588 novellum
1009 1542 1220 1588 dilectum
1234 1548 1267 1587 2.
1285 1563 1305 1585 >›
1331 1547 1450 1603 Ergo

53 1611 193 1672 ipsam
234 1611 408 1657 vineam
439 1612 717 1672 increpabat,
756 1629 886 1673 quam
927 1615 1168 1673 expectavit
1203 1622 1255 1658 ut
1286 1614 1450 1661 faceret

54 1693 185 1727 uvam
203 1716 215 1738 ‚
240 1681 344 1728 fecit
364 1692 512 1728 autem
528 1684 686 1743 spinaS.
708 1687 766 1728 Et
787 1684 893 1744 quid
914 1685 998 1729 ait?
1019 1684 1240 1730 Mandabo
1257 1686 1450 1730 nubibus

57 1770 79 1794 »
102 1753 209 1797 meis
224 1768 279 1797 ne
292 1753 450 1813 pluant
460 1769 590 1813 super
603 1755 732 1799 eamss.
743 1757 910 1799 »Iratus
926 1758 1039 1799 Deus
1060 1755 1145 1800 hoc
1157 1755 1287 1800 dixit:
1304 1759 1451 1801 «Man-

57 1842 78 1866 »
103 1823 219 1869 dabo
246 1825 442 1869 nubibus
463 1825 591 1880 meis,
627 1841 683 1869 ne
714 1825 872 1885 pluant
896 1841 1026 1886 super
1049 1828 1170 1873 eam4
1194 1846 1203 1871 ι
1227 1845 1246 1868 n
1277 1835 1322 1870 et
1348 1842 1449 1872 vere

54 1892 219 1940 factum
241 1904 320 1940 est.
339 1896 459 1940 Missi
476 1905 578 1940 sunt
598 1896 716 1940 enim
733 1896 1037 1956 praedicatores
1050 1896 1261 1957 Apostoli.
1281 1898 1350 1943 Sic
1370 1899 1451 1943 ha·

55 1967 206 2010 bemus
219 1965 267 2010 in
288 1966 470 2011 Actibus
487 1966 812 2026 Apostolorum,
831 1968 932 2028 quia
955 1967 1175 2028 apostolus
1198 1967 1357 2013 Paulus
1368 1985 1449 2014 vo·-

54 2035 174 2080 lebat
204 2035 442 2096 praedicare
477 2037 668 2093 Judaeis‚
699 2047 743 2083 et
781 2039 948 2084 invenit
984 2040 1043 2084 ibi
1071 2056 1161 2084 non
1193 2056 1351 2096 uvam,
1374 2040 1449 2085 sed

55 2106 471 2166 spinas.Coeperunt
492 2109 609 2152 enim
630 2124 709 2169 pro
730 2108 856 2153 bonis
878 2110 991 2155 mala
1014 2109 1193 2155 reddere
1209 2146 1219 2165 ‚
1246 2121 1290 2156 et
1304 2127 1449 2170 perse-

55 2176 147 2237 qui.
165 2179 222 2221 Et
244 2176 319 2232 ait,
335 2186 545 2237 tanquam
558 2177 743 2238 implens
757 2178 878 2239 quod
892 2179 1058 2224 dictum
1077 2190 1162 2234 est,
1186 2200 1206 2223 «
1227 2181 1448 2226 Mandabo

60 2264 81 2288 1)
105 2246 298 2292 nubibus
323 2247 429 2291 meis
454 2263 509 2291 ne
533 2247 689 2307 pluant
716 2264 845 2309 super
862 2265 971 2294 eam.
1007 2250 1078 2296 Ad
1105 2265 1179 2296 vos
1213 2252 1330 2296 missi
1352 2267 1449 2296 era-

61 2333 82 2358 1)
105 2331 223 2372 mus,
247 2316 325 2362 sed
345 2318 449 2378 quia
470 2319 687 2378 respuistis
704 2320 889 2366 verbum
912 2322 1004 2375 Dei,
1025 2337 1125 2366 ecce
1150 2323 1448 2367 convertimur

61 2404 82 2428 n
107 2386 164 2432 ad
192 2389 346 2432 Gente.
377 2407 398 2430 »
432 2391 547 2447 Ergo
574 2389 804 2450 impletum
830 2399 893 2434 est
910 2426 920 2446 ‚
957 2411 977 2433 «
1000 2391 1221 2437 Mandabo
1254 2393 1447 2438 nubibus

62 2473 83 2498 1)
106 2456 210 2503 meis
232 2473 288 2501 ne
308 2457 465 2521 plu-ant
500 2474 630 2519 super
665 2475 776 2505 eam.
805 2479 825 2502 »
853 2463 997 2521 Usque
1032 2461 1088 2506 ad
1121 2463 1260 2507 nubes
1288 2464 1444 2509 veritas

58 2528 179 2573 venit
204 2548 213 2573 :
236 2528 336 2574 ideo
352 2530 478 2575 nobis
501 2531 644 2590 potuit
660 2532 853 2577 nuntiari
874 2532 1164 2580 misericordia
1188 2535 1266 2580 Dei
1282 2551 1383 2595 quae
1400 2537 1445 2580 in

108 2618 118 2634 ¹
139 2613 210 2644 lsai.
233 2612 308 2655 v,4.
333 2630 375 2636 —
400 2614 512 2647 21bid.
532 2614 566 2646 6.
589 2631 631 2638 —-
649 2613 663 2638 3
680 2615 761 2647 lhid.
777 2626 808 2655 7.
825 2632 866 2638 —-
884 2614 899 2644 4
915 2618 984 2648 Act.
1009 2628 1077 2656 xiii,
1101 2616 1154 2659 46.
