1841 3223
351 211 434 251 422
782 225 815 250 s.
853 221 1083 251 Auens-rim
1117 225 1297 251 EPISCOPI

347 297 454 342 tres,
490 288 722 346 expectetis
758 297 806 331 ut
841 287 1048 347 explicem
1078 288 1227 344 vobis,
1258 278 1482 349 quomodo
1503 298 1736 348 cognoscat

347 361 462 403 Deus
490 377 497 402 :
526 359 608 402 hoc
630 357 770 401 solum
794 357 891 402 dico
909 393 920 413 ‚
947 374 1035 403 non
1060 359 1119 403 sie
1148 360 1370 418 cognoscit
1392 369 1441 403 ut
1462 361 1617 414 homo,
1645 375 1735 404 non

347 429 406 472 sie
424 428 648 487 cognoscit
668 437 719 472 ut
739 428 959 486 Angelus:
987 439 1030 473 et
1061 429 1283 489 quomodo
1313 430 1561 488 cognoscit,
1593 429 1735 474 dicere

346 514 436 543 non
470 498 610 542 audeo
626 534 637 554 ,
662 499 869 558 quoniam
893 508 935 543 et
960 499 1066 544 scire
1085 516 1173 544 non
1195 516 1387 559 possum.
1415 503 1561 545 Unum
1590 509 1736 544 tamen

349 569 436 613 scio
454 604 465 623 ,
491 569 591 628 quia
615 577 658 613 et
680 578 913 629 antequam
942 579 1083 614 essent
1109 570 1254 614 omnia
1276 570 1465 614 volatilia
1491 569 1617 625 coeli,
1655 585 1738 614 no-

348 649 469 684 verat
494 643 608 683 Deus
630 639 751 700 quod
780 640 923 684 suerat
946 647 1185 684 creaturus.
1223 644 1331 694 Quae
1355 650 1420 685 est
1442 640 1515 685 illa
1554 640 1737 685 notitia?

347 713 384 756 Ο
417 712 572 767 homo,
597 711 745 756 videre
768 712 935 771 coepisti
952 712 1165 767 volatilia,
1192 722 1475 772 posteaquam
1504 713 1738 772 plasmatus

348 797 416 837 es,
447 791 733 843 posteaquam
758 799 931 826 sensum
970 782 1147 827 videndi
1179 784 1395 843 accepisti.
1421 786 1524 827 Haec
1550 782 1739 828 volatilia

349 851 403 898 de
440 869 552 913 aqua
589 862 687 897 nata
712 862 815 897 sunt
841 853 896 898 ad
919 854 1104 898 verbum
1129 854 1230 909 Dei,
1266 853 1449 898 dicentis
1477 873 1486 898 ε
1515 873 1535 896 «
1567 852 1740 899 Produ-

351 941 372 965 υ
410 933 511 968 cant
543 941 667 985 aqufe
696 924 931 969 volatilia².
962 944 982 967 >›
1006 926 1089 970 Ubi
1112 935 1291 971 noverat
1320 929 1434 970 Deus
1467 941 1566 986 quae
1601 926 1740 985 impe-

350 994 474 1039 rabat
510 1005 558 1039 ut
592 1011 701 1055 aqua
725 995 969 1056 proferret?
1002 1000 1099 1041 Jam
1122 1006 1238 1041 certe
1260 1006 1440 1041 noverat
1467 995 1588 1057 quod
1620 1012 1742 1040 crea-

357 1075 445 1121 cat,
471 1075 514 1110 et
543 1075 776 1127 antequam
806 1076 970 1111 crearet
992 1077 1187 1112 noverat.
1216 1071 1350 1112 Tanta
1373 1077 1435 1112 est
1458 1082 1559 1125 ergo
1589 1067 1743 1113 notitia

353 1137 462 1191 Dei,
487 1146 536 1180 ut
559 1138 676 1196 apud
694 1138 836 1197 ipsum
866 1147 1007 1181 essent
1040 1138 1231 1198 quodam
1259 1138 1472 1182 ineffabili
1506 1137 1637 1182 modo
1665 1153 1744 1181 an-

351 1215 527 1267 tequam
553 1217 694 1252 creata
718 1217 857 1252 essent
881 1228 889 1252 :
927 1218 970 1252 et
997 1225 1020 1252 a
1045 1219 1087 1253 te
1109 1218 1308 1268 expectat
1339 1217 1388 1252 ut
1415 1209 1596 1268 accipiat
1623 1208 1744 1269 quod

351 1287 586 1338 antequam
620 1289 785 1326 crearet
817 1279 1007 1323 habebat
1023 1282 1040 1321 ’ἶ
1071 1299 1090 1322 «
1129 1280 1326 1338 Cognovi
1365 1280 1512 1324 omnia
1550 1279 1745 1324 volatilia

354 1367 374 1390 »
401 1349 517 1403 coeli,
544 1368 562 1390 »
589 1366 689 1410 quae
713 1359 760 1394 tu
784 1351 889 1394 mihi
912 1367 1002 1394 non
1024 1359 1147 1410 potes
1167 1351 1285 1394 dare.
1313 1353 1421 1403 Quoe
1440 1359 1488 1394 tu
1508 1351 1613 1394 mihi
1631 1365 1746 1394 mae·

352 1429 521 1464 taturus
551 1435 618 1475 eS‚
646 1436 726 1479 ego
748 1421 933 1479 cognovi
963 1423 1107 1465 onmia
1136 1441 1143 1465 :
1181 1436 1270 1464 non
1298 1420 1401 1480 quia
1428 1420 1509 1464 feci
1534 1423 1741 1479 cognovi,

353 1490 429 1535 scd
454 1501 503 1535 ut
526 1491 728 1535 facerem.
759 1512 778 1534 «
804 1496 861 1536 Et
877 1493 1037 1551 speeies
1065 1492 1153 1550 agri
1188 1506 1357 1536 meeum
1382 1501 1461 1536 est.
1486 1510 1505 1532 »
1543 1490 1745 1536 Pulchri-

355 1563 464 1607 tudo
489 1563 575 1620 agri
597 1599 607 1617 ‚
627 1563 801 1606 ubertas
816 1563 1012 1607 omnium
1030 1563 1076 1606 in
1095 1572 1206 1607 terra
1224 1563 1510 1621 gignentium,
1531 1582 1551 1606 «
1571 1566 1746 1607 Mecum

357 1652 377 1674 »
405 1643 488 1686 est„
523 1651 543 1673 n
569 1634 726 1693 inquit.
754 1633 985 1686 Quomodo
1013 1649 1113 1677 cum
1137 1632 1240 1677 illo?
1264 1636 1420 1678 Utrum
1444 1643 1488 1678 et
1512 1642 1747 1694 antequam

354 1705 540 1749 fierent?
563 1706 675 1749 Cum
698 1705 773 1749 illo
808 1706 924 1748 enim
958 1714 1081 1748 erant
1106 1705 1249 1749 omnia
1279 1704 1427 1749 sutura
1444 1740 1455 1759 ‚
1485 1714 1527 1749 et
1549 1721 1649 1749 cum
1671 1704 1746 1749 illo

354 1785 456 1820 sunt
486 1775 631 1818 onmia
655 1775 870 1833 prseterita
894 1794 901 1817 ε
930 1773 1076 1818 futura
1093 1774 1150 1817 ita
1166 1809 1176 1829 ‚
1202 1782 1252 1817 ut
1280 1789 1369 1817 non
1398 1774 1436 1817 ci
1461 1773 1748 1818 detrahantur

355 1846 499 1891 omnia
523 1845 756 1905 prseterita.
779 1847 890 1889 Cum
908 1843 984 1889 illo
1006 1853 1107 1888 sunt
1129 1845 1273 1888 omnia
1297 1845 1545 1903 cognitione
1558 1844 1748 1905 quadam

355 1916 588 1962 ineffabilis
621 1915 842 1974 sapientiae
881 1915 956 1959 Dei
980 1915 1025 1958 in
1061 1915 1207 1959 verbo
1240 1916 1502 1970 constituta,
1529 1926 1572 1960 et
1605 1916 1746 1975 ipsum
1780 1939 1785 1945 -

354 1988 550 2033 Verbum
569 1988 730 2031 omnia.
757 1990 825 2031 An
839 1986 985 2047 aliquo
1008 1987 1139 2031 modo
1153 2003 1253 2031 cum
1278 1987 1352 2031 illo
1370 1997 1433 2033 est
1454 1988 1544 2047 agri
1565 1988 1742 2047 species,

353 2060 457 2120 quia
486 2059 576 2117 ipse
599 2058 764 2117 ubique
787 2066 875 2111 est,
902 2067 944 2101 et
967 2058 1056 2117 ipse
1085 2056 1222 2102 dixit:
1260 2077 1280 2100 «
1311 2057 1484 2103 Coelum
1518 2067 1561 2102 et
1588 2067 1746 2102 terram

357 2148 377 2170 »
404 2145 482 2187 ego
504 2127 665 2187 impleo
681 2129 722 2168 Τ.)
751 2147 767 2168 »
787 2127 902 2180 Quid
924 2143 1024 2171 cum
1050 2126 1123 2171 illo
1146 2143 1236 2171 non
1258 2137 1322 2172 cst
1338 2163 1348 2182 ‚
1374 2127 1428 2172 de
1447 2143 1536 2188 quo
1557 2127 1716 2172 dieitur
1731 2163 1742 2183 ‚

358 2220 378 2243 «
406 2201 447 2246 Si
471 2198 704 2243 ascendero
731 2198 777 2241 in
799 2198 990 2253 eoelum,
1018 2207 1066 2241 tu
1082 2197 1169 2243 illic
1192 2215 1235 2243 es
1253 2235 1263 2253 ,
1285 2208 1328 2242 et
1349 2199 1383 2242 si
1414 2198 1678 2243 descendero
1700 2199 1746 2242 in

354 2291 375 2313 »
410 2271 659 2325 infernum,
689 2267 789 2314 ades
807 2272 849 2314 ³?
878 2272 1026 2314 »Cum
1058 2268 1132 2313 illo
1164 2279 1226 2314 est
1253 2279 1395 2314 totum
1431 2289 1438 2315 ε
1467 2269 1542 2313 sed
1580 2285 1668 2314 non
1686 2270 1745 2314 sie

351 2359 450 2388 eum
470 2342 546 2386 illo
570 2352 657 2397 est,
684 2351 734 2385 ut
751 2341 940 2401 aliquam
964 2358 1014 2385 ex
1032 2341 1096 2384 his
1120 2358 1218 2402 quae
1235 2341 1394 2385 creavit
1416 2341 1742 2398 contagionem,

353 2423 429 2457 aut
451 2429 603 2457 eorum
624 2412 905 2470 indigentiam
926 2412 1129 2471 patiatur.
1150 2415 1258 2457 Nam
1280 2421 1426 2456 tecum
1452 2420 1515 2455 est
1541 2410 1651 2455 forte
1669 2426 1745 2455 co-

354 2484 505 2528 lumna
522 2485 643 2543 juxta
662 2499 794 2544 quam
816 2493 900 2528 stas
915 2519 925 2538 ,
947 2493 989 2527 et
1007 2499 1105 2528 cum
1130 2482 1332 2541 fatigatus
1356 2481 1509 2537 fueris,
1530 2482 1746 2527 incumbis

405 2576 412 2590 ¹
429 2571 507 2600 Gen.
525 2581 549 2609 r,
570 2577 624 2601 ¹20.
647 2585 687 2590 ——-
708 2576 719 2590 ²
739 2571 857 2601 lorcin.
876 2580 965 2610 xxm,
985 2568 1039 2610 ¹2¹!
1061 2585 1103 2590 —
1125 2566 1137 2590 3
1156 2567 1232 2599 Psal.
1254 2575 1407 2608 cxxxvui,
1425 2567 1456 2598 8.
