1841 3223
229 248 469 278 ENARRA‘rio
501 250 516 276 1
548 249 594 276 ΙΝ
625 246 829 276 PsALMUM
860 248 1060 285 xxxvm,
1096 245 1222 274 SERM.
1259 248 1289 274 1.
1351 235 1434 274 167

19 314 25 316 ”
50 316 189 375 Migra
209 352 219 371 ‚
240 316 318 360 ubi
338 315 518 376 posuisti
540 330 629 359 non
660 323 724 358 est
749 323 868 358 tutus
886 314 1022 358 locus.
1043 314 1170 358 Certe
1192 311 1349 356 servire
1371 311 1435 356 vis
1470 362 1473 365 K

52 387 240 432 avaritiae
258 407 267 432 :
286 385 386 431 vide
400 400 455 429 ne
472 384 584 429 forte
606 393 649 429 et
670 385 750 444 ipsi
772 385 955 428 avaritiae
976 392 1188 443 congruat
1207 381 1438 428 consilium

52 474 214 503 meum.
240 458 412 502 Habere
433 456 550 500 enim
566 456 630 501 vis
651 454 772 516 quod
785 455 942 510 habes,
965 464 1008 499 et
1025 471 1115 500 non
1137 455 1318 515 perdere
1340 474 1349 500 ;
1375 470 1439 499 03-

50 530 184 575 tendo
205 529 286 573 tibi
306 529 454 574 locum
473 528 549 573 ubi
570 543 720 588 ponas.
742 529 805 573 Ne
824 527 1087 572 thesaurizes
1109 527 1154 570 in
1177 537 1312 582 terra,
1337 540 1438 572 nes-

49 600 164 645 ciens
193 600 264 645 cui
296 613 530 658 congreges
573 614 645 653 ea,
678 606 722 642 et
752 607 903 658 postea
931 596 1305 658 quemadmodum
1330 614 1440 643 con-

49 679 300 731 sumpturus
334 670 388 714 sit
419 670 495 730 qui
526 668 791 730 possidebit,
827 668 902 730 qui
937 667 1119 713 tenebit.
1157 670 1289 713 Forte
1323 670 1440 713 enim

49 756 263 802 possessus
295 739 567 801 possidebit,
605 748 648 784 et
686 740 809 800 quod
840 756 862 784 a
894 748 936 784 te
969 738 1148 783 habebit
1185 754 1274 784 non
1317 748 1440 784 tene-

49 812 129 856 bit.
182 814 314 856 Forte
360 825 462 856 cum
509 811 549 854 ei
591 826 733 855 servas
757 845 769 866 ‚
810 814 1047 871 antequam
1084 808 1158 854 ille
1192 810 1339 854 veniat
1391 819 1441 855 tu

51 883 216 942 perdes.
256 881 546 929 Sollicitudini
575 892 663 927 tuae
691 881 920 928 consilium
949 882 1006 927 do
1048 902 1056 927 :
1101 901 1120 924 «
1142 882 1443 926 Thesaurizate

54 973 75 996 »
109 953 230 999 vobis
248 954 504 998 thesaurum
524 954 570 997 in
591 952 704 998 coelo
722 957 753 997 ¹.
782 971 802 995 >2
837 953 918 998 Hic
939 954 983 997 in
1005 961 1119 997 terra
1141 953 1174 997 si
1195 951 1327 997 velles
1354 969 1445 997 ser-

49 1034 150 1070 vare
166 1024 352 1079 divitias,
373 1032 590 1085 quaereres
601 1024 808 1068 horreum
827 1044 835 1070 :
852 1024 965 1069 sorte
979 1039 1067 1068 non
1081 1022 1277 1069 crederes
1291 1021 1443 1069 domui

51 1104 138 1139 tuae
159 1104 338 1155 propter
359 1094 617 1139 domesticos
635 1103 734 1141 tuos
760 1114 769 1140 z
790 1093 1114 1139 commendares
1136 1093 1191 1139 ad
1212 1095 1354 1139 vicum
1371 1112 1442 1140 ar-

52 1165 298 1225 gentarium
328 1185 338 1210 :
365 1163 552 1209 difficilis
585 1173 648 1209 est
679 1165 797 1209 enim
824 1165 886 1209 ihi
912 1180 1062 1220 casus,
1098 1164 1171 1209 fur
1198 1182 1289 1210 non
1315 1165 1443 1210 facile

52 1237 219 1281 accedit
237 1272 248 1292 ,
282 1236 395 1281 bene
426 1236 572 1280 omnia
593 1245 834 1280 servantur.
861 1239 1005 1290 Quare
1029 1237 1107 1282 ista
1138 1238 1326 1297 cogitas,
1362 1237 1444 1282 nisi

51 1309 151 1367 quia
172 1323 262 1353 non
282 1307 417 1352 habes
439 1307 596 1352 melius
621 1308 699 1352 ubi
726 1310 897 1352 serves?
926 1309 1043 1362 Quid
1070 1309 1103 1353 si
1126 1308 1242 1353 dabo
1263 1307 1444 1354 melius?

51 1380 200 1426 Dicam
221 1378 302 1423 tibi
325 1378 447 1424 :Noli
469 1378 775 1424 commendare
797 1380 899 1424 huic
920 1380 1064 1425 minus
1081 1380 1239 1425 idoneo
1255 1417 1265 1437 ‚
1287 1382 1362 1425 sed
1379 1391 1444 1425 cst

51 1450 231 1512 quidam
252 1451 460 1506 idoneus,
493 1451 555 1495 1111
591 1451 849 1496 commenda
879 1472 888 1496 ε
918 1452 1052 1496 habet
1080 1468 1237 1511 magna
1258 1453 1439 1508 horrea,

51 1521 127 1565 ubi
148 1521 290 1581 perire
310 1528 400 1566 non
417 1522 583 1581 possint
604 1522 788 1580 divitiae3
814 1539 998 1582 magnus
1016 1539 1145 1583 super
1168 1539 1315 1568 omnes
1337 1524 1445 1569 divi-

53 1601 117 1637 tes
139 1591 258 1637 dives
275 1601 353 1636 est.
377 1595 474 1636 Jam
488 1591 601 1637 forte
618 1594 813 1638 dicturus
836 1610 879 1638 es
906 1614 913 1638 :
939 1596 995 1638 Et
1018 1595 1195 1654 quando
1217 1595 1356 1641 audeo
1370 1595 1445 1639 tali

52 1662 383 1708 commendare?
411 1663 525 1716 Quid
560 1664 593 1706 si
626 1664 717 1723 ipse
740 1675 784 1708 te
810 1665 1039 1708 hortatur?
1064 1668 1262 1723 Agnosce
1284 1665 1408 1710 illum
1430 1702 1440 1721 ‚

52 1749 142 1779 non
169 1733 311 1777 solum
334 1732 640 1793 paterfamilias
670 1744 757 1788 est,
801 1735 877 1778 sed
900 1745 943 1778 et
977 1734 1179 1779 dominus
1213 1745 1314 1780 tuus
1359 1746 1436 1781 est.

51 1804 163 1850 Nolo
178 1839 189 1859 ‚
212 1805 371 1863 inquit,
390 1818 510 1847 serve
524 1818 646 1847 meus
664 1803 817 1863 perdas
839 1805 1060 1864 peculium
1085 1815 1207 1850 tuum
1221 1842 1231 1861 ‚
1258 1823 1442 1866 agnosce

52 1875 128 1918 ubi
150 1888 312 1933 ponas:
337 1888 472 1933 quare
493 1873 553 1916 ibi
571 1874 696 1932 ponis
717 1873 795 1917 ubi
822 1875 954 1934 possis
984 1874 1181 1919 amittere
1200 1911 1210 1930 ‚
1241 1877 1318 1920 ubi
1342 1887 1385 1921 et
1409 1879 1442 1922 si

53 1960 143 1990 non
164 1944 333 1988 amittas
349 1979 360 1999 ‚
396 1944 458 1988 ibi
480 1959 732 2004 permanere
753 1955 965 2005 perpetuo
987 1955 1036 1990 tu
1056 1962 1144 1990 non
1178 1955 1299 2006 potes
1317 1949 1333 1990 ‘?
1366 1951 1444 1993 Est

54 2014 163 2060 alius
184 2014 321 2070 locus,
346 2030 436 2075 quo
458 2023 501 2058 te
517 2013 774 2059 transferam
798 2035 806 2060 :
833 2017 1056 2062 Praecedat
1073 2027 1115 2061 te
1141 2019 1260 2078 quod
1283 2018 1439 2078 habes3

53 2084 146 2130 noli
167 2086 319 2129 timere
346 2100 402 2129 ne
423 2084 605 2145 perda53
631 2085 757 2130 dator
780 2102 860 2146 ego
890 2103 1006 2131 eram
1022 2123 1033 2143 ‚
1071 2098 1215 2133 custos
1249 2104 1327 2148 ego
1349 2105 1438 2135 ero.

55 2156 168 2201 Dicit
185 2156 267 2200 tibi
289 2156 372 2200 hoc
395 2155 605 2200 Dominus
622 2165 723 2201 tuus
756 2177 765 2202 ;
785 2157 915 2202 fidem
940 2168 1060 2203 tuam
1079 2160 1296 2219 interroga
1312 2196 1322 2215 ‚
1343 2160 1442 2205 vide

56 2226 90 2270 si
101 2225 207 2271 velis
223 2225 286 2270 1111
301 2225 490 2271 credere.
508 2227 710 2272 Dicturus
723 2243 767 2272 es
786 2248 794 2273 :
812 2228 1036 2273 Perditum
1054 2230 1196 2274 habeo
1218 2231 1337 2290 quod
1352 2247 1442 2275 non

54 2297 197 2353 video,
215 2298 285 2342 hic
301 2296 412 2342 illud
424 2297 524 2343 volo
538 2298 699 2343 videre.
717 2303 828 2344 Dum
845 2302 908 2345 vis
926 2301 996 2346 hic
1014 2301 1177 2357 videre,
1193 2318 1274 2347 nec
1288 2303 1358 2347 hic
1377 2303 1442 2348 vi—

58 2368 179 2413 debis
194 2405 205 2424 ,
241 2378 284 2413 et
310 2370 372 2414 ibi
395 2369 504 2414 nihil
530 2370 726 2416 habebis.
751 2373 904 2418 Nescio
928 2389 1036 2433 quos
1059 2374 1283 2419 thesauros
1309 2375 1441 2420 habes

58 2438 335 2484 absconditos
355 2439 401 2483 in
421 2448 556 2496 terra,
582 2457 684 2485 cum
705 2442 924 2502 procedis,
951 2459 1041 2487 non
1067 2459 1139 2488 eos
1166 2453 1312 2489 tecum
1337 2461 1442 2505 por-

58 2517 137 2554 tas.
164 2509 330 2554 Venisti
352 2509 407 2554 ad
428 2510 695 2557 audiendum
716 2528 982 2569 sermonem,
1007 2513 1061 2558 ad
1085 2510 1349 2574 colligendas
1376 2516 1445 2561 in-

108 2600 115 2614 ¹
137 2593 251 2625 Manli.
274 2604 319 2635 vr,
343 2602 395 2626 20.
