1841 3223
357 155 410 195 34
797 168 830 194 s.
866 164 1098 194 Aucus'rnu
1131 167 1313 195 Emscom

414 233 534 276 XIV.
545 249 562 272 «
576 234 596 275 J
606 229 729 275 udiea
742 246 828 286 me,
840 232 1040 286 Domine,
1053 231 1296 277 seeundum
1305 233 1519 293 justitiam
1532 236 1691 277 meam¹
1701 268 1710 277 .
1721 252 1739 275 »

356 304 451 347 Hoc
473 311 551 356 est,
577 302 622 345 in
643 316 817 346 causam
837 315 991 344 meam.
1011 305 1107 347 Non
1121 302 1362 347 seeundum
1384 318 1562 362 poenam
1583 317 1740 358 meam,

353 373 431 417 sed
446 408 457 428 ,
479 393 497 414 «
519 371 769 417 Secundum
789 372 1002 432 justitiam
1024 388 1166 417 meam
1184 408 1195 429 ,
1221 374 1405 418 Domine
1427 377 1541 419 Deus
1562 388 1701 429 meus,
1722 392 1741 416 »

354 443 401 487 id
418 453 504 498 est,
530 441 868 487 secundumhoc
891 457 960 486 me
977 443 1140 502 judica.

412 516 509 557 XV.
526 531 543 552 «
556 515 613 557 Et
625 528 714 557 non
725 512 935 557 insultent
949 514 993 557 in
1006 528 1075 557 me
1090 533 1097 558 :
1116 534 1132 555 »
1152 514 1315 559 inimici
1329 515 1429 558 mei.
1449 534 1465 555 «
1486 517 1585 560 Non
1596 514 1746 558 dicant

357 603 377 625 »
411 584 456 626 in
473 582 604 628 eorde
619 599 697 628 suo
715 602 724 628 ε
745 587 883 642 Euge,
902 600 1028 643 euge,
1044 584 1198 628 animae
1214 586 1420 630 nostrae²z
1441 586 1516 628 »id
1530 594 1609 640 est,
1627 583 1747 629 Feci-

354 669 451 698 mus
465 654 586 714 quod
598 655 763 714 potuim
771 671 833 707 uS,
847 655 1100 710 occidimus,
1113 655 1387 699 abstulimus.
1406 674 1423 695 «
1436 658 1534 700 Non
1546 655 1693 699 dicant
1705 673 1714 698 ι
1725 674 1743 696 »

350 724 542 768 Ostende
571 726 672 785 quia
697 724 805 768 nihil
828 725 1041 769 fecerunt.
1065 744 1085 767 «
1107 727 1206 769 Non
1236 724 1407 770 dicant:
1427 725 1748 770 Absorbuimus

360 816 377 837 »
413 811 528 838 eum.
558 816 574 836 »
602 795 726 839 Unde
746 794 809 838 illi
827 798 1039 853 Martyres
1061 795 1215 839 dicunt
1237 814 1244 839 :
1272 816 1288 835 «
1311 796 1398 840 Nisi
1416 795 1518 855 quia
1538 796 1749 839 Dominus

357 885 376 907 »
412 875 504 910 erat
516 866 559 909 in
573 866 713 920 nobis,
726 865 906 909 fortasse
919 866 1038 910 vivos
1049 865 1374 909 absorbuissent
1386 867 1500 909 nos-⁰³.
1512 865 1655 919 »Quid
1667 875 1746 922 est,

358 955 376 976 «
412 935 751 980 Absorbuissent
772 938 875 980 nos?
902 955 920 976 »
952 938 1003 979 In
1026 950 1183 995 corpus
1206 951 1336 980 suum
1358 936 1624 996 trajecissent
1651 952 1745 981 nos.

353 1008 447 1050 Hoc
469 1007 585 1049 enim
603 1006 824 1061 absorbes,
849 1006 971 1066 quod.
991 1006 1037 1049 in
1059 1021 1215 1065 eorpus
1237 1015 1365 1050 tuum
1382 1006 1555 1066 trajicis.
1580 1005 1688 1050 Vult
1706 1014 1750 1050 te

351 1077 544 1121 mundus
559 1077 791 1121 absorbere
812 1096 821 1121 ε
849 1086 899 1121 tu
921 1077 1106 1121 absorbe
1128 1076 1368 1134 mundum,
1389 1077 1536 1137 trajice
1558 1076 1683 1121 illum
1705 1077 1750 1122 in

353 1162 512 1207 corpus
535 1157 678 1203 tuum,
701 1157 843 1192 macta
861 1157 905 1192 et
926 1147 1159 1192 manduca.
1176 1148 1307 1201 Quod
1321 1151 1450 1192 Petro
1471 1138 1746 1192 dictumest:

359 1237 378 1260 »
400 1222 542 1264 Macta
558 1229 601 1263 ct
613 1219 870 1264 manduca⁴:
888 1239 904 1261 »
913 1218 1061 1263 occide
1076 1220 1121 1263 in
1132 1220 1190 1263 eis
1203 1220 1324 1279 quod
1334 1229 1451 1275 sunt,
1463 1219 1532 1264 fac
1545 1235 1616 1264 eos
1630 1218 1752 1280 quod

354 1298 404 1333 tu
427 1305 484 1333 es.
520 1290 589 1333 Illi
612 1298 758 1334 autem
779 1299 931 1334 contra
961 1290 994 1334 si
1026 1290 1107 1333 tibi
1133 1290 1424 1349 persuaserint
1454 1291 1747 1349 impietatem,

354 1360 598 1405 absorberis
626 1361 681 1404 ab
710 1362 784 1404 eis.
810 1364 908 1405 Non
933 1360 1112 1420 quando
1142 1371 1468 1421 persequuntur
1492 1370 1562 1416 te,
1598 1361 1653 1405 ab
1685 1360 1751 1404 his

355 1432 623 1489 absorberis3
647 1430 722 1475 sed
744 1430 922 1491 quando
949 1431 1027 1475 [ibi
1049 1431 1313 1490 persuadent
1336 1430 1457 1492 quod
1478 1440 1594 1475 sunt.
1625 1451 1642 1472 «
1664 1433 1752 1476 Nec

360 1521 379 1545 »
415 1501 589 1546 dicant:
615 1501 931 1546 Absorbuimus
954 1516 1070 1545 eum.
1103 1522 1119 1541 »
1142 1504 1208 1545 Tu
1223 1502 1409 1546 absorbe
1431 1517 1588 1561 corpus
1612 1505 1751 1560 Paga—

353 1587 528 1617 norum.
555 1574 699 1625 Quare
721 1587 878 1631 eorpus
898 1574 1205 1629 PaganorumP
1228 1571 1336 1616 Vult
1352 1581 1395 1616 te
1415 1571 1663 1628 absorbere,
1683 1570 1753 1616 fac

355 1642 418 1686 illi
444 1641 565 1703 quod
590 1641 687 1687 vult
708 1641 786 1686 tibi
807 1642 964 1686 facere.
1000 1641 1104 1686 Ideo
1136 1641 1318 1686 fortasse
1340 1642 1504 1687 vitulus
1532 1641 1606 1686 ille
1628 1658 1752 1687 com-

357 1716 552 1761 minutus
573 1715 620 1759 in
639 1730 797 1775 aquam
821 1715 996 1769 missus,
1030 1723 1073 1757 et
1093 1723 1248 1774 potum
1270 1713 1398 1758 datus
1420 1723 1504 1769 est,
1532 1723 1582 1758 ut
1600 1714 1752 1759 absor-

357 1787 538 1832 beretur
556 1786 611 1830 ab
629 1785 761 1831 Israel
784 1800 942 1844 corpus
964 1785 1240 1844 impiorum&
1271 1803 1288 1824 «
1311 1784 1584 1828 Erubescant
1611 1794 1654 1828 et
1681 1800 1751 1829 re-

361 1878 380 1901 »
416 1867 650 1903 vereantur
667 1856 811 1911 simul,
828 1856 904 1915 qui
923 1855 1199 1914 gratulantur
1219 1854 1344 1898 malis
1361 1856 1467 1899 meis
1486 1875 1494 1900 :
1511 1856 1753 1900 induantur

314 1935 323 1945 '
362 1950 382 1973 »
417 1928 673 1974 confusione
690 1937 734 1972 et
753 1926 1043 1971 verecundia6
1063 1946 1071 1970 :
1102 1946 1120 1967 2»
1151 1935 1201 1970 ut
1223 1942 1301 1969 nos
1324 1925 1420 1970 illos
1443 1927 1753 1972 absorbeamus

358 2003 660 2046 erubescentes
691 2009 736 2043 et
759 1998 979 2043 confusos.
1018 2017 1035 2038 «
1065 1998 1149 2050 Qui
1184 1997 1373 2056 maligna
1405 1997 1651 2058 loquuntur
1673 1999 1752 2044 ad-

364 2092 384 2115 »
418 2087 590 2117 versum
606 2085 691 2115 me.
720 2091 737 2111 »
759 2069 827 2113 Illi
845 2070 1120 2124 erubescant,
1146 2067 1210 2112 illi
1225 2068 1570 2115 confundantur.

417 2146 539 2188 XVI.
571 2141 690 2196 Quid
710 2151 760 2185 tu
776 2142 865 2200 jam
889 2149 1021 2200 eaput
1041 2155 1139 2184 cum
1169 2140 1407 2184 membris?
1430 2160 1446 2180 «
1476 2140 1689 2186 Exultent
1710 2151 1755 2187 et

364 2235 385 2259 »
420 2214 626 2258 laetentur
659 2213 736 2272 qui
758 2211 912 2255 volunt
940 2211 1154 2272 justitiam
1186 2226 1327 2254 meam
1354 2230 1362 2255 :
1395 2211 1513 2271 »qui
1550 2213 1754 2258 haeserint

359 2285 531 2345 corpori
548 2299 660 2328 meo.
692 2302 708 2323 «
733 2285 791 2327 Et
809 2281 958 2326 dicant
979 2296 1148 2341 semper
1166 2301 1174 2326 ε
1195 2282 1500 2340 Magnificetur
1523 2284 1749 2340 Dominus,

363 2375 385 2399 »
419 2355 497 2415 qui
507 2353 663 2399 volunt
677 2367 830 2413 pacem
848 2352 957 2396 servi
974 2352 1078 2412 ejus.
1101 2354 1157 2395 Et
1178 2350 1330 2410 lingua
1351 2368 1448 2397 mea
1469 2354 1753 2399 meditabitur

410 2458 420 2475 ¹
442 2450 526 2484 Psal.
553 2460 664 2488 xxxiv,
688 2448 742 2491 24.
763 2466 804 2470 ——-
821 2454 834 2471 ²
859 2447 940 2479 Ibid.
961 2446 1017 2479 25.
1035 2464 1076 2469 —
1097 2444 1111 2469 3
1130 2448 1300 2490 Id.cxx111,
1323 2460 1335 2480 1
1365 2453 1400 2482 et
1414 2448 1445 2482 3.
1462 2467 1503 2473 —-
1522 2448 1539 2480 4
1558 2453 1629 2484 Act,
1647 2462 1680 2493 x,
1699 2451 1749 2484 13,

363 2525 406 2534 —
422 2505 438 2532 ⁵
451 2506 551 2541 Exod.
568 2516 673 2547 xxm,
691 2515 745 2538 20.
773 2521 814 2527 —-
833 2502 849 2527 ⁶
862 2503 942 2536 Psal.
965 2513 1073 2545 xxmv,
1097 2503 1150 2535 26.
