1841 3223
227 260 469 291 ENARRAno
501 264 534 289 11
567 263 613 290 nv
645 262 848 290 PSALMUM
880 263 1045 299 xxxvi,
1081 259 1206 289 SERM.
1244 264 1291 288 η.
1380 250 1434 289 85

51 345 71 370 »
84 336 241 372 terram
254 326 508 372 haereditate
524 346 533 371 2
551 345 572 368 »
587 336 715 370 erunt
723 329 757 386 ej
764 343 813 371 us
831 325 1094 382 cohaeredes,
1105 325 1271 370 interra
1284 325 1358 370 illa
1370 326 1433 370 vi-

46 397 259 453 ventium,
284 397 339 441 de
361 413 448 457 qua
469 396 629 440 dicitur
645 397 690 439 in
708 396 791 440 alio
810 396 980 441 Psalmo
1001 415 1010 441 :
1033 398 1173 456 «Spes
1194 410 1290 440 mea
1307 411 1350 440 es
1365 405 1430 451 tu,

48 467 228 528 »portio
244 482 340 510 mea
351 466 397 510 in
410 475 522 510 terra
540 465 781 511 viventium
801 468 832 509 1.
851 469 915 510 Tu
935 483 977 510 es
995 467 1086 526 ipsa
1108 466 1252 526 portio
1275 481 1394 522 mea,
1408 484 1430 507 »
1458 482 1461 485 “

44 537 190 598 inquit
210 540 316 593 Deo,
336 545 380 581 et
396 551 487 581 non
507 536 728 580 dubitavit
747 539 887 580 Deum
908 536 988 580 sibi
1010 536 1150 581 facere
1167 537 1431 597 portionem.

49 628 70 652 «
85 607 349 654 Haereditate
356 607 556 668 possideb
563 616 641 651 unt
652 616 827 651 terram.
840 606 1148 652 Maledicentes
1160 619 1306 653 autern
1314 624 1413 653 eum
1421 643 1433 664 ,

46 697 68 723 »
85 680 333 740 disperient.
353 698 373 722 »
397 682 454 724 Ut
475 687 620 723 autem
637 677 901 722 benedicant
918 678 994 738 qui
1012 678 1301 735 benedicunt,
1322 695 1437 739 prae-

43 751 193 795 stitum
214 760 280 795 est
299 751 373 795 eis.
397 753 509 796 Nam
530 759 712 794 ventum
736 758 801 793 est
822 750 878 793 ad
899 748 1208 794 maledicentes
1225 785 1236 805 ,
1265 759 1308 794 et
1330 750 1435 794 facti

42 830 146 866 sunt
167 821 473 866 benedicentes
501 828 514 866 ε’
542 821 692 881 etjam
715 820 774 864 sic
802 819 1093 881 disperierunt
1123 819 1435 864 maledicentes

42 908 166 948 eum,
197 907 298 937 cum
327 893 420 952 ejus
447 907 630 936 munere
670 890 775 936 facti
807 900 909 936 sunt
942 890 1272 946 benedicentes,
1301 906 1435 951 quem

41 963 158 1008 malo
180 979 259 1008 suo
279 961 623 1018 maledicebant,
646 962 765 1007 bono
787 971 932 1007 autem
948 961 1082 1022 ipsius
1103 961 1386 1006 benedicunt.

99 1035 197 1078 XV.
232 1032 389 1078 Videte
404 1031 512 1093 quid
533 1033 729 1093 sequitur
755 1052 764 1078 ε
801 1052 821 1075 ιι
840 1036 878 1077 Α
899 1033 1084 1078 Domino
1101 1048 1268 1092 gressus
1290 1033 1435 1077 homi-

44 1121 66 1147 »
100 1103 166 1148 nis
188 1102 446 1163 dirigentur,
471 1111 515 1147 et
533 1103 647 1147 viam
669 1104 762 1163 ejus
782 1102 941 1148 volet2.
957 1121 977 1145 »
999 1106 1096 1164 Ipse
1117 1104 1250 1148 homo
1267 1103 1435 1148 utvelit

41 1174 157 1220 viam
179 1174 375 1229 Domini,
410 1173 466 1217 ab
502 1173 596 1233 ipso
630 1173 817 1218 Domino
848 1173 1098 1232 diriguntur
1121 1190 1289 1233 gressus
1321 1175 1430 1234 ejus.

40 1246 152 1291 Nam
174 1244 209 1288 si
230 1244 442 1289 Dominus
464 1259 555 1288 non
577 1243 784 1302 dirigeret
805 1258 971 1302 gressus
987 1244 1193 1300 hominis,
1210 1253 1298 1287 tam
1314 1243 1437 1303 pravi

41 1323 185 1371 erant,
210 1323 260 1360 ut
289 1329 459 1374 semper
479 1329 558 1375 per
588 1330 720 1374 prava
749 1314 861 1359 irent
879 1350 889 1370 ,
916 1324 960 1359 et
987 1315 1158 1359 semitas
1179 1330 1333 1360 curvas
1366 1330 1434 1359 se-

39 1385 218 1447 quendo
234 1384 376 1430 redire
397 1400 487 1430 non
505 1394 694 1445 possent.
721 1386 852 1430 Venit
874 1394 1021 1429 autem
1042 1385 1137 1441 ille,
1167 1395 1210 1430 et
1231 1386 1403 1431 vocavit
1419 1421 1431 1441 ‚

40 1464 85 1500 et
104 1455 310 1511 redemit,
336 1463 380 1499 et
394 1456 651 1514 sanguinem
673 1454 790 1501 fudit
809 1475 818 1501 ι
844 1456 928 1500 hoc
950 1456 1140 1514 pretium
1163 1456 1286 1501 dedit
1303 1492 1314 1512 ,
1341 1457 1435 1502 haec

39 1527 157 1573 bona
181 1525 297 1582 fecit,
322 1535 366 1571 et
383 1525 496 1571 mala
518 1541 666 1586 passus
688 1535 766 1569 est.
788 1524 980 1571 Attende
1001 1542 1101 1586 quae
1122 1525 1275 1571 fecerit
1292 1531 1434 1585 3Deus

39 1607 104 1643 est
140 1618 150 1644 :
186 1597 362 1643 attende
384 1614 484 1658 quae
503 1612 653 1658 passus
675 1596 755 1655 sit3
789 1597 924 1642 homo
945 1606 1023 1641 est.
1062 1598 1169 1651 Quis
1200 1598 1281 1643 iste
1317 1602 1433 1643 Deus

38 1669 206 1714 homo?
229 1669 271 1714 Si
294 1677 369 1725 tu,
396 1684 422 1713 o
443 1669 576 1712 homo
593 1703 604 1722 ,
629 1683 721 1713 non
742 1667 981 1712 dimitteres
1002 1671 1142 1712 Deum
1159 1704 1170 1723 ‚
1196 1684 1287 1714 non
1307 1670 1433 1714 fieret

38 1752 120 1798 pro
136 1747 179 1782 te
197 1741 312 1781 Deus
332 1739 480 1782 homo.
507 1740 667 1782 Parum
688 1737 804 1781 enim
829 1737 907 1781 tibi
930 1746 1021 1781 erat
1042 1737 1096 1782 ad
1115 1740 1431 1784 remuneratio-

39 1824 142 1853 nem
157 1808 226 1853 vel
249 1807 304 1852 ad
321 1807 486 1854 donum
506 1809 596 1868 ejus
612 1843 624 1863 ,
645 1807 747 1868 quia
767 1817 810 1852 et
824 1808 1048 1853 hominem
1068 1817 1111 1852 te
1134 1808 1258 1864 fecit,
1283 1810 1364 1853 nisi
1387 1819 1432 1854 et

39 1880 174 1925 homo
194 1895 274 1940 pro
296 1888 338 1924 te
363 1880 518 1924 fieret?
535 1883 632 1939 Ipse
653 1888 717 1924 est
736 1879 851 1924 enim
874 1879 950 1940 qui
967 1879 1122 1923 direxit
1142 1895 1309 1938 gressus
1326 1897 1430 1925 nos-

40 1960 129 1996 tros
148 1986 160 2006 ‚
184 1959 237 1994 ut
256 1950 370 1996 viam
394 1951 486 2011 ejus
506 1949 730 1995 vellemus.
754 1953 824 1995 «A
846 1950 1032 1996 Dom‘mo
1057 1966 1222 2009 gressus
1242 1951 1431 1996 hominis

43 2039 65 2063 »
100 2020 359 2080 dirigentur,
382 2030 427 2065 et
445 2020 561 2066 viam
583 2022 675 2082 ejus
693 2019 824 2065 volet.
849 2039 869 2062 »

99 2093 219 2136 XVI.
243 2093 343 2135 Jam
364 2106 467 2136 cum
488 2091 679 2151 sequeris
704 2090 820 2135 viam
841 2091 1030 2146 Christi,
1060 2106 1150 2137 non
1176 2091 1257 2136 tibi
1285 2092 1432 2136 saeculi

40 2162 346 2222 prosperitates
368 2162 610 2221 promittas.
636 2164 718 2206 Per
739 2160 848 2206 dura
876 2161 1143 2219 ambulavit,
1175 2161 1250 2207 sed
1274 2178 1432 2222 magna

41 2231 254 2294 promisit.
283 2235 485 2293 Sequere.
508 2230 607 2278 Noli
623 2241 796 2276 tantum
817 2232 1041 2277 attendere
1069 2249 1156 2294 qua
1176 2234 1314 2277 iturus
1330 2269 1340 2289 ,
1356 2233 1433 2279 sed

42 2314 87 2349 et
106 2319 196 2364 quo
217 2312 427 2348 venturus
459 2302 529 2347 sis.
567 2302 788 2348 Tolerabis
817 2304 926 2347 dura
952 2304 1206 2364 temporalia
1223 2339 1234 2358 ,
1264 2304 1341 2349 sed
1375 2304 1431 2349 ad

34 2374 142 2419 -laeta
162 2373 386 2433 pervenies
404 2373 680 2433 sempiterna.
709 2373 752 2418 Si
778 2374 842 2418 vis
873 2374 1084 2417 sustinere
1108 2374 1304 2419 laborem
1319 2410 1330 2430 ,
1362 2383 1431 2419 at-

44 2443 176 2488 tende
196 2443 458 2488 mercedem.
483 2447 593 2489 Nam
611 2453 654 2488 et
667 2445 887 2504 operarius
909 2445 954 2488 in
977 2444 1102 2489 vinea
1117 2443 1336 2501 deficeret,
1354 2446 1435 2489 nisi

50 2513 294 2560 attenderet
325 2514 432 2576 quid
456 2525 712 2575 accepturus
742 2525 865 2560 esset.
896 2518 1009 2561 Cum
1032 2524 1177 2560 autem
1200 2516 1434 2561 attenderis

100 2604 111 2620 ¹
129 2598 210 2631 Psal.
229 2609 312 2640 exn,
329 2599 362 2631 6.
379 2616 421 2622 ·—-
441 2606 454 2622 ²
475 2600 521 2631 Id,
541 2610 652 2640 xxxvi,
671 2597 724 2630 23.
