1841 3223
373 222 455 262 170
767 231 801 259 S.
838 232 1068 260 Ausus-mm
1101 234 1281 261 EPISCOPI

371 310 517 344 autem
539 300 617 344 ista
640 308 683 343 et
714 308 814 342 ante
835 299 1032 344 homines
1054 309 1131 344 est.
1161 303 1328 345 Aurum
1346 299 1480 345 habes
1496 333 1507 355 ‚
1527 310 1757 359 argentum

369 372 503 415 habes
519 407 529 426 ,
556 369 768 428 mancipia
782 404 792 424 ‚
817 369 980 429 praedia
995 406 1006 425 ,
1036 371 1210 415 arbores
1228 407 1238 427 ‚
1259 387 1415 431 pecora
1432 407 1442 426 ‚
1470 386 1638 424 servos;
1663 372 1757 416 haec

367 443 505 487 videri
529 451 571 486 et
599 442 654 486 ab
678 442 931 486 hominibus
952 453 1134 502 possunt
1162 463 1170 488 :
1198 452 1261 487 est
1291 443 1494 504 quaedam
1519 443 1758 487 substantia

370 522 470 556 ante
489 522 530 556 te
547 527 729 572 semper.
760 531 780 554 «ι
804 515 861 556 Et
880 513 1119 558 substantia
1143 529 1238 557 mea
1258 524 1358 558 ante
1378 524 1420 557 te
1442 523 1505 558 est
1526 528 1708 574 semper.
1732 532 1754 556 »

427 585 547 627 XIV.
587 602 607 626 «
641 583 710 627 Ab
746 584 948 628 omnibus
980 584 1280 645 iniquitatibus
1314 585 1420 629 meis
1455 600 1557 629 erue
1592 587 1704 630 me¹.
1733 603 1754 627 »

368 655 508 701 Multa
535 655 767 710 transilivi,
794 656 932 700 multa
954 656 1132 716 quidem
1161 656 1370 702 transilivi
1391 677 1400 702 ε
1422 658 1496 702 sed
1522 677 1542 699 «
1570 658 1613 703 Si
1635 658 1758 702 dixe-

372 745 393 768 »
429 727 583 782 rimus,
609 727 710 787 quia
734 736 962 786 peecatum
986 743 1072 771 non
1097 728 1309 772 habemus
1325 764 1336 783 ‚
1361 744 1440 773 nos
1462 729 1575 788 ipsos
1591 728 1757 789 decipi—

371 816 393 839 »
427 813 548 852 mus,
585 806 628 841 et
648 798 804 841 veritas
826 798 871 841 in
898 797 1024 842 nobis
1046 814 1136 842 non
1157 808 1221 843 est
1233 803 1264 844 ¹².
1300 817 1321 840 »
1347 799 1486 844 Multa
1509 797 1719 845 transilivi
1745 819 1755 845 ε

369 868 444 913 sed
466 867 610 913 adhuc
632 868 772 913 tundo
795 877 946 928 pectus
967 903 977 923 ‚
1004 878 1047 913 et
1068 869 1166 914 dieo
1187 889 1195 915 :
1225 888 1244 912 «
1270 870 1448 914 Dimitte
1465 870 1589 915 nobis
1611 869 1758 915 debita

373 958 393 981 »
429 949 598 995 nostra,
636 940 747 983 sieut
768 948 811 983 et
833 955 911 983 nos
932 938 1192 985 dimittimus
1215 939 1486 985 debitoribus
1509 941 1705 986 nostris3.
1733 959 1754 982 »

372 1013 438 1055 Tu
469 1025 572 1068 ergo
602 1010 842 1070 expectatio
865 1025 982 1065 mea,
1015 1011 1112 1055 finis
1138 1027 1275 1055 meus.
1306 1030 1327 1054 «
1350 1011 1469 1055 Finis
1490 1012 1606 1056 enim
1634 1012 1760 1071 Legis

371 1100 392 1124 »
428 1081 626 1126 Christus
660 1081 716 1126 ad
741 1082 953 1142 justitiam
974 1085 1091 1127 omni
1115 1083 1355 1128 credenti‘K
1388 1084 1456 1128 Ab
1477 1083 1705 1140 omnibus,
1735 1102 1756 1124 »

368 1169 458 1198 non
481 1153 622 1198 solum
645 1154 699 1198 ab
722 1154 781 1198 eis
800 1190 811 1209 ‚
838 1169 894 1199 ne
916 1154 1114 1199 revolvar
1138 1157 1183 1199 in
1212 1171 1261 1200 ea
1285 1171 1384 1216 quae
1416 1155 1625 1200 transilivi
1650 1175 1658 1200 ;
1684 1153 1761 1199 sed

369 1225 424 1270 ab
447 1226 650 1270 omnibus
673 1226 868 1280 omnino,
894 1236 1072 1286 propter
1087 1243 1186 1287 quae
1204 1227 1313 1271 mibi
1329 1226 1461 1271 modo
1483 1235 1634 1286 peetus
1655 1235 1760 1270 tun-

367 1298 474 1341 dens
494 1297 592 1342 dieo
613 1317 622 1342 ε
651 1317 670 1339 «
692 1298 869 1342 Dimitte
884 1298 1008 1342 nobis
1023 1298 1169 1342 debita
1193 1307 1354 1342 nostra.
1374 1298 1440 1342 Ab
1462 1297 1664 1342 omnibus
1683 1298 1760 1341 ini-

369 1387 390 1410 »
427 1369 668 1429 quitatibus
682 1370 787 1413 meis
809 1385 912 1414 erue
941 1385 1010 1413 me
1026 1406 1036 1425 ‚
1055 1370 1150 1414 »ita
1179 1371 1440 1429 sapientem,
1472 1379 1515 1413 et
1537 1378 1759 1414 tenentem

367 1439 488 1500 quod
510 1440 569 1484 ait
588 1440 821 1499 Apostolus
845 1461 853 1485 z
880 1443 1144 1501 «Quotquot
1167 1456 1268 1499 ergo
1290 1440 1472 1500 perfecti
1489 1456 1653 1494 summ,
1675 1441 1759 1484 hoe

369 1528 390 1551 »
425 1511 656 1570 sapiamus.
690 1513 841 1556 »Cum
869 1514 986 1555 enim
1010 1527 1055 1555 se
1077 1512 1241 1556 diceret
1261 1511 1459 1556 nondum
1483 1527 1570 1555 esse
1587 1511 1758 1571 perfee-

367 1590 477 1636 tum⁷
503 1582 563 1626 ibi
578 1583 787 1627 continuo
805 1592 977 1627 secutus
993 1583 1050 1627 ait
1069 1603 1077 1627 ε
1098 1602 1117 1625 «
1130 1586 1358 1643 Quotquot
1373 1598 1474 1641 ergo
1485 1581 1666 1642 perfecti
1683 1598 1758 1626 su-

368 1670 389 1693 »
424 1669 520 1697 mus
537 1689 547 1704 ,
566 1654 648 1698 hoe
668 1654 899 1713 sapiamus,
923 1672 942 1695 »
962 1654 1077 1707 Quid
1098 1663 1161 1699 est
1178 1690 1188 1709 ‚
1210 1657 1475 1714 «Quotquot
1495 1653 1675 1713 perfecti
1688 1670 1760 1698 su-

368 1742 389 1765 »
420 1725 542 1767 mus?
554 1743 572 1765 »
586 1727 681 1768 Jam
697 1724 868 1768 dudum
880 1735 928 1768 tu
944 1725 1124 1779 dixeras,
1141 1729 1270 1771 «Non
1285 1727 1485 1785 quiajam
1499 1726 1755 1785 acceperim,

367 1813 388 1836 »
425 1804 501 1839 aut
531 1795 623 1855 jam
649 1796 868 1854 perfectus
892 1796 987 1838 sim.
1020 1813 1040 1836 »
1068 1797 1257 1854 Sequere
1291 1795 1490 1839 ordinem
1521 1795 1754 1840 dictorum.

368 1885 389 1909 «
425 1869 572 1911 Unum
596 1875 742 1910 autem
760 1902 770 1921 ‚
796 1883 896 1927 quae
919 1875 1033 1910 retro
1058 1865 1220 1911 oblitus
1239 1902 1250 1921 ‚
1273 1866 1318 1909 in
1342 1881 1391 1909 ea
1414 1883 1512 1926 quae
1535 1876 1635 1911 ante
1657 1876 1759 1912 sunt

366 1955 387 1979 »
422 1946 636 1993 extentus,
654 1936 895 1981 seeundum
914 1937 1200 1981 intentionem
1220 1951 1393 1997 sequor,
1413 1937 1467 1981 ad
1480 1936 1667 1996 palmam
1687 1953 1758 1982 su-

365 2027 386 2051 »
422 2025 569 2069 pernae
592 2009 829 2054 vocationis
847 2009 923 2053 Dei
946 2010 990 2052 in
1014 2009 1187 2054 Christo
1212 2012 1314 2053 Jesu
1329 2011 1358 2052 ⁵.
1383 2027 1403 2050 »
1432 2008 1536 2053 Ideo
1558 2008 1757 2054 nondum

361 2079 601 2141 perfectus,
636 2081 736 2141 qnia
765 2080 960 2140 sequitur
995 2079 1050 2123 ad
1074 2080 1258 2140 palmam
1293 2095 1493 2140 supernae
1519 2081 1757 2125 vocationis

362 2152 440 2198 Dei
461 2188 471 2207 ‚
500 2167 633 2213 quam
663 2151 861 2196 nondum
881 2152 1074 2206 invenit,
1093 2152 1146 2196 ad
1169 2169 1302 2213 quam
1321 2152 1517 2197 nondum
1540 2154 1751 2212 pervenit.

364 2224 407 2269 Si
432 2232 579 2267 autem
602 2239 691 2267 non
714 2232 776 2267 est
794 2222 1038 2283 pei·feetuS‚
1054 2224 1155 2284 quia
1179 2240 1269 2267 non
1290 2223 1394 2267 illue
1412 2224 1632 2283 pervenit,
1658 2223 1754 2284 quis

361 2303 559 2338 nostrum
586 2294 805 2354 perfectus
837 2296 930 2338 est?
960 2296 1121 2337 Tamen
1152 2295 1347 2354 sequitur
1378 2303 1421 2338 et
1443 2295 1502 2338 ait
1526 2313 1534 2338 :
1566 2313 1585 2335 «
1610 2297 1753 2348 Quot-

362 2383 383 2406 »
418 2377 523 2426 quot
546 2366 659 2409 enim
680 2364 882 2426 perfecti,
907 2366 991 2410 hoe
1015 2365 1245 2425 sapiamus.
1270 2384 1290 2407 »
1317 2368 1381 2409 Tu
1404 2381 1493 2409 non
1516 2381 1559 2409 es
1583 2366 1750 2424 perfee-

359 2446 428 2481 tus
443 2472 453 2491 ,
485 2452 511 2480 o
535 2436 740 2496 Apostole
757 2473 767 2492 ⁷
793 2446 837 2481 et
859 2452 936 2481 nos
960 2436 1165 2496 perfecti?
1190 2435 1274 2481 Sed
1296 2435 1453 2481 excidit
1470 2436 1614 2491 vobis,
1642 2437 1746 2497 quia

408 2539 417 2556 ¹
433 2533 512 2565 psat.
529 2544 658 2575 xxxviu,
673 2545 706 2576 9.
726 2551 766 2557 —-
784 2541 796 2557 2
814 2546 825 2565 1
846 2536 937 2566 Joan.
958 2545 980 2574 i,
1001 2533 1032 2565 8.
1050 2531 1118 2556 —3
1142 2533 1256 2565 Matth.
1277 2545 1323 2574 w,
1348 2542 1397 2565 12.
1422 2550 1458 2556 -·-
1473 2531 1488 2562 4
1502 2536 1593 2565 Rom.
1613 2544 1645 2574 x,
1661 2532 1747 2575 4-

361 2588 376 2612 5
396 2588 507 2632 Philip.
528 2600 574 2631 ιιι,
599 2590 714 2621 1'2-15.
