1841 3223
445 246 686 276 ENARRATIO
718 250 761 276 m
795 247 998 277 PsALMUM
1031 249 1070 275 L.
1366 236 1449 277 445

71 312 178 357 dum
200 311 362 357 foedius
390 321 434 356 et
458 312 652 372 putidius
672 315 763 358 est?
785 311 984 371 Confuge
1003 326 1105 371 ergo
1129 310 1183 355 ad
1201 310 1416 357 medicum
1438 348 1464 369 ‚-

71 397 148 441 age
164 381 490 442 poenitentiam,
517 381 611 426 dic:
642 401 661 423 «
681 383 958 442 Iniquitateni
973 397 1114 426 meam
1136 397 1216 441 ego
1245 399 1451 442 agnosco,

74 469 95 494 »
116 461 160 496 et
175 461 402 511 peccatum
424 466 570 495 meum
594 461 692 496 ante
710 467 780 495 me
793 461 856 495 est
873 467 1054 511 semper.
1080 470 1100 492 »

131 524 209 566 IX.
240 541 260 565 «
288 521 384 566 Tibi
405 521 483 566 soli
505 522 679 581 peccavi
693 557 703 577 ‚
725 531 767 566 et
788 522 1028 581 malignum
1050 537 1194 567 coram
1218 532 1260 568 te
1279 522 1360 569 feci
1374 527 1402 568 ¹.
1432 543 1452 568 »

72 592 188 646 Quid
205 601 268 636 est
279 592 388 637 hoc?
405 594 563 637 Coram
583 592 834 637 hominibus
851 594 966 637 enim
987 608 1077 638 non
1099 603 1190 638 erat
1218 594 1457 641 adulterata

72 679 180 708 uxor
197 663 355 719 aliena,
380 672 424 708 et
445 663 624 708 maritus
658 663 872 708 occisus²i³
895 666 1050 708 Nonne
1077 678 1225 709 omnes
1247 677 1459 712 noverant

73 731 194 794 quod
215 731 348 778 David
383 731 574 778 fecerat?
605 731 722 787 Quid
758 742 846 778 est:
887 753 907 775 «
944 733 1039 777 Tibi
1076 733 1154 778 soli
1191 737 1365 794 peccavi
1380 772 1391 792 ,
1418 746 1461 782 et

76 823 97 847 »
118 802 358 864 malignum
377 820 522 849 coram
545 813 586 849 te
608 804 723 849 feci?
743 822 763 846 »
784 803 894 857 Quia
928 813 975 848 tu
999 803 1113 849 solus
1141 805 1230 850 sine
1263 817 1457 866 peccato.

76 874 156 920 Ille
170 875 313 935 justus
334 875 514 935 punitor
529 910 539 930 ,
557 875 634 935 qui
655 890 743 920 non
768 875 903 919 habet
925 875 1046 935 quod
1063 875 1107 918 in
1126 873 1202 920 illo
1224 877 1456 936 puniatur:

72 945 144 991 ille
152 946 296 1006 justus
320 947 623 1007 reprehensor,
645 947 720 1007 qui
743 961 832 991 non
853 947 987 990 habet
1011 946 1131 1007 quod
1158 947 1202 991 in
1224 947 1298 993 illo
1323 966 1462 1010 repre-

72 1017 306 1062 hendatur.
329 1036 349 1060 «
371 1017 468 1061 Tibi
490 1015 589 1073 soli,
607 1018 772 1078 inquit,
787 1017 978 1077 peccavi,
997 1026 1039 1062 et
1059 1017 1297 1078 malignum
1317 1037 1461 1066 coram

77 1106 98 1130 »
124 1097 165 1132 te
186 1085 269 1133 feci
291 1107 299 1133 ε
321 1097 370 1132 ut
387 1088 632 1148 justificeris
651 1088 985 1132 in·sermonibus
1008 1088 1093 1133 tuis
1111 1123 1121 1144 ,
1138 1090 1341 1136 etvincas
1361 1108 1461 1136 cum

77 1176 97 1202 »
114 1158 335 1219 judicaris.
364 1178 384 1202 »
411 1159 492 1204 Cui
524 1158 639 1204 dicat
659 1195 669 1214 ‚
704 1159 880 1214 fratres,
914 1160 985 1204 cui
1018 1158 1159 1215 dicat,
1201 1160 1377 1206 difficile
1400 1173 1463 1208 cst

75 1230 313 1275 advertere.
342 1235 427 1274 Deo
448 1230 602 1290 utique
629 1228 847 1290 loquitur,
886 1240 929 1274 et
951 1228 1228 1275 manifestum
1257 1243 1320 1277 est
1348 1251 1462 1294 quo-

74 1298 206 1345 modo
228 1306 336 1345 Deus
359 1303 485 1345 Pater
505 1316 593 1344 non
616 1309 679 1344 est
692 1300 925 1361 judicatus.
954 1300 1073 1354 Quid
1095 1311 1177 1357 est,
1210 1322 1228 1345 «
1267 1304 1361 1348 Tibi
1384 1304 1465 1351 soli

77 1389 100 1414 »
124 1372 319 1432 peccavi,
356 1380 399 1415 ct
422 1371 661 1429 malignum
689 1387 832 1416 corani
861 1382 903 1416 te
930 1370 1035 1427 feci,
1068 1382 1117 1416 ut
1142 1375 1388 1434 justificeris
1417 1376 1463 1420 in

77 1459 100 1485 »
126 1441 397 1487 sermonibus
412 1442 513 1497 tuis,
529 1450 572 1485 et
585 1442 730 1487 vincas
744 1458 845 1487 cum
853 1442 1084 1502 judicaris?
1096 1444 1251 1488 »Videt
1264 1446 1464 1491 futurum

71 1512 264 1573 judicem
278 1511 590 1573 judicandum,
611 1512 899 1573 judicandum
915 1528 936 1556 a
962 1514 1260 1570 peccatoribus
1276 1517 1462 1576 justum,

78 1593 122 1628 et
141 1584 188 1627 in
209 1599 261 1629 eo
281 1584 526 1629 vincentem
540 1619 550 1638 ,
566 1584 666 1644 quia
682 1584 803 1644 quod
816 1583 860 1627 in
876 1582 950 1627 illo
964 1584 1235 1643 judicaretur
1250 1602 1338 1631 non
1357 1598 1463 1633 erat.

80 1654 204 1700 Solus
219 1655 335 1699 enim
352 1655 397 1699 in
415 1655 667 1700 hominibus
686 1669 838 1699 verum
856 1654 1000 1699 dicere
1017 1657 1160 1715 potuit
1174 1657 1304 1703 homo
1323 1662 1434 1704 Deus
1453 1675 1462 1701 :

81 1727 125 1771 Si
145 1725 367 1771 invenistis
383 1725 429 1769 in
449 1741 519 1770 me
541 1735 769 1785 peccatum
788 1761 798 1781 ,
823 1725 967 1770 dicite.
997 1727 1082 1770 Sed
1099 1725 1211 1772 forte
1234 1739 1325 1773 erat
1348 1730 1468 1790 quod

78 1795 276 1841 homines
287 1795 450 1840 latebat
461 1831 471 1851 ,
491 1805 533 1840 et
546 1811 635 1840 non
652 1795 930 1840 inveniebant
947 1795 1009 1839 illi
1030 1798 1149 1857 quod
1165 1809 1255 1843 erat
1270 1799 1466 1860 quidem,

81 1865 156 1912 sed
185 1866 466 1911 manifestum
486 1881 575 1911 non
611 1867 732 1928 erat?
770 1865 867 1910 Alio
891 1865 987 1910 loco
1029 1867 1088 1911 ait
1114 1887 1122 1912 ε
1163 1887 1182 1910 «
1209 1872 1322 1914 Ecce
1353 1871 1474 1915 venit

84 1955 105 1979 »
131 1937 330 1997 princeps
358 1936 539 1992 mundi,
567 1954 587 1977 n
616 1945 767 1980 acutus
795 1935 1015 1995 inspector
1045 1938 1242 1982 omnium
1272 1951 1473 1999 peccato-

82 2023 178 2052 rum
203 2027 212 2053 2
243 2028 264 2051 «
294 2011 406 2053 Ecce
427 2043 438 2064 ‚
473 2007 640 2068 inquit,
670 2007 790 2052 venit
824 2007 1024 2068 princeps
1060 2009 1214 2054 mundi
1253 2011 1380 2071 hujus
1403 2048 1413 2068 ,
1448 2031 1468 2055 >›

84 2087 224 2124 morte
246 2078 441 2138 affligens
467 2087 716 2138 peccatores
738 2078 996 2137 praepositus
1025 2080 1175 2124 mortis
1211 2100 1219 2125 :
1257 2101 1276 2124 «
1303 2083 1471 2127 Invidia

87 2167 108 2191 »
133 2148 249 2193 enim
269 2147 433 2193 diaboli
457 2163 572 2193 mors
602 2147 780 2192 intravit
801 2148 847 2191 in
872 2148 1023 2192 orbem
1045 2154 1301 2195 terrarumss.
1333 2155 1446 2197 Ecce
1461 2188 1472 2209 ‚

88 2236 110 2260 »
135 2218 300 2279 inquit,
323 2218 445 2262 venit
460 2218 659 2278 princeps
678 2216 832 2261 mundi
854 2218 985 2277 hujus
1013 2237 1021 2262 ς
1041 2220 1058 2276 (
1081 2218 1192 2263 dixit
1213 2221 1306 2265 haec
1328 2223 1475 2281 proxi-

88 2306 110 2330 »
135 2303 232 2332 mus
252 2287 466 2348 passioni:
491 2289 508 2347 )
526 2297 570 2332 et
590 2287 635 2332 in
651 2303 721 2332 me
739 2287 847 2332 nihil
865 2288 1058 2332 inveniet
1075 2323 1086 2344 ,
1110 2307 1129 2331 »
1152 2290 1261 2334 nihil
1283 2294 1447 2351 peccati
1461 2329 1473 2351 ‚

88 2358 197 2402 nihil
208 2367 348 2403 morte
360 2357 559 2417 dignum,
574 2357 685 2402 nihil
695 2357 974 2403 damnatione
987 2358 1181 2416 dignum.
1200 2364 1256 2406 Et
1268 2370 1478 2424 tanquam

89 2429 129 2473 ei
145 2427 387 2473 diceretur:
412 2430 501 2474 Cur
522 2443 625 2487 ergo
647 2429 852 2472 moreris?
877 2428 1103 2488 Sequitur,
1126 2439 1168 2474 et
1185 2430 1290 2476 dicit
1312 2452 1320 2477 z
1351 2452 1370 2475 «
1393 2433 1477 2479 Sed

93 2517 115 2540 »
139 2507 190 2543 ut
210 2498 348 2544 sciant
368 2513 517 2544 omnes
537 2498 638 2559 quia
655 2497 928 2544 voluntatem
944 2499 1079 2543 Patris
1103 2500 1188 2545 mei
1215 2500 1350 2559 facio,
1379 2520 1476 2549 sur-

142 2588 150 2605 ¹
168 2580 248 2615 psal.
268 2592 300 2625 1,,
313 2580 348 2615 6.
369 2598 411 2606 -·
430 2587 444 2605 ²
465 2591 484 2614 ⁴2
502 2583 643 2625 Reg.x1‚
663 2580 682 2623 4
702 2585 736 2614 et
756 2581 806 2614 15.
829 2598 870 2604 -
889 2579 902 2604 ³
921 2584 993 2624 Sap.
1012 2593 1047 2625 n,
1067 2581 1122 2625 24.
