1841 3223
430 268 671 298 ENAnnAno
703 271 748 297 IN
779 268 983 297 PsALMUM
1015 270 1055 296 L.
1347 254 1432 295 459

51 337 160 382 betis
183 353 284 382 cum
303 340 408 382 Deo.
434 332 528 380 «Et
544 334 814 380 aedificentur
830 335 943 379 muri
959 333 1213 379 Jerusalem.
1239 333 1460 392 Benigness

52 426 73 450 »
109 407 198 463 fac,
224 407 405 453 Domine
421 442 432 461 ,
456 407 502 449 in
517 406 631 450 bona
650 406 876 450 voluntate
898 415 973 449 tua
994 405 1096 450 Sion
1112 440 1122 459 ,
1148 413 1191 448 et
1211 404 1434 448 aedificen-

53 497 73 520 »
109 488 180 523 tur
201 478 315 523 muri
333 476 586 521 Jerusalem.
608 496 626 517 »
644 479 741 521 Non
754 476 834 521 sibi
855 476 971 520 euim
984 476 1148 519 tribuat
1169 475 1270 520 Sion
1289 474 1433 534 aliqua

49 549 202 593 merita
221 564 297 592 sua
317 567 324 592 :
354 557 403 591 tu
423 562 523 591 cum
540 545 612 590 illa
628 545 696 590 fae
719 545 905 602 benigue
927 565 936 589 ι
966 564 986 587 «
1010 544 1298 590 AEdificentur
1319 543 1434 588 muri

52 637 73 660 »
108 617 377 662 Jerusalem:
404 636 423 659 ))
453 616 723 660 munimenta
757 625 1066 660 construantur
1098 614 1433 662 immortalitatis

49 699 230 745 nostrae,
249 690 294 732 in
308 688 416 744 fide,
435 697 478 735 et
495 703 569 747 spe
592 696 634 730 et
650 687 874 730 charitate.

107 762 274 804 XXIII.
302 779 321 801 «
344 762 466 802 Tunc
489 757 730 816 acceptabis
749 756 1005 800 sacrificium
1016 755 1240 815 justitiae¹.
1261 773 1280 796 »
1302 755 1436 801 Modo

49 839 195 876 autem
215 831 473 875 sacrificium
487 844 568 889 pro
589 828 838 888 iniquitate,
865 828 1068 886 spiritum
1089 825 1435 871 contribulatum

49 910 93 945 et
109 916 183 945 cor
204 900 506 956 humiliatum3
532 908 635 943 tunc
657 890 1112 957 sacrificium'justitiae
1136 896 1287 940 laudes
1308 895 1433 940 solas.

54 990 74 1013 «
107 972 227 1029 Beati
243 971 361 1015 enim
388 971 464 1031 qui
485 971 686 1014 habitant
707 969 752 1012 in
774 968 905 1012 domo
935 977 1007 1012 tua
1023 1003 1033 1023 ‚
1054 968 1100 1011 in
1122 966 1279 1011 saecula
1299 982 1437 1011 saecu-

52 1060 72 1083 »
106 1043 250 1087 lorum
270 1042 513 1086 laudabunt
534 1052 576 1086 te
590 1045 623 1085 2.
653 1059 673 1081 »
700 1043 792 1084 Hoc
815 1049 877 1083 est
897 1040 1011 1083 enim
1037 1038 1295 1083 sacrificium
1310 1038 1438 1098 justi-

48 1114 133 1158 tiae.
164 1114 455 1158 «Oblationes
477 1122 520 1157 et
542 1112 929 1157 holocaustomata.
958 1129 978 1151 »
1002 1114 1106 1163 Quae
1124 1119 1226 1154 sunt
1251 1129 1272 1152 «
1297 1108 1436 1154 Holo-

52 1202 72 1226 »
107 1185 404 1229 caustomata‘?
420 1203 438 1225 ))
459 1187 616 1228 Totum
630 1183 727 1240 igne
744 1191 1067 1240 consumptum.
1085 1181 1272 1234 Quando
1295 1189 1438 1224 totum

47 1270 179 1314 pecus
200 1254 506 1314 imponebatur
522 1269 607 1297 arae
624 1254 722 1312 igne
744 1252 1109 1306 consumendum,
1130 1250 1437 1295 holocaustum

48 1326 290 1370 dicebatur.
318 1328 448 1369 Totos
465 1341 542 1369 nos
563 1323 734 1368 divinus
756 1324 865 1381 ignis
884 1323 1082 1366 absumat
1097 1358 1107 1376 ,
1133 1331 1176 1365 et
1199 1322 1343 1365 fervor
1364 1319 1437 1364 ille

48 1406 162 1442 totos
184 1397 372 1456 arripiat.
401 1396 504 1448 Quis
527 1395 700 1440 fervor?
725 1414 744 1436 «
776 1398 864 1439 Nec
886 1403 950 1438 est
979 1395 1055 1453 qui
1086 1409 1130 1438 se
1152 1391 1392 1437 abscondat
1415 1407 1439 1436 a

52 1486 72 1510 »
108 1467 251 1513 calore
287 1469 377 1527 ejus
393 1468 425 1510 3.
451 1485 471 1508 »
499 1467 600 1519 Quis
631 1465 802 1510 fervor?
834 1469 897 1510 De
930 1481 1018 1524 quo
1045 1464 1148 1508 dicit
1171 1462 1404 1523 Apostolus
1427 1482 1435 1506 ε

53 1559 73 1583 «
110 1540 275 1599 Spiritu
304 1538 563 1583 ferventes4.
592 1556 613 1580 η
639 1540 738 1581 Nou
768 1545 939 1580 tantum
967 1536 1110 1580 anima
1132 1545 1278 1579 nostra
1306 1535 1439 1579 absu-

48 1619 192 1654 matur
205 1610 260 1654 ab
277 1609 353 1654 illo
370 1609 518 1654 divino
536 1610 634 1667 igne
650 1608 886 1667 sapientiae,
902 1608 977 1651 sed
990 1616 1033 1650 et
1045 1622 1201 1666 corpus
1214 1615 1411 1650 nostrum
1425 1626 1436 1662 3

48 1691 99 1726 ut
114 1691 330 1726 mereatur
350 1681 410 1725 ibi
431 1679 803 1725 immortalitatem
818 1700 828 1736 3
846 1679 911 1742 sic·
925 1678 1094 1722 levetur
1115 1677 1435 1731 holocaustum,

49 1762 99 1797 ut
116 1752 400 1797 absorbeatur
422 1767 537 1795 mors
559 1752 604 1794 iu
627 1751 854 1795 victoriam
869 1753 898 1793 ⁵.
930 1769 948 1791 «
974 1748 1228 1793 Oblationes
1250 1758 1293 1792 et
1309 1747 1438 1792 holo-

52 1841 73 1864 »
108 1831 388 1867 caustomata.
409 1821 768 1880 Tuncimponent
780 1836 906 1876 super
923 1819 1055 1862 altare
1075 1828 1199 1862 tuum
1220 1817 1395 1861 vitulos.
1415 1835 1436 1858 »

51 1892 176 1937 Unde
209 1911 228 1934 «
250 1891 449 1936 Vitulcs‘?
479 1909 498 1931 n
532 1890 649 1943 Quid
680 1890 742 1933 ibi
774 1889 933 1948 eliget?
978 1888 1279 1932 Innocentiam
1314 1903 1440 1932 novae

50 1963 186 2007 aetatis
205 1998 215 2016 ,
237 1978 292 2006 an
313 1961 450 2005 libera
472 1959 581 2005 colla
603 1976 625 2003 a
643 1961 750 2019 jugo
773 1959 912 2017 legis?

109 2035 273 2077 XXIV.
304 2032 499 2077 Psalmus
534 2031 579 2075 in
608 2031 784 2075 nomine
815 2030 996 2085 Christi,
1030 2027 1109 2073 etsi
1133 2028 1247 2074 forte
1280 2044 1369 2073 non
1391 2038 1442 2073 ut

50 2102 272 2157 volumus,
296 2112 598 2146 verumtamen
615 2110 665 2144 ut
686 2101 923 2160 potuimus,
947 2100 1202 2143 terminatus
1224 2108 1303 2142 est.
1330 2101 1440 2142 Res-

51 2182 115 2217 tat
144 2173 292 2232 paucis
320 2171 484 2232 alloqui
508 2187 604 2226 vos,
631 2170 783 2215 fratres
798 2207 808 2225 ‚
838 2180 1014 2230 propter
1036 2169 1175 2213 multa
1196 2169 1310 2213 mala
1331 2169 1440 2212 inter

52 2259 152 2304 quae
181 2241 382 2287 vivimus.
418 2245 569 2301 Neque
597 2241 714 2284 enim
746 2241 940 2284 viventes
970 2241 1016 2283 in
1052 2241 1182 2284 rebus
1213 2239 1437 2294 humanis,

53 2314 236 2371 migrare
258 2323 484 2372 possumus
520 2328 543 2355 a
571 2312 698 2355 rebus
726 2311 942 2355 humanis.
978 2313 1091 2354 Cum
1113 2309 1343 2354 tolerantia
1371 2309 1440 2353 vi-

53 2383 245 2426 vendum
267 2391 331 2426 est
350 2382 476 2426 nobis
502 2381 615 2424 inter
636 2380 772 2425 malos
798 2401 806 2424 :
831 2381 931 2440 quia
963 2396 1064 2424 cum
1098 2380 1202 2424 mali
1222 2394 1409 2423 essemus
1425 2415 1436 2434 ‚

54 2467 155 2497 cum
176 2451 400 2496 tolerantia
414 2452 615 2496 vixerunt
636 2452 741 2496 boni
762 2452 874 2495 inter
897 2467 990 2495 nos.
1018 2454 1116 2497 Non
1138 2449 1440 2495 obliviscentes

103 2554 111 2569 ¹
133 2547 214 2579 Psal.
231 2559 259 2587 ι,
275 2556 329 2579 21.
351 2565 391 2571 v--
408 2555 422 2570 2
438 2547 483 2579 Id.
507 2558 628 2579 Lxxxm
642 2573 649 2587 ‚
665 2547 696 2578 5.
719 2564 760 2569 —
781 2545 856 2578 3111.
875 2557 966 2587 xviu,
988 2557 1019 2587 7,
1041 2564 1081 2569 —
1100 2544 1116 2572 4
1134 2548 1226 2578 Rom.
1246 2556 1305 2587 χιι,
1329 2556 1438 2576 11.—

59 2601 72 2623 5
95 2614 105 2633 1
126 2604 198 2635 Cor.
217 2613 270 2643 xv,
290 2602 342 2644 54.
