1841 3223
368 197 451 237 408
797 210 830 236 s.
867 206 1097 236 Ancus-rim
1131 207 1311 234 Emscom

366 274 485 319 venit
507 272 703 317 occultus
721 288 729 314 ε
747 273 893 317 veniet
907 272 1173 318 manifestus.
1192 271 1323 315 Venit
1340 269 1537 315 occultus
1553 271 1753 332 judican-

365 345 464 398 dus,
486 344 629 387 veniet
651 342 903 387 manifestus
921 341 1193 404 judicaturus
1212 362 1220 387 ε
1238 343 1356 387 venit
1373 342 1569 388 occultus
1590 352 1640 387 ut
1654 352 1754 387 ante

359 413 554 475 judicem
583 423 740 468 staret,
769 414 913 458 veniet
938 413 1190 458 manifestus
1222 422 1272 457 ut
1299 414 1427 457 etiam
1451 412 1505 457 de
1531 413 1754 473 judicibus

362 483 532 545 judicet
551 504 559 529 ε
588 503 606 526 τ(
633 484 784 528 Veniet
799 484 1070 540 manifestus,
1087 494 1129 529 et
1143 500 1231 529 non
1245 483 1401 541 silebit.
1426 503 1446 525 »
1469 484 1584 537 Quid
1606 484 1755 528 enim?

367 554 499 599 modo
512 554 635 599 silet?
649 564 691 599 et
705 555 823 600 unde
836 566 937 600 sunt
950 573 1049 616 quae
1064 555 1272 600 dicimus?
1288 554 1406 599 unde
1422 556 1501 599 ista
1513 556 1756 615 praeeepta?

368 626 487 670 unde
514 626 593 669 ista
624 626 819 670 monita?
850 626 967 670 unde
990 627 1068 671 ista
1093 627 1197 670 tuba
1220 627 1425 671 terroris?
1447 628 1544 672 Non
1571 626 1689 681 silet,
1715 634 1758 670 et

368 697 465 741 silet
486 716 494 742 ;
521 712 610 741 11011
630 696 726 740 silet
743 715 765 742 a
787 697 1008 742 monendo
1023 734 1033 753 ⁷
1059 697 1154 741 silet
1176 714 1198 741 a
1222 697 1484 742 vindicando
1507 717 1515 742 :
1547 713 1637 741 11011
1662 697 1757 741 silet

371 784 393 811 a
418 778 658 828 praeeepto‚
685 768 781 812 silet
798 785 820 812 a
839 768 1022 829 judicio.
1048 769 1216 813 Patitur
1237 769 1351 812 enim
1374 777 1622 829 peccatores
1647 783 1761 829 quo·-

370 839 475 882 tidie
506 838 617 882 mala
650 838 878 894 faciontes,
911 842 1052 883 Deum
1074 855 1163 884 non
1191 848 1420 893 curantes,
1452 855 1541 884 non
1573 840 1617 882 in
1652 854 1759 883 eon-

372 909 547 953 scientia
568 925 666 964 sua,
692 924 782 953 non
806 909 852 952 in
874 909 986 954 coelo
1007 945 1017 965 ,
1046 910 1198 954 nonin
1216 918 1327 953 terra
1350 929 1358 954 :
1385 925 1474 954 non
1496 925 1596 954 eum
1625 909 1763 953 latent

371 981 466 1024 haee
490 981 632 1024 omnia
650 1016 661 1036 ‚
689 989 732 1024 et
757 981 1056 1025 universaliter
1083 996 1232 1026 omnes
1259 980 1490 1035 admonet,
1523 990 1566 1025 et
1587 979 1763 1041 quaudo

371 1049 539 1111 aliquos
558 1049 748 1110 flagellat
768 1051 813 1094 in
829 1060 963 1106 terra,
991 1051 1230 1096 admonitio
1253 1060 1339 1106 est,
1358 1051 1557 1096 nondum
1580 1050 1764 1095 damna-

374 1121 450 1165 tio.
475 1120 580 1166 Silet
602 1136 702 1180 ergo
720 1137 742 1165 a
758 1121 925 1181 judicio
940 1157 950 1176 ,
981 1121 1179 1166 occultus
1208 1123 1251 1165 in
1273 1120 1388 1166 coelo
1413 1131 1502 1177 est,
1530 1120 1673 1165 adhuc
1696 1121 1766 1164 in-

376 1192 579 1252 terpellat
611 1208 689 1253 pro
723 1193 881 1238 nobis:
914 1193 1082 1253 patiens
1107 1202 1170 1237 est
1204 1209 1334 1254 super
1362 1202 1635 1253 peccatores,
1676 1208 1765 1237 non

376 1279 580 1307 exercens
598 1264 721 1319 iram,
736 1263 810 1307 sed
825 1273 1054 1324 expectans
1075 1264 1395 1324 poenitentiam.
1417 1263 1531 1308 Dicit
1548 1262 1631 1307 alio
1645 1262 1763 1308 loeo:

381 1354 401 1376 «
438 1335 597 1389 Tacui,
623 1335 837 1396 numquid
862 1351 1031 1395 semper
1059 1336 1267 1380 taeebo¹P
1294 1354 1312 1376 »
1340 1333 1528 1388 Quando
1552 1350 1654 1393 ergo
1679 1350 1768 1378 non

380 1405 540 1450 tacebit
569 1421 576 1446 ε
608 1425 627 1447 «
652 1408 764 1449 Deus
796 1404 1049 1450 manifestus
1075 1407 1234 1450 veniet.
1262 1424 1281 1447 >›
1308 1406 1413 1459 Quis
1440 1407 1586 1449 Deus?
1612 1424 1632 1446 «
1655 1408 1769 1448 Deus

380 1494 401 1517 »
437 1486 597 1520 noster.
618 1479 711 1520 »Et
730 1476 820 1535 ipse
843 1480 978 1532 Deus,
1000 1477 1076 1537 qui
1092 1481 1205 1521 Deus
1219 1486 1389 1522 noster:
1410 1491 1500 1521 non
1522 1475 1637 1519 enim
1654 1478 1770 1519 Deus

380 1556 459 1601 est,
485 1547 559 1606 qui
582 1563 671 1590 non
689 1557 752 1591 est
769 1556 915 1592 noster
937 1551 1065 1592 Deus.
1090 1548 1153 1591 Dii
1177 1549 1291 1592 enim
1315 1548 1506 1606 gentium
1527 1545 1768 1590 daemonia:

380 1620 496 1661 Deus
519 1618 888 1673 Christianorum,
914 1635 1041 1663 verus
1064 1622 1194 1663 Deus.
1224 1622 1320 1679 Ipse
1342 1618 1508 1673 veniet,
1533 1616 1609 1662 sed
1630 1617 1773 1661 mani-

381 1686 543 1744 festus,
570 1704 660 1733 non
683 1689 828 1734 adhuc
850 1689 1119 1745 illudendus,
1145 1706 1233 1734 non
1257 1689 1401 1734 adhuc
1424 1687 1714 1748 exalapandus
1732 1697 1776 1732 et

382 1759 669 1818 flagellandus
689 1781 696 1806 :
720 1761 891 1816 veniet,
918 1761 993 1805 sed
1018 1760 1298 1816 manifestus,
1331 1777 1420 1805 non
1443 1760 1586 1804 adhuc
1609 1757 1776 1803 calamo

382 1830 428 1874 in
450 1831 592 1890 capite
619 1832 930 1891 percutiendus
951 1868 960 1888 ‚
997 1849 1086 1877 non
1109 1833 1253 1876 adhuc
1287 1831 1605 1887 crucifigendus
1623 1866 1633 1884 ‚
1663 1831 1779 1874 occi-

383 1901 575 1955 dendus,
597 1902 872 1960 sepeliendus
893 1921 901 1945 2
928 1901 1031 1961 quia
1053 1902 1147 1945 haee
1167 1899 1536 1957 omniapoceultus
1553 1903 1667 1944 Deus
1689 1900 1779 1960 pati

383 1971 538 2016 voluit.
556 1971 711 2015 Veniet
733 1971 1011 2026 manifestus,
1038 1981 1081 2016 et
1103 1988 1192 2016 non
1210 1972 1369 2016 silebit.

445 2045 545 2087 Vll.
582 2043 692 2096 Quia
714 2058 817 2087 vero
840 2043 895 2086 ad
913 2042 1128 2102 judicium
1161 2044 1327 2099 veniet,
1353 2043 1579 2104 sequentia
1601 2042 1775 2088 docent.

391 2133 409 2153 «
447 2114 564 2172 Ignis
582 2123 682 2157 ante
705 2128 803 2157 eum
827 2114 1043 2173 praeibit‘2.
1061 2133 1080 2155 »
1104 2115 1348 2158 Timemus‘?
1366 2118 1605 2168 Mutemur‚
1627 2123 1668 2158 et
1691 2129 1781 2159 non

388 2184 654 2228 timebimus.
682 2187 830 2241 Ignem
850 2183 971 2244 palea
993 2185 1142 2229 timeat
1170 2205 1177 2229 :
1205 2201 1310 2230 auro
1327 2184 1435 2246 quid
1453 2184 1584 2229 facit?
1603 2188 1681 2229 Est
1710 2201 1781 2229 au-

389 2265 479 2299 tem
513 2271 631 2300 nune
665 2255 710 2298 in
745 2265 957 2315 potestate
983 2255 1091 2317 quid
1122 2255 1273 2312 facias,
1305 2272 1360 2300 110
1388 2255 1500 2301 illud
1521 2256 1642 2317 quod
1674 2266 1716 2300 et
1738 2266 1781 2300 te

392 2326 569 2371 nolente
595 2337 827 2371 venturum
852 2337 915 2372 est
931 2364 941 2383 ‚
975 2344 1063 2372 non
1087 2339 1305 2373 correctus
1328 2328 1570 2388 experiaris.
1601 2328 1642 2372 si
1665 2329 1780 2371 enim

392 2413 614 2457 possemus
640 2396 798 2453 faeere,
826 2397 997 2453 fratres,
1022 2408 1071 2442 ut
1086 2398 1175 2443 dies
1187 2399 1341 2459 judicii
1359 2415 1447 2443 non
1464 2399 1652 2455 veniret3
1673 2407 1782 2457 puto

393 2467 496 2527 quia
519 2483 598 2512 nec
617 2469 674 2512 sie
692 2478 782 2513 erat
810 2468 921 2513 male
942 2469 1192 2533 vivendum.
1218 2471 1260 2515 Si
1283 2486 1370 2516 nou
1392 2470 1559 2515 veniret
1580 2469 1688 2527 ignis
1712 2469 1782 2513 die

444 2573 452 2589 ¹
475 2565 544 2597 Isa'i'.
567 2575 641 2605 xm,
666 2561 714 2603 14.
737 2579 778 2584 --
798 2567 809 2583 ²
825 2560 906 2593 psal.
927 2571 1007 2601 xev1,
1025 2560 1055 2592 3.
