1841 3223
377 180 461 220 256
804 189 837 217 s.
874 188 1104 218 Accusnm
1138 192 1319 219 EPlSCOPI

372 257 608 302 immittens
630 255 699 299 vel
716 255 835 315 quod
852 255 963 299 male
981 272 1173 301 amemus
1189 292 1199 312 ,
1236 256 1306 301 vel
1329 256 1450 317 quod
1471 256 1582 300 male
1605 258 1757 302 timea-

374 344 471 372 mus
496 347 504 372 2
530 335 980 386 etcontrautrumquc
998 342 1195 386 pugnans
1214 327 1372 381 anima,
1394 326 1472 371 etsi
1490 342 1579 371 non
1602 337 1726 386 capta
1744 363 1756 382 ,

374 408 520 443 tamen
554 396 829 456 periclitans,
865 398 1136 442 contrahitur
1171 397 1364 451 tristitia,
1410 406 1454 441 ct
1491 397 1597 442 dicit
1638 401 1755 453 Deo,

376 487 397 511 «
423 465 623 527 utquid?
656 469 879 520 »Quaerat
915 483 1017 527 ergo
1062 468 1117 512 ab
1150 468 1266 527 ipso,
1307 477 1351 511 ct
1403 468 1550 512 audiat
1580 467 1754 528 utquid.

373 538 539 592 Quaerit
571 537 687 581 enim
724 537 770 581 in
804 538 975 583 Psalmo
1008 554 1181 583 causam
1216 538 1397 582 tristium
1430 554 1519 583 suae
1539 573 1550 593 ,
1586 537 1755 593 dicens,

374 627 394 650 »
416 607 581 669 thuid
604 624 670 652 mc
704 608 924 668 repulisti,
949 618 992 653 ct
1013 606 1174 669 utquid
1207 607 1336 652 tristis
1355 607 1539 652 incedo?
1563 607 1762 653 »Audiat

371 697 423 726 ex
454 684 584 736 Isa'i'a,
618 690 844 726 succurrat
873 680 934 724 illi
962 680 1112 734 lectio,
1144 696 1244 740 qua:
1278 678 1410 724 modo
1451 680 1628 724 recitata
1654 689 1720 724 est
1746 698 1757 726 z

375 771 395 794 «
422 751 631 811 Spiritus,
662 751 825 812 inquit,
851 767 874 794 a
895 766 964 794 me
994 749 1191 809 prodiet,
1223 759 1267 794 et
1296 765 1470 794 omnem
1498 750 1650 794 ssatum
1679 740 1760 808 ego

375 844 393 866 »
419 824 502 868 feci
520 839 527 864 z
549 833 726 884 propter
740 831 966 882 peccatum
982 821 1204 865 modicum
1221 820 1328 881 quid
1346 821 1597 866 contristavi
1610 820 1757 875 illum,

373 912 394 935 »
420 904 463 938 et
501 894 635 938 averti
656 893 812 938 taciem
845 908 986 936 meam
1005 892 1060 936 ab
1090 891 1188 949 111ος
1219 901 1263 936 et
1290 893 1566 937 contristatus
1599 901 1686 947 est,
1718 901 1763 938 et

373 984 393 1007 >›
420 965 524 1009 abiit
555 964 685 1008 tristis
710 963 757 1007 in
781 964 859 1008 viis
880 963 1008 1007 suis².
1039 982 1059 1004 n
1090 962 1207 1016 Quid
1239 979 1342 1022 ergo
1356 963 1604 1023 quaerebas,
1635 982 1654 1005 «
1679 965 1760 1008 Ut-

373 1055 393 1078 »
419 1035 527 1096 quid
546 1051 617 1079 me
648 1034 865 1095 repulisti,
891 1044 935 1078 et
976 1033 1136 1095 utquid
1159 1033 1289 1078 tristis
1316 1033 1501 1078 incedo?
1521 1051 1543 1076 »
1562 1032 1756 1090 Audisti,

374 1126 394 1149 «
418 1115 597 1167 propter
617 1115 861 1165 peccatum.
896 1124 916 1147 »
938 1108 1078 1150 Causa
1097 1105 1281 1149 tristitiae
1305 1114 1392 1149 tuae
1416 1114 1643 1165 peccatum
1666 1113 1730 1149 est
1745 1139 1756 1160 ,

370 1192 498 1222 causa
519 1176 682 1221 laetitiae
705 1186 791 1220 tuae
806 1176 972 1236 justitia
990 1177 1059 1220 sit.
1085 1179 1269 1220 Peccare
1290 1176 1488 1231 volebas,
1509 1185 1552 1220 et
1563 1175 1760 1220 laborare

369 1248 573 1304 nolebas,
599 1255 648 1291 ut
670 1262 825 1307 parum
843 1246 923 1290 tibi
956 1255 1065 1290 esset
1082 1245 1203 1307 quod
1231 1262 1339 1291 esses
1372 1247 1555 1307 injustus
1573 1282 1583 1302 ,
1620 1246 1701 1290 nisi
1718 1256 1762 1292 et.

369 1334 470 1363 eum
490 1319 700 1378 injustum
732 1315 939 1362 voluisses
956 1353 966 1373 ,
993 1334 1016 1361 a
1038 1333 1126 1378 quo
1151 1318 1195 1361 in
1230 1327 1272 1362 te
1298 1317 1511 1362 vindicari
1532 1317 1755 1362 noluisses.

369 1389 708 1449 Respicevocem
727 1388 949 1433 meliorem
972 1388 1018 1432 in
1040 1388 1124 1432 alio
1137 1388 1307 1433 Psalmo
1327 1407 1334 1434 :
1354 1407 1371 1430 «
1390 1391 1561 1433 Bonum
1579 1397 1642 1433 est
1654 1388 1762 1432 mihi

372 1479 393 1503 >›
411 1460 531 1522 quod
552 1461 789 1505 humiliasti
818 1476 886 1505 me
903 1496 913 1516 ,
938 1469 989 1504 ut
1010 1460 1171 1505 discam
1200 1461 1527 1520 justificationes
1561 1462 1698 1505 tuas².
1736 1478 1756 1502 >2

369 1533 611 1577 Didiceram
630 1532 767 1577 elatus
789 1532 1036 1592 iniquitates
1059 1547 1197 1587 meas,
1225 1531 1387 1577 discam
1405 1531 1657 1576 humiliatus
1675 1532 1762 1592 jus-

371 1604 627 1648 tificationes
651 1613 760 1648 tuas.
795 1622 814 1645 ι(
841 1602 1007 1663 thuid
1024 1603 1155 1647 tristis
1178 1602 1333 1648 incedo
1348 1638 1358 1658 ,
1386 1605 1493 1647 dum
1521 1603 1671 1661 affligit
1690 1618 1760 1646 me

371 1693 392 1717 »
418 1675 645 1719 inimicus?
670 1693 689 1715 »
712 1678 773 1719 De
794 1674 970 1718 inimico
994 1674 1209 1734 quereris;
1235 1689 1379 1718 revera
1407 1673 1586 1732 affligit,
1617 1673 1692 1717 sed
1713 1682 1762 1718 tu

368 1744 563 1790 cilocum
578 1744 748 1789 dedisti.
761 1746 819 1788 Et
836 1760 954 1788 nunc
972 1744 1106 1788 habes
1121 1744 1240 1804 quod
1256 1760 1372 1803 agas,
1387 1743 1497 1803 elige
1512 1742 1756 1801 consilium,

368 1832 514 1875 regem
536 1815 717 1860 admitte
732 1850 743 1869 ,
766 1824 1003 1873 tyrannum
1021 1813 1217 1858 exclude.

427 1890 503 1931 IV.
533 1887 617 1931 Sed
639 1896 689 1930 ut
710 1887 794 1930 hoc
812 1886 962 1941 faciat,
983 1885 1090 1945 quid
1111 1884 1241 1940 dicit,
1268 1884 1377 1945 quid
1393 1884 1610 1944 supplicat
1624 1920 1635 1941 ,
1652 1884 1760 1946 quid

371 1966 464 2002 orat
491 1956 683 2001 attende.
709 1958 794 2000 Ora
835 1957 957 2017 quod
984 1954 1134 2010 audis,
1170 1971 1243 1999 ora
1260 1971 1360 1999 cum
1391 1955 1537 2015 audi53
1561 1956 1759 2001 omnium

369 2037 567 2074 nostrum
596 2027 648 2071 sit
690 2028 769 2071 ista
805 2042 888 2071 vox
922 2046 932 2071 ι
967 2046 987 2068 ‹<
1023 2027 1185 2070 Emitte
1227 2026 1370 2071 lucem
1405 2037 1527 2072 tuam
1566 2037 1610 2072 et
1647 2027 1759 2072 veri-

372 2108 552 2143 »tatem
588 2107 734 2152 tuam,
768 2097 860 2157 ipsa
902 2112 971 2141 me
1005 2096 1282 2141 deduxerunt
1314 2106 1357 2141 ct
1392 2097 1690 2158 perduxerunt
1713 2098 1760 2142 in

371 2189 393 2213 ³)
418 2178 612 2215 montem
653 2178 850 2213 sanctum
885 2178 1037 2224 tuum,
1071 2178 1114 2212 et
1161 2168 1206 2212 in
1246 2168 1523 2214 tabernacula
1564 2178 1639 2213 tua
1661 2172 1691 2213 3.
1733 2187 1753 2211 »

367 2241 480 2296 Quia
506 2241 596 2300 ipsa
631 2239 704 2283 lux
728 2249 803 2284 tua
834 2248 877 2283 et
906 2240 1061 2283 veritas
1095 2248 1166 2283 tua
1189 2258 1197 2283 :
1217 2240 1312 2284 hsec
1345 2240 1521 2283 nomina
1550 2240 1666 2295 duo,
1693 2255 1758 2284 res

369 2327 472 2356 una.
499 2310 615 2364 Quid
648 2311 763 2354 enim
786 2308 906 2353 aliud
926 2309 1000 2353 lux
1022 2309 1126 2364 Dei,
1152 2309 1232 2353 nisi
1256 2309 1410 2354 veritas
1432 2310 1534 2354 Dei?
1556 2319 1631 2354 aut
1649 2309 1759 2370 quid

369 2382 525 2426 veritas
542 2381 646 2437 Dei,
672 2381 752 2424 nisi
769 2380 844 2424 lux
861 2380 963 2425 Dei?
977 2383 1033 2424 Et
1054 2381 1137 2424 hoc
1154 2389 1391 2441 utrumque
1408 2396 1522 2425 unus
1541 2381 1753 2425 Christus.

376 2472 395 2493 «
424 2455 516 2510 Ego
539 2467 634 2495 sum
656 2450 731 2495 lux
750 2450 905 2495 mundi
932 2471 940 2495 ε
967 2451 1040 2511 qui
1063 2450 1199 2495 credit
1216 2452 1261 2495 in
1279 2467 1368 2507 me,
1401 2467 1490 2496 11011
1514 2451 1756 2497 ambulabit

421 2538 509 2568 ¹1:121·
543 2548 618 2575 mr,
644 2535 696 2578 16,
722 2547 768 2578 17.
791 2554 831 2559 -
853 2544 866 2559 ²
893 2536 1107 2576 Psal.cxv111‚
1131 2547 1182 2578 71.
1201 2554 1241 2559 ——
1263 2535 1439 2579 31d.xt11,
1457 2537 1487 2569 3.

1839 1723 1841 1735 t

1838 1803 1841 1818 Ι

1838 1847 1841 1858 t
