1841 3223
299 193 383 233 494
743 204 776 232 s.
813 205 1043 232 AtGUSTffll
1078 205 1258 231 EPlsCOPI

306 356 335 372 §Q
342 356 407 372 §Ul
412 355 477 370 512!
483 355 549 371 ἱῑὶἱ
553 354 619 370 §Mt
624 354 690 370 §Qu
695 354 762 371 ΈἎΏ
767 354 904 370 ὶὶδὶνὶνδὶ
910 355 924 370 ἱ
928 355 975 370 VS!
981 355 1047 370 {Qu
1052 354 1118 370 84Ἇὶ
1122 354 1189 370 ’ΚΛΜ
1194 354 1260 369 §W
1264 353 1404 370 mm}
1408 352 1545 369 wwtmxux
1550 353 1687 368 §mum

812 488 1194 536 ENARRA'HO

713 627 773 665 IN
816 625 1119 667 PSALMUM
1164 625 1294 663 Llll.

758 768 909 814 Sermo
930 765 986 812 ad
1007 766 1238 828 populum.

362 905 397 946 Ι.
428 906 590 947 PsAmn
608 903 737 963 hujus
756 903 908 947 titulus
929 904 1064 947 habet
1087 902 1279 948 fructum
1301 901 1558 962 prolixitatis
1580 917 1691 956 suae,

299 973 333 1017 si
355 972 624 1032 intelligatur
643 989 651 1014 z
677 983 720 1018 et
737 974 840 1035 quia
861 974 1054 1018 Psalmus
1085 974 1228 1018 brevis
1250 983 1337 1028 est,
1364 987 1694 1032 compensemus

298 1044 348 1088 in
368 1059 489 1088 mora
515 1044 654 1100 tituli,
682 1048 802 1105 quod
828 1046 872 1089 in
896 1044 1063 1089 Psalmo
1086 1061 1175 1089 non
1204 1044 1549 1088 immorabimur.
1586 1041 1694 1086 Inde

301 1115 418 1159 enim
450 1116 613 1174 pendet
643 1115 784 1160 omnis
806 1132 954 1160 versus
987 1117 1063 1176 qui
1085 1125 1300 1160 cantatur.
1337 1116 1380 1160 Si
1412 1114 1508 1175 quis
1546 1114 1694 1173 itaque

302 1196 507 1245 agnoscat
519 1187 641 1247 quod
659 1187 703 1230 in
721 1186 877 1232 domus
896 1187 1041 1232 fronte
1063 1188 1289 1247 praefixum
1313 1196 1376 1231 est
1391 1222 1401 1241 ,
1433 1201 1607 1230 securus
1624 1185 1694 1229 in-

302 1256 463 1314 trabit,
504 1272 584 1301 nec
613 1273 715 1301 cum
748 1258 1001 1314 intraverit,
1036 1258 1211 1302 errabit.
1254 1260 1347 1302 Hoc
1376 1256 1492 1301 enim
1525 1256 1572 1300 in
1602 1255 1695 1315 ipso

303 1336 427 1387 poste
453 1337 747 1387 praenotatum
782 1338 876 1383 est,
915 1327 1138 1389 quomodo
1170 1328 1350 1372 interius
1387 1344 1477 1372 non
1510 1336 1691 1371 erretur.

306 1396 477 1442 Titulus
506 1400 598 1459 ejus
620 1400 678 1443 sic
701 1415 744 1443 se
767 1399 901 1443 habet
921 1416 930 1440 ε
961 1418 981 1441 «
1008 1402 1060 1443 In
1084 1399 1239 1453 finem,
1264 1398 1311 1443 in
1332 1398 1506 1455 hymnis
1522 1433 1533 1453 ,
1564 1397 1696 1442 intel-

309 1486 330 1510 »
365 1467 504 1513 lectus
535 1469 617 1528 ipsi
648 1468 807 1524 David,
836 1485 936 1514 cum
965 1479 1180 1513 venerunt
1204 1469 1395 1529 Ziphaei‚
1420 1478 1464 1513 et
1495 1469 1699 1514 dixerunt

309 1557 330 1581 «
363 1539 420 1583 ad
439 1539 541 1584 Saiil
559 1559 567 1584 :
584 1542 740 1585 Nonne
758 1556 858 1585 ecce
877 1540 1015 1585 David
1026 1541 1306 1585 absconditus
1321 1550 1386 1585 est
1399 1540 1516 1600 apud
1532 1542 1693 1585 nos¹?»

304 1610 436 1663 Quod
466 1609 569 1655 Saiil
591 1621 843 1670 persecutor
864 1620 956 1655 erat
979 1611 1115 1656 sancti
1136 1611 1216 1656 viri
1241 1610 1399 1666 David,
1432 1611 1594 1671 optime
1615 1628 1698 1656 no-

305 1680 473 1725 vimus:
495 1680 617 1741 quod
640 1682 825 1740 figuram
850 1682 1027 1740 gerebat
1051 1681 1154 1726 Saiil
1180 1681 1424 1741 temporalis
1444 1682 1592 1741 regni,
1610 1697 1701 1726 non

307 1750 364 1794 ad
382 1751 539 1806 vitam,
565 1750 641 1795 sed
663 1751 718 1795 ad
741 1761 925 1796 mortem
947 1752 1218 1811 pertinentis,
1240 1762 1281 1796 et
1300 1753 1383 1796 hoc
1405 1755 1568 1796 Vestrae
1582 1753 1701 1798 Cha-

306 1820 425 1865 ritati
447 1837 526 1865 nos
551 1822 879 1866 commendasse
901 1822 1217 1866 meminimus2.
1246 1826 1444 1882 Itemque
1469 1822 1590 1883 quod
1610 1823 1701 1882 ipse

307 1892 447 1935 David
481 1892 663 1950 figuram
702 1892 879 1951 gerebat
909 1892 1095 1946 Christi,
1127 1891 1196 1936 vel
1224 1893 1413 1952 corporis
1446 1894 1628 1947 Christi,
1659 1901 1702 1937 et

308 1978 434 2006 nosse
463 1962 653 2012 debetis,
684 1972 727 2006 et
758 1962 947 2006 recolere
973 1964 1048 2022 qui
1066 1963 1157 2022 jain
1184 1964 1333 2007 nostis.
1363 1963 1481 2016 Quid
1503 1979 1605 2023 ergo
1630 1965 1702 2008 Zi-

309 2033 425 2091 phaei
440 2034 457 2074 ’ἲ
473 2034 604 2076 Vicus
622 2031 800 2092 quidam
822 2042 914 2076 erat
936 2033 1064 2091 Ziph,
1086 2034 1210 2093 cujus
1231 2034 1494 2078 habitatores
1519 2034 1700 2094 Ziphaei,

309 2102 356 2145 in
378 2118 566 2162 quorum
590 2102 765 2160 regione
783 2117 826 2145 se
842 2101 1130 2146 absconderat
1149 2103 1305 2156 David,
1326 2119 1426 2147 cum
1445 2120 1545 2148 eum
1572 2104 1704 2148 vellet

315 2173 419 2218 Saiil
444 2173 640 2217 invenire
663 2182 706 2216 et
723 2172 934 2217 occidere.
970 2173 1042 2216 Isti
1062 2189 1164 2232 ergo
1189 2175 1352 2233 Ziphaei
1368 2190 1467 2219 cum
1494 2176 1576 2220 hoc
1597 2191 1703 2235 cog-

314 2245 554 2299 novissent,
589 2243 876 2304 prodiderunt
905 2259 1005 2287 eum
1036 2245 1125 2303 regi
1153 2247 1444 2305 persecutori,
1473 2246 1665 2290 dicentes
1692 2267 1701 2292 :

320 2333 341 2355 «
375 2317 529 2359 Nonne
558 2330 657 2359 ecce
692 2313 828 2359 David
855 2313 1135 2358 absconditus
1156 2325 1219 2360 est
1248 2316 1365 2376 apud
1388 2318 1519 2361 nos³'?
1539 2335 1557 2358 »
1588 2316 1705 2361 Nihil

316 2385 495 2446 quidem
518 2385 685 2445 profuit
714 2385 797 2429 illis
826 2385 1014 2445 proditio
1043 2402 1219 2442 eorum,
1252 2397 1295 2431 et
1321 2388 1402 2448 ipsi
1436 2387 1573 2432 David
1595 2386 1705 2431 nihil

362 2490 373 2504 ²
394 2481 475 2514 psal.
491 2493 555 2523 Lm,
579 2493 609 2524 1,
629 2491 661 2515 2.
682 2499 724 2505 —-
744 2489 756 2506 ²
773 2483 875 2525 Supra
895 2482 925 2514 in
942 2484 1088 2515 Enarrat.
1109 2482 1189 2515 Psal.
1211 2495 1255 2526 u,
1278 2495 1308 2524 1,
1322 2493 1354 2516 2.
1375 2501 1417 2507 —
1441 2482 1455 2507 3
1477 2496 1489 2516 1
1512 2486 1589 2526 Reg.
1610 2495 1703 2526 xxm,

319 2535 436 2580 14-19.
