<?xml version="1.0" encoding="UTF-8"?>
<!DOCTYPE html PUBLIC "-//W3C//DTD XHTML 1.0 Transitional//EN"
    "http://www.w3.org/TR/xhtml1/DTD/xhtml1-transitional.dtd">
<html xmlns="http://www.w3.org/1999/xhtml" xml:lang="en" lang="en">
 <head>
  <title>
</title>
<meta http-equiv="Content-Type" content="text/html;charset=utf-8" />
  <meta name='ocr-system' content='tesseract 3.04.00' />
  <meta name='ocr-capabilities' content='ocr_page ocr_carea ocr_par ocr_line ocrx_word'/>
</head>
<body>
  <div class='ocr_page' id='page_1' title='image "./operaomniaaccura08auguuoft_0556.png"; bbox 0 0 1841 3223; ppageno 0'>
   <div class='ocr_carea' id='block_1_1' title="bbox 340 202 1287 244">
    <p class='ocr_par' dir='ltr' id='par_1_1' title="bbox 340 202 1287 244">
     <span class='ocr_line' id='line_1_1' title="bbox 340 202 1287 244; baseline -0.004 -1"><span class='ocrx_word' id='word_1_1' title='bbox 340 202 424 244; x_wconf 79' lang='lat'><strong>542</strong></span> <span class='ocrx_word' id='word_1_2' title='bbox 769 213 803 243; x_wconf 87' lang='lat' dir='ltr'><strong>s.</strong></span> <span class='ocrx_word' id='word_1_3' title='bbox 840 213 1073 243; x_wconf 73' lang='lat' dir='ltr'>Aucus‘ruu</span> <span class='ocrx_word' id='word_1_4' title='bbox 1104 213 1287 240; x_wconf 74' lang='lat' dir='ltr'><strong>Emscom</strong></span> 
     </span>
    </p>
   </div>
   <div class='ocr_carea' id='block_1_2' title="bbox 333 275 1741 2612">
    <p class='ocr_par' dir='ltr' id='par_1_2' title="bbox 333 275 1741 2612">
     <span class='ocr_line' id='line_1_2' title="bbox 337 275 1728 339; baseline 0.001 -17"><span class='ocrx_word' id='word_1_5' title='bbox 337 294 424 339; x_wconf 83' lang='lat' dir='ltr'><strong>que</strong></span> <span class='ocrx_word' id='word_1_6' title='bbox 452 278 673 338; x_wconf 86' lang='lat' dir='ltr'><strong>subjectus</strong></span> <span class='ocrx_word' id='word_1_7' title='bbox 701 287 786 335; x_wconf 84' lang='lat' dir='ltr'><strong>est,</strong></span> <span class='ocrx_word' id='word_1_8' title='bbox 814 289 866 324; x_wconf 91' lang='lat' dir='ltr'>ut</span> <span class='ocrx_word' id='word_1_9' title='bbox 893 287 1043 337; x_wconf 81' lang='lat' dir='ltr'><strong>regnet</strong></span> <span class='ocrx_word' id='word_1_10' title='bbox 1075 286 1118 322; x_wconf 82' lang='lat' dir='ltr'><strong>et</strong></span> <span class='ocrx_word' id='word_1_11' title='bbox 1151 277 1242 337; x_wconf 89' lang='lat' dir='ltr'><strong>ipse</strong></span> <span class='ocrx_word' id='word_1_12' title='bbox 1270 275 1584 337; x_wconf 76' lang='lat' dir='ltr'>cupiditatibus</span> <span class='ocrx_word' id='word_1_13' title='bbox 1608 278 1693 322; x_wconf 90' lang='lat' dir='ltr'>suis</span> <span class='ocrx_word' id='word_1_14' title='bbox 1719 297 1728 324; x_wconf 89' lang='lat'><strong>:</strong></span> 
     </span>
     <span class='ocr_line' id='line_1_3' title="bbox 338 347 1729 409; baseline -0.001 -16"><span class='ocrx_word' id='word_1_15' title='bbox 338 349 477 393; x_wconf 91' lang='lat' dir='ltr'>omnis</span> <span class='ocrx_word' id='word_1_16' title='bbox 499 364 602 408; x_wconf 87' lang='lat' dir='ltr'><strong>ergo</strong></span> <span class='ocrx_word' id='word_1_17' title='bbox 624 347 813 409; x_wconf 88' lang='lat' dir='ltr'><strong>populus</strong></span> <span class='ocrx_word' id='word_1_18' title='bbox 836 349 931 394; x_wconf 90' lang='lat' dir='ltr'>talis</span> <span class='ocrx_word' id='word_1_19' title='bbox 946 349 1076 408; x_wconf 83' lang='lat' dir='ltr'><strong>longe</strong></span> <span class='ocrx_word' id='word_1_20' title='bbox 1099 357 1202 392; x_wconf 85' lang='lat' dir='ltr'><strong>esta</strong></span> <span class='ocrx_word' id='word_1_21' title='bbox 1223 347 1550 393; x_wconf 82' lang='lat' dir='ltr'>sanctis.Nolite</span> <span class='ocrx_word' id='word_1_22' title='bbox 1566 348 1729 408; x_wconf 83' lang='lat' dir='ltr'>itaque,</span> 
     </span>
     <span class='ocr_line' id='line_1_4' title="bbox 336 417 1734 477; baseline -0.001 -14"><span class='ocrx_word' id='word_1_23' title='bbox 336 419 490 464; x_wconf 84' lang='lat' dir='ltr'><strong>fratres</strong></span> <span class='ocrx_word' id='word_1_24' title='bbox 505 454 516 474; x_wconf 86' lang='lat'>,</span> <span class='ocrx_word' id='word_1_25' title='bbox 548 419 593 464; x_wconf 94' lang='lat' dir='ltr'>in</span> <span class='ocrx_word' id='word_1_26' title='bbox 614 419 714 464; x_wconf 92' lang='lat' dir='ltr'>solis</span> <span class='ocrx_word' id='word_1_27' title='bbox 735 423 756 464; x_wconf 88' lang='lat' dir='ltr'>J</span> <span class='ocrx_word' id='word_1_28' title='bbox 765 420 899 464; x_wconf 85' lang='lat' dir='ltr'>udaeis</span> <span class='ocrx_word' id='word_1_29' title='bbox 922 420 1005 465; x_wconf 87' lang='lat' dir='ltr'><strong>hoc</strong></span> <span class='ocrx_word' id='word_1_30' title='bbox 1028 418 1253 463; x_wconf 87' lang='lat' dir='ltr'><strong>advertere</strong></span> <span class='ocrx_word' id='word_1_31' title='bbox 1279 438 1287 463; x_wconf 91' lang='lat'>:</span> <span class='ocrx_word' id='word_1_32' title='bbox 1313 417 1414 463; x_wconf 87' lang='lat' dir='ltr'>data</span> <span class='ocrx_word' id='word_1_33' title='bbox 1435 428 1536 463; x_wconf 90' lang='lat' dir='ltr'>sunt</span> <span class='ocrx_word' id='word_1_34' title='bbox 1554 417 1734 477; x_wconf 85' lang='lat' dir='ltr'><strong>quidem</strong></span> 
     </span>
     <span class='ocr_line' id='line_1_5' title="bbox 335 488 1734 552; baseline -0.001 -18"><span class='ocrx_word' id='word_1_35' title='bbox 335 490 382 535; x_wconf 92' lang='lat' dir='ltr'>in</span> <span class='ocrx_word' id='word_1_36' title='bbox 405 489 486 535; x_wconf 71' lang='lat' dir='ltr'>filis</span> <span class='ocrx_word' id='word_1_37' title='bbox 497 491 620 551; x_wconf 81' lang='lat' dir='ltr'>quasi</span> <span class='ocrx_word' id='word_1_38' title='bbox 638 491 857 551; x_wconf 85' lang='lat' dir='ltr'>primitiva</span> <span class='ocrx_word' id='word_1_39' title='bbox 879 490 1074 552; x_wconf 83' lang='lat' dir='ltr'><strong>exempla</strong></span> <span class='ocrx_word' id='word_1_40' title='bbox 1090 525 1101 546; x_wconf 79' lang='lat'>,</span> <span class='ocrx_word' id='word_1_41' title='bbox 1128 500 1176 535; x_wconf 91' lang='lat' dir='ltr'>ut</span> <span class='ocrx_word' id='word_1_42' title='bbox 1197 490 1242 534; x_wconf 92' lang='lat' dir='ltr'>in</span> <span class='ocrx_word' id='word_1_43' title='bbox 1259 489 1335 535; x_wconf 81' lang='lat' dir='ltr'>illo</span> <span class='ocrx_word' id='word_1_44' title='bbox 1353 488 1519 550; x_wconf 90' lang='lat' dir='ltr'><strong>populo</strong></span> <span class='ocrx_word' id='word_1_45' title='bbox 1541 490 1734 534; x_wconf 75' lang='lat' dir='ltr'><strong>eluceret</strong></span> 
     </span>
     <span class='ocr_line' id='line_1_6' title="bbox 336 560 1734 623; baseline -0.001 -16"><span class='ocrx_word' id='word_1_46' title='bbox 336 561 457 623; x_wconf 83' lang='lat' dir='ltr'><strong>quod</strong></span> <span class='ocrx_word' id='word_1_47' title='bbox 490 563 630 608; x_wconf 92' lang='lat' dir='ltr'>omnis</span> <span class='ocrx_word' id='word_1_48' title='bbox 663 564 795 609; x_wconf 89' lang='lat' dir='ltr'>homo</span> <span class='ocrx_word' id='word_1_49' title='bbox 829 573 1014 609; x_wconf 85' lang='lat' dir='ltr'><strong>caveret.</strong></span> <span class='ocrx_word' id='word_1_50' title='bbox 1048 567 1210 622; x_wconf 80' lang='lat' dir='ltr'><strong>Aperte</strong></span> <span class='ocrx_word' id='word_1_51' title='bbox 1241 560 1303 605; x_wconf 90' lang='lat' dir='ltr'>illi</span> <span class='ocrx_word' id='word_1_52' title='bbox 1334 577 1480 621; x_wconf 80' lang='lat' dir='ltr'><strong>regem</strong></span> <span class='ocrx_word' id='word_1_53' title='bbox 1510 562 1734 607; x_wconf 85' lang='lat' dir='ltr'>Christum</span> 
     </span>
     <span class='ocr_line' id='line_1_7' title="bbox 336 633 1734 694; baseline -0.001 -15"><span class='ocrx_word' id='word_1_54' title='bbox 336 644 667 691; x_wconf 87' lang='lat' dir='ltr'><strong>recusaverunt,</strong></span> <span class='ocrx_word' id='word_1_55' title='bbox 699 646 743 681; x_wconf 85' lang='lat' dir='ltr'><strong>et</strong></span> <span class='ocrx_word' id='word_1_56' title='bbox 770 651 915 694; x_wconf 81' lang='lat' dir='ltr'><strong>regem</strong></span> <span class='ocrx_word' id='word_1_57' title='bbox 938 638 1153 681; x_wconf 82' lang='lat' dir='ltr'><strong>Caesarem</strong></span> <span class='ocrx_word' id='word_1_58' title='bbox 1175 633 1415 693; x_wconf 80' lang='lat' dir='ltr'><strong>elegerunt.</strong></span> <span class='ocrx_word' id='word_1_59' title='bbox 1454 636 1530 678; x_wconf 87' lang='lat' dir='ltr'><strong>Est</strong></span> <span class='ocrx_word' id='word_1_60' title='bbox 1553 633 1734 693; x_wconf 81' lang='lat' dir='ltr'><strong>quidem</strong></span> 
     </span>
     <span class='ocr_line' id='line_1_8' title="bbox 336 704 1735 759; baseline -0.001 -10"><span class='ocrx_word' id='word_1_61' title='bbox 336 715 380 750; x_wconf 89' lang='lat' dir='ltr'><strong>et</strong></span> <span class='ocrx_word' id='word_1_62' title='bbox 401 707 544 751; x_wconf 82' lang='lat' dir='ltr'>Caesar</span> <span class='ocrx_word' id='word_1_63' title='bbox 572 722 644 750; x_wconf 81' lang='lat' dir='ltr'><strong>rex</strong></span> <span class='ocrx_word' id='word_1_64' title='bbox 666 707 798 751; x_wconf 89' lang='lat' dir='ltr'>homo</span> <span class='ocrx_word' id='word_1_65' title='bbox 825 706 1077 750; x_wconf 87' lang='lat' dir='ltr'>hominibus</span> <span class='ocrx_word' id='word_1_66' title='bbox 1099 705 1155 749; x_wconf 87' lang='lat' dir='ltr'><strong>ad</strong></span> <span class='ocrx_word' id='word_1_67' title='bbox 1175 705 1369 749; x_wconf 80' lang='lat' dir='ltr'>humana</span> <span class='ocrx_word' id='word_1_68' title='bbox 1386 740 1397 759; x_wconf 83' lang='lat'><strong>‚</strong></span> <span class='ocrx_word' id='word_1_69' title='bbox 1429 704 1507 750; x_wconf 90' lang='lat' dir='ltr'><strong>sed</strong></span> <span class='ocrx_word' id='word_1_70' title='bbox 1530 704 1639 749; x_wconf 87' lang='lat' dir='ltr'>alius</span> <span class='ocrx_word' id='word_1_71' title='bbox 1662 720 1735 748; x_wconf 83' lang='lat' dir='ltr'><strong>rex</strong></span> 
     </span>
     <span class='ocr_line' id='line_1_9' title="bbox 334 774 1734 836; baseline 0 -16"><span class='ocrx_word' id='word_1_72' title='bbox 334 785 399 821; x_wconf 90' lang='lat' dir='ltr'><strong>est</strong></span> <span class='ocrx_word' id='word_1_73' title='bbox 424 776 479 821; x_wconf 87' lang='lat' dir='ltr'><strong>ad</strong></span> <span class='ocrx_word' id='word_1_74' title='bbox 507 777 684 835; x_wconf 82' lang='lat' dir='ltr'>divina3</span> <span class='ocrx_word' id='word_1_75' title='bbox 718 777 826 821; x_wconf 86' lang='lat' dir='ltr'>alius</span> <span class='ocrx_word' id='word_1_76' title='bbox 848 792 923 821; x_wconf 84' lang='lat' dir='ltr'><strong>rex</strong></span> <span class='ocrx_word' id='word_1_77' title='bbox 946 776 1001 821; x_wconf 88' lang='lat' dir='ltr'><strong>ad</strong></span> <span class='ocrx_word' id='word_1_78' title='bbox 1021 776 1156 821; x_wconf 90' lang='lat' dir='ltr'>vitam</span> <span class='ocrx_word' id='word_1_79' title='bbox 1187 774 1471 836; x_wconf 81' lang='lat' dir='ltr'><strong>temporalem</strong></span> <span class='ocrx_word' id='word_1_80' title='bbox 1488 811 1499 831; x_wconf 93' lang='lat'>,</span> <span class='ocrx_word' id='word_1_81' title='bbox 1539 775 1649 820; x_wconf 90' lang='lat' dir='ltr'>alius</span> <span class='ocrx_word' id='word_1_82' title='bbox 1677 775 1734 820; x_wconf 81' lang='lat' dir='ltr'><strong>ad</strong></span> 
     </span>
     <span class='ocr_line' id='line_1_10' title="bbox 333 846 1733 903; baseline -0.001 -11"><span class='ocrx_word' id='word_1_83' title='bbox 333 857 539 892; x_wconf 81' lang='lat' dir='ltr'><strong>aeternam</strong></span> <span class='ocrx_word' id='word_1_84' title='bbox 558 869 568 893; x_wconf 67' lang='grc' dir='ltr'><strong>ι</strong></span> <span class='ocrx_word' id='word_1_85' title='bbox 593 848 700 893; x_wconf 90' lang='lat' dir='ltr'>alius</span> <span class='ocrx_word' id='word_1_86' title='bbox 721 864 796 892; x_wconf 81' lang='lat' dir='ltr'><strong>rex</strong></span> <span class='ocrx_word' id='word_1_87' title='bbox 814 858 1011 893; x_wconf 89' lang='lat' dir='ltr'><strong>terrenus</strong></span> <span class='ocrx_word' id='word_1_88' title='bbox 1029 883 1040 903; x_wconf 86' lang='lat'><strong>‚</strong></span> <span class='ocrx_word' id='word_1_89' title='bbox 1062 847 1171 892; x_wconf 86' lang='lat' dir='ltr'>alius</span> <span class='ocrx_word' id='word_1_90' title='bbox 1194 863 1270 891; x_wconf 76' lang='lat' dir='ltr'><strong>rex</strong></span> <span class='ocrx_word' id='word_1_91' title='bbox 1290 846 1479 892; x_wconf 85' lang='lat' dir='ltr'><strong>coelestis</strong></span> <span class='ocrx_word' id='word_1_92' title='bbox 1508 866 1517 891; x_wconf 93' lang='lat'>:</span> <span class='ocrx_word' id='word_1_93' title='bbox 1545 863 1619 891; x_wconf 81' lang='lat' dir='ltr'><strong>rex</strong></span> <span class='ocrx_word' id='word_1_94' title='bbox 1643 856 1733 891; x_wconf 90' lang='lat' dir='ltr'><strong>ter-</strong></span> 
     </span>
     <span class='ocr_line' id='line_1_11' title="bbox 336 917 1735 978; baseline -0.001 -15"><span class='ocrx_word' id='word_1_95' title='bbox 336 934 465 963; x_wconf 87' lang='lat' dir='ltr'><strong>renus</strong></span> <span class='ocrx_word' id='word_1_96' title='bbox 503 919 585 963; x_wconf 90' lang='lat' dir='ltr'><strong>sub</strong></span> <span class='ocrx_word' id='word_1_97' title='bbox 614 935 714 978; x_wconf 81' lang='lat' dir='ltr'><strong>rege</strong></span> <span class='ocrx_word' id='word_1_98' title='bbox 738 918 927 974; x_wconf 86' lang='lat' dir='ltr'><strong>coelesti,</strong></span> <span class='ocrx_word' id='word_1_99' title='bbox 964 934 1037 963; x_wconf 81' lang='lat' dir='ltr'><strong>rex</strong></span> <span class='ocrx_word' id='word_1_100' title='bbox 1067 917 1256 963; x_wconf 88' lang='lat' dir='ltr'><strong>coelestis</strong></span> <span class='ocrx_word' id='word_1_101' title='bbox 1287 933 1416 978; x_wconf 89' lang='lat' dir='ltr'><strong>super</strong></span> <span class='ocrx_word' id='word_1_102' title='bbox 1440 917 1600 962; x_wconf 88' lang='lat' dir='ltr'>omnia.</span> <span class='ocrx_word' id='word_1_103' title='bbox 1637 920 1735 963; x_wconf 90' lang='lat' dir='ltr'><strong>Non</strong></span> 
     </span>
     <span class='ocr_line' id='line_1_12' title="bbox 334 989 1736 1051; baseline -0.001 -17"><span class='ocrx_word' id='word_1_104' title='bbox 334 1005 439 1049; x_wconf 85' lang='lat' dir='ltr'><strong>ergo</strong></span> <span class='ocrx_word' id='word_1_105' title='bbox 465 989 650 1051; x_wconf 77' lang='lat' dir='ltr'>iniquia</span> <span class='ocrx_word' id='word_1_106' title='bbox 671 989 876 1035; x_wconf 82' lang='lat' dir='ltr'><strong>dixerunt</strong></span> <span class='ocrx_word' id='word_1_107' title='bbox 894 1006 939 1034; x_wconf 90' lang='lat' dir='ltr'><strong>se</strong></span> <span class='ocrx_word' id='word_1_108' title='bbox 960 990 1121 1035; x_wconf 86' lang='lat' dir='ltr'><strong>habere</strong></span> <span class='ocrx_word' id='word_1_109' title='bbox 1146 991 1360 1034; x_wconf 82' lang='lat' dir='ltr'><strong>Caesarem</strong></span> <span class='ocrx_word' id='word_1_110' title='bbox 1386 1003 1531 1047; x_wconf 83' lang='lat' dir='ltr'><strong>regem</strong></span> <span class='ocrx_word' id='word_1_111' title='bbox 1549 1024 1559 1044; x_wconf 83' lang='lat'>‚</span> <span class='ocrx_word' id='word_1_112' title='bbox 1580 1004 1736 1049; x_wconf 87' lang='lat' dir='ltr'><strong>pecca-</strong></span> 
     </span>
     <span class='ocr_line' id='line_1_13' title="bbox 336 1059 1737 1121; baseline -0.001 -16"><span class='ocrx_word' id='word_1_113' title='bbox 336 1070 519 1118; x_wconf 78' lang='lat' dir='ltr'><strong>verunt3</strong></span> <span class='ocrx_word' id='word_1_114' title='bbox 555 1060 633 1105; x_wconf 90' lang='lat' dir='ltr'><strong>sed</strong></span> <span class='ocrx_word' id='word_1_115' title='bbox 659 1061 763 1121; x_wconf 91' lang='lat' dir='ltr'>quia</span> <span class='ocrx_word' id='word_1_116' title='bbox 793 1076 940 1120; x_wconf 79' lang='lat' dir='ltr'><strong>regem</strong></span> <span class='ocrx_word' id='word_1_117' title='bbox 963 1061 1185 1106; x_wconf 83' lang='lat' dir='ltr'>Christum</span> <span class='ocrx_word' id='word_1_118' title='bbox 1215 1060 1378 1104; x_wconf 88' lang='lat' dir='ltr'><strong>habere</strong></span> <span class='ocrx_word' id='word_1_119' title='bbox 1399 1059 1652 1104; x_wconf 88' lang='lat' dir='ltr'>noluerunt.</span> <span class='ocrx_word' id='word_1_120' title='bbox 1679 1062 1737 1104; x_wconf 91' lang='lat' dir='ltr'><strong>Et</strong></span> 
     </span>
     <span class='ocr_line' id='line_1_14' title="bbox 336 1131 1737 1193; baseline -0.001 -16"><span class='ocrx_word' id='word_1_121' title='bbox 336 1132 469 1178; x_wconf 92' lang='lat' dir='ltr'><strong>modo</strong></span> <span class='ocrx_word' id='word_1_122' title='bbox 492 1131 622 1176; x_wconf 89' lang='lat' dir='ltr'>multi</span> <span class='ocrx_word' id='word_1_123' title='bbox 643 1132 866 1178; x_wconf 84' lang='lat' dir='ltr'>Christum</span> <span class='ocrx_word' id='word_1_124' title='bbox 891 1148 1036 1193; x_wconf 80' lang='lat' dir='ltr'><strong>regem</strong></span> <span class='ocrx_word' id='word_1_125' title='bbox 1062 1132 1106 1176; x_wconf 92' lang='lat' dir='ltr'>in</span> <span class='ocrx_word' id='word_1_126' title='bbox 1130 1131 1243 1176; x_wconf 87' lang='lat' dir='ltr'><strong>coelo</strong></span> <span class='ocrx_word' id='word_1_127' title='bbox 1263 1131 1487 1176; x_wconf 86' lang='lat' dir='ltr'><strong>sedentem</strong></span> <span class='ocrx_word' id='word_1_128' title='bbox 1506 1141 1549 1176; x_wconf 90' lang='lat' dir='ltr'><strong>et</strong></span> <span class='ocrx_word' id='word_1_129' title='bbox 1572 1131 1737 1192; x_wconf 88' lang='lat' dir='ltr'>ubique</span> 
     </span>
     <span class='ocr_line' id='line_1_15' title="bbox 338 1200 1732 1263; baseline -0.001 -15"><span class='ocrx_word' id='word_1_130' title='bbox 338 1213 596 1263; x_wconf 84' lang='lat' dir='ltr'><strong>regnantem</strong></span> <span class='ocrx_word' id='word_1_131' title='bbox 622 1204 785 1248; x_wconf 85' lang='lat' dir='ltr'><strong>habere</strong></span> <span class='ocrx_word' id='word_1_132' title='bbox 808 1202 966 1248; x_wconf 89' lang='lat' dir='ltr'>nolunt</span> <span class='ocrx_word' id='word_1_133' title='bbox 988 1223 997 1248; x_wconf 87' lang='lat'>:</span> <span class='ocrx_word' id='word_1_134' title='bbox 1019 1212 1063 1247; x_wconf 91' lang='lat' dir='ltr'><strong>et</strong></span> <span class='ocrx_word' id='word_1_135' title='bbox 1083 1203 1164 1263; x_wconf 90' lang='lat' dir='ltr'>ipsi</span> <span class='ocrx_word' id='word_1_136' title='bbox 1186 1212 1289 1247; x_wconf 90' lang='lat' dir='ltr'>sunt</span> <span class='ocrx_word' id='word_1_137' title='bbox 1307 1202 1382 1263; x_wconf 88' lang='lat' dir='ltr'>qui</span> <span class='ocrx_word' id='word_1_138' title='bbox 1406 1200 1622 1246; x_wconf 81' lang='lat' dir='ltr'>tribulant</span> <span class='ocrx_word' id='word_1_139' title='bbox 1638 1217 1732 1247; x_wconf 88' lang='lat' dir='ltr'>nos.</span> 
     </span>
     <span class='ocr_line' id='line_1_16' title="bbox 337 1274 1737 1320; baseline -0.002 0"><span class='ocrx_word' id='word_1_140' title='bbox 337 1277 502 1320; x_wconf 89' lang='lat' dir='ltr'>Contra</span> <span class='ocrx_word' id='word_1_141' title='bbox 523 1274 633 1320; x_wconf 87' lang='lat' dir='ltr'><strong>tales</strong></span> <span class='ocrx_word' id='word_1_142' title='bbox 654 1276 732 1320; x_wconf 89' lang='lat' dir='ltr'><strong>iste</strong></span> <span class='ocrx_word' id='word_1_143' title='bbox 751 1275 947 1320; x_wconf 83' lang='lat' dir='ltr'>Psalmus</span> <span class='ocrx_word' id='word_1_144' title='bbox 965 1275 1197 1319; x_wconf 87' lang='lat' dir='ltr'>confirmat</span> <span class='ocrx_word' id='word_1_145' title='bbox 1213 1289 1306 1319; x_wconf 87' lang='lat' dir='ltr'>nos.</span> <span class='ocrx_word' id='word_1_146' title='bbox 1333 1276 1515 1318; x_wconf 78' lang='lat' dir='ltr'><strong>Necesse</strong></span> <span class='ocrx_word' id='word_1_147' title='bbox 1533 1283 1597 1318; x_wconf 91' lang='lat' dir='ltr'><strong>est</strong></span> <span class='ocrx_word' id='word_1_148' title='bbox 1619 1274 1737 1317; x_wconf 88' lang='lat' dir='ltr'><strong>enim</strong></span> 
     </span>
     <span class='ocr_line' id='line_1_17' title="bbox 337 1344 1734 1406; baseline -0.001 -16"><span class='ocrx_word' id='word_1_149' title='bbox 337 1354 387 1390; x_wconf 84' lang='lat' dir='ltr'>ut</span> <span class='ocrx_word' id='word_1_150' title='bbox 416 1344 523 1390; x_wconf 86' lang='lat' dir='ltr'><strong>tales</strong></span> <span class='ocrx_word' id='word_1_151' title='bbox 545 1347 763 1406; x_wconf 85' lang='lat' dir='ltr'>patiamur</span> <span class='ocrx_word' id='word_1_152' title='bbox 784 1362 924 1406; x_wconf 88' lang='lat' dir='ltr'><strong>usque</strong></span> <span class='ocrx_word' id='word_1_153' title='bbox 946 1346 992 1389; x_wconf 86' lang='lat' dir='ltr'>in</span> <span class='ocrx_word' id='word_1_154' title='bbox 1013 1346 1146 1389; x_wconf 89' lang='lat' dir='ltr'><strong>finem</strong></span> <span class='ocrx_word' id='word_1_155' title='bbox 1183 1364 1192 1389; x_wconf 79' lang='lat' dir='ltr'>z</span> <span class='ocrx_word' id='word_1_156' title='bbox 1224 1360 1333 1405; x_wconf 90' lang='lat' dir='ltr'>quos</span> <span class='ocrx_word' id='word_1_157' title='bbox 1358 1360 1448 1388; x_wconf 91' lang='lat' dir='ltr'><strong>non</strong></span> <span class='ocrx_word' id='word_1_158' title='bbox 1470 1353 1734 1404; x_wconf 84' lang='lat' dir='ltr'><strong>pateremur,</strong></span> 
     </span>
     <span class='ocr_line' id='line_1_18' title="bbox 337 1416 1738 1476; baseline 0 -16"><span class='ocrx_word' id='word_1_159' title='bbox 337 1416 420 1460; x_wconf 88' lang='lat' dir='ltr'>nisi</span> <span class='ocrx_word' id='word_1_160' title='bbox 437 1416 564 1460; x_wconf 89' lang='lat' dir='ltr'>nobis</span> <span class='ocrx_word' id='word_1_161' title='bbox 587 1417 823 1476; x_wconf 80' lang='lat' dir='ltr'><strong>expediret.</strong></span> <span class='ocrx_word' id='word_1_162' title='bbox 849 1416 1001 1460; x_wconf 91' lang='lat' dir='ltr'>Omnis</span> <span class='ocrx_word' id='word_1_163' title='bbox 1024 1416 1140 1459; x_wconf 83' lang='lat' dir='ltr'><strong>enim</strong></span> <span class='ocrx_word' id='word_1_164' title='bbox 1158 1416 1341 1460; x_wconf 87' lang='lat' dir='ltr'>tentatio</span> <span class='ocrx_word' id='word_1_165' title='bbox 1362 1416 1564 1475; x_wconf 87' lang='lat' dir='ltr'>probatio</span> <span class='ocrx_word' id='word_1_166' title='bbox 1586 1425 1674 1471; x_wconf 81' lang='lat' dir='ltr'><strong>est,</strong></span> <span class='ocrx_word' id='word_1_167' title='bbox 1696 1424 1738 1460; x_wconf 83' lang='lat' dir='ltr'><strong>et</strong></span> 
     </span>
     <span class='ocr_line' id='line_1_19' title="bbox 337 1485 1738 1547; baseline -0.001 -16"><span class='ocrx_word' id='word_1_168' title='bbox 337 1488 478 1532; x_wconf 89' lang='lat' dir='ltr'>omnis</span> <span class='ocrx_word' id='word_1_169' title='bbox 491 1488 763 1547; x_wconf 85' lang='lat' dir='ltr'>probationis</span> <span class='ocrx_word' id='word_1_170' title='bbox 778 1487 959 1531; x_wconf 84' lang='lat' dir='ltr'><strong>effectus</strong></span> <span class='ocrx_word' id='word_1_171' title='bbox 972 1486 1105 1531; x_wconf 84' lang='lat' dir='ltr'><strong>habet</strong></span> <span class='ocrx_word' id='word_1_172' title='bbox 1116 1485 1312 1531; x_wconf 87' lang='lat' dir='ltr'>fructum</span> <span class='ocrx_word' id='word_1_173' title='bbox 1325 1502 1470 1531; x_wconf 88' lang='lat' dir='ltr'>suum.</span> <span class='ocrx_word' id='word_1_174' title='bbox 1483 1486 1593 1540; x_wconf 83' lang='lat' dir='ltr'>Quia</span> <span class='ocrx_word' id='word_1_175' title='bbox 1605 1487 1738 1531; x_wconf 90' lang='lat' dir='ltr'>homo</span> 
     </span>
     <span class='ocr_line' id='line_1_20' title="bbox 338 1557 1738 1620; baseline -0.001 -17"><span class='ocrx_word' id='word_1_176' title='bbox 338 1558 600 1620; x_wconf 89' lang='lat' dir='ltr'><strong>plerumque</strong></span> <span class='ocrx_word' id='word_1_177' title='bbox 621 1560 754 1603; x_wconf 89' lang='lat' dir='ltr'>etiam</span> <span class='ocrx_word' id='word_1_178' title='bbox 775 1559 953 1619; x_wconf 86' lang='lat' dir='ltr'>sibiipsi</span> <span class='ocrx_word' id='word_1_179' title='bbox 972 1558 1148 1618; x_wconf 79' lang='lat' dir='ltr'>ignotus</span> <span class='ocrx_word' id='word_1_180' title='bbox 1168 1568 1234 1603; x_wconf 82' lang='lat' dir='ltr'><strong>est</strong></span> <span class='ocrx_word' id='word_1_181' title='bbox 1258 1577 1267 1603; x_wconf 80' lang='lat' dir='ltr'>z</span> <span class='ocrx_word' id='word_1_182' title='bbox 1293 1557 1521 1619; x_wconf 85' lang='lat' dir='ltr'>quidferat</span> <span class='ocrx_word' id='word_1_183' title='bbox 1540 1594 1550 1614; x_wconf 89' lang='lat'>‚</span> <span class='ocrx_word' id='word_1_184' title='bbox 1575 1557 1738 1619; x_wconf 88' lang='lat' dir='ltr'><strong>quidve</strong></span> 
     </span>
     <span class='ocr_line' id='line_1_21' title="bbox 338 1628 1739 1690; baseline -0.001 -15"><span class='ocrx_word' id='word_1_185' title='bbox 338 1646 431 1675; x_wconf 89' lang='lat' dir='ltr'><strong>non</strong></span> <span class='ocrx_word' id='word_1_186' title='bbox 451 1629 584 1682; x_wconf 89' lang='lat' dir='ltr'><strong>ferat,</strong></span> <span class='ocrx_word' id='word_1_187' title='bbox 611 1631 782 1689; x_wconf 83' lang='lat' dir='ltr'><strong>ignorat</strong></span> <span class='ocrx_word' id='word_1_188' title='bbox 799 1665 810 1686; x_wconf 88' lang='lat'>‚</span> <span class='ocrx_word' id='word_1_189' title='bbox 837 1640 881 1675; x_wconf 93' lang='lat' dir='ltr'><strong>et</strong></span> <span class='ocrx_word' id='word_1_190' title='bbox 900 1629 1138 1690; x_wconf 83' lang='lat' dir='ltr'>aliquando</span> <span class='ocrx_word' id='word_1_191' title='bbox 1161 1630 1386 1690; x_wconf 73' lang='lat' dir='ltr'>praesumit</span> <span class='ocrx_word' id='word_1_192' title='bbox 1413 1645 1457 1675; x_wconf 89' lang='lat' dir='ltr'><strong>se</strong></span> <span class='ocrx_word' id='word_1_193' title='bbox 1487 1628 1600 1674; x_wconf 87' lang='lat' dir='ltr'><strong>ferre</strong></span> <span class='ocrx_word' id='word_1_194' title='bbox 1617 1629 1739 1690; x_wconf 89' lang='lat' dir='ltr'><strong>quod</strong></span> 
     </span>
     <span class='ocr_line' id='line_1_22' title="bbox 339 1699 1738 1762; baseline -0.001 -16"><span class='ocrx_word' id='word_1_195' title='bbox 339 1716 430 1746; x_wconf 90' lang='lat' dir='ltr'><strong>non</strong></span> <span class='ocrx_word' id='word_1_196' title='bbox 447 1710 615 1761; x_wconf 87' lang='lat' dir='ltr'><strong>potest,</strong></span> <span class='ocrx_word' id='word_1_197' title='bbox 637 1710 681 1746; x_wconf 90' lang='lat' dir='ltr'><strong>et</strong></span> <span class='ocrx_word' id='word_1_198' title='bbox 699 1699 937 1762; x_wconf 89' lang='lat' dir='ltr'>aliquando</span> <span class='ocrx_word' id='word_1_199' title='bbox 959 1700 1159 1761; x_wconf 88' lang='lat' dir='ltr'><strong>desperat</strong></span> <span class='ocrx_word' id='word_1_200' title='bbox 1176 1716 1220 1745; x_wconf 88' lang='lat' dir='ltr'><strong>se</strong></span> <span class='ocrx_word' id='word_1_201' title='bbox 1242 1717 1366 1760; x_wconf 83' lang='lat' dir='ltr'><strong>posse</strong></span> <span class='ocrx_word' id='word_1_202' title='bbox 1386 1700 1497 1744; x_wconf 88' lang='lat' dir='ltr'><strong>ferre</strong></span> <span class='ocrx_word' id='word_1_203' title='bbox 1513 1700 1634 1761; x_wconf 90' lang='lat' dir='ltr'><strong>quod</strong></span> <span class='ocrx_word' id='word_1_204' title='bbox 1656 1715 1738 1760; x_wconf 91' lang='lat' dir='ltr'><strong>po-</strong></span> 
     </span>
     <span class='ocr_line' id='line_1_23' title="bbox 342 1772 1738 1833; baseline -0.001 -16"><span class='ocrx_word' id='word_1_205' title='bbox 342 1782 426 1817; x_wconf 86' lang='lat' dir='ltr'><strong>test</strong></span> <span class='ocrx_word' id='word_1_206' title='bbox 444 1792 453 1818; x_wconf 89' lang='lat'>:</span> <span class='ocrx_word' id='word_1_207' title='bbox 472 1772 640 1818; x_wconf 89' lang='lat' dir='ltr'><strong>accedit</strong></span> <span class='ocrx_word' id='word_1_208' title='bbox 655 1773 838 1817; x_wconf 88' lang='lat' dir='ltr'>tentatio</span> <span class='ocrx_word' id='word_1_209' title='bbox 850 1773 974 1833; x_wconf 85' lang='lat' dir='ltr'>quasi</span> <span class='ocrx_word' id='word_1_210' title='bbox 991 1773 1290 1831; x_wconf 80' lang='lat' dir='ltr'>interrogatio,</span> <span class='ocrx_word' id='word_1_211' title='bbox 1312 1781 1356 1816; x_wconf 89' lang='lat' dir='ltr'><strong>et</strong></span> <span class='ocrx_word' id='word_1_212' title='bbox 1372 1772 1592 1817; x_wconf 78' lang='lat' dir='ltr'>invenitur</span> <span class='ocrx_word' id='word_1_213' title='bbox 1605 1773 1738 1816; x_wconf 90' lang='lat' dir='ltr'>homo</span> 
     </span>
     <span class='ocr_line' id='line_1_24' title="bbox 339 1843 1741 1904; baseline -0.001 -15"><span class='ocrx_word' id='word_1_214' title='bbox 339 1860 364 1889; x_wconf 87' lang='lat' dir='ltr'>a</span> <span class='ocrx_word' id='word_1_215' title='bbox 385 1859 429 1889; x_wconf 91' lang='lat' dir='ltr'><strong>se</strong></span> <span class='ocrx_word' id='word_1_216' title='bbox 451 1844 567 1904; x_wconf 77' lang='lat' dir='ltr'>ipsoz,</span> <span class='ocrx_word' id='word_1_217' title='bbox 592 1844 695 1904; x_wconf 88' lang='lat' dir='ltr'>quia</span> <span class='ocrx_word' id='word_1_218' title='bbox 716 1843 882 1888; x_wconf 89' lang='lat' dir='ltr'><strong>latebat</strong></span> <span class='ocrx_word' id='word_1_219' title='bbox 903 1853 945 1887; x_wconf 88' lang='lat' dir='ltr'><strong>et</strong></span> <span class='ocrx_word' id='word_1_220' title='bbox 968 1859 1012 1888; x_wconf 92' lang='lat' dir='ltr'><strong>se</strong></span> <span class='ocrx_word' id='word_1_221' title='bbox 1029 1843 1172 1903; x_wconf 90' lang='lat' dir='ltr'>ipsum</span> <span class='ocrx_word' id='word_1_222' title='bbox 1189 1879 1200 1899; x_wconf 83' lang='lat'>,</span> <span class='ocrx_word' id='word_1_223' title='bbox 1223 1843 1299 1888; x_wconf 89' lang='lat' dir='ltr'><strong>sed</strong></span> <span class='ocrx_word' id='word_1_224' title='bbox 1333 1843 1541 1888; x_wconf 87' lang='lat' dir='ltr'><strong>artificem</strong></span> <span class='ocrx_word' id='word_1_225' title='bbox 1565 1859 1655 1889; x_wconf 89' lang='lat' dir='ltr'><strong>non</strong></span> <span class='ocrx_word' id='word_1_226' title='bbox 1675 1844 1741 1888; x_wconf 90' lang='lat' dir='ltr'>la·-</span> 
     </span>
     <span class='ocr_line' id='line_1_25' title="bbox 341 1914 1739 1976; baseline 0 -16"><span class='ocrx_word' id='word_1_227' title='bbox 341 1916 477 1961; x_wconf 88' lang='lat' dir='ltr'><strong>tebat.</strong></span> <span class='ocrx_word' id='word_1_228' title='bbox 494 1915 684 1960; x_wconf 86' lang='lat' dir='ltr'>Proinde</span> <span class='ocrx_word' id='word_1_229' title='bbox 705 1919 856 1960; x_wconf 89' lang='lat' dir='ltr'><strong>Petrus</strong></span> <span class='ocrx_word' id='word_1_230' title='bbox 872 1916 1148 1975; x_wconf 67' lang='lat' dir='ltr'><strong>praesumpsit</strong></span> <span class='ocrx_word' id='word_1_231' title='bbox 1165 1915 1311 1960; x_wconf 88' lang='lat' dir='ltr'><strong>nescio</strong></span> <span class='ocrx_word' id='word_1_232' title='bbox 1332 1915 1441 1976; x_wconf 89' lang='lat' dir='ltr'>quid</span> <span class='ocrx_word' id='word_1_233' title='bbox 1461 1914 1582 1976; x_wconf 89' lang='lat' dir='ltr'><strong>quod</strong></span> <span class='ocrx_word' id='word_1_234' title='bbox 1598 1916 1644 1959; x_wconf 92' lang='lat' dir='ltr'>in</span> <span class='ocrx_word' id='word_1_235' title='bbox 1662 1915 1739 1961; x_wconf 86' lang='lat' dir='ltr'>illo</span> 
     </span>
     <span class='ocr_line' id='line_1_26' title="bbox 339 1985 1738 2046; baseline 0 -16"><span class='ocrx_word' id='word_1_236' title='bbox 339 1985 540 2031; x_wconf 87' lang='lat' dir='ltr'>nondum</span> <span class='ocrx_word' id='word_1_237' title='bbox 582 1995 695 2042; x_wconf 84' lang='lat' dir='ltr'><strong>erat,</strong></span> <span class='ocrx_word' id='word_1_238' title='bbox 731 2001 870 2046; x_wconf 91' lang='lat' dir='ltr'><strong>usque</strong></span> <span class='ocrx_word' id='word_1_239' title='bbox 904 1985 961 2029; x_wconf 88' lang='lat' dir='ltr'><strong>ad</strong></span> <span class='ocrx_word' id='word_1_240' title='bbox 992 1995 1178 2030; x_wconf 87' lang='lat' dir='ltr'><strong>mortem</strong></span> <span class='ocrx_word' id='word_1_241' title='bbox 1210 2001 1255 2030; x_wconf 93' lang='lat' dir='ltr'><strong>se</strong></span> <span class='ocrx_word' id='word_1_242' title='bbox 1288 2001 1389 2031; x_wconf 90' lang='lat' dir='ltr'><strong>cum</strong></span> <span class='ocrx_word' id='word_1_243' title='bbox 1412 1986 1598 2031; x_wconf 91' lang='lat' dir='ltr'>Domino</span> <span class='ocrx_word' id='word_1_244' title='bbox 1634 1988 1738 2031; x_wconf 91' lang='lat' dir='ltr'><strong>Jesu</strong></span> 
     </span>
     <span class='ocr_line' id='line_1_27' title="bbox 338 2056 1734 2117; baseline -0.001 -16"><span class='ocrx_word' id='word_1_245' title='bbox 338 2057 515 2102; x_wconf 81' lang='lat' dir='ltr'>Christo</span> <span class='ocrx_word' id='word_1_246' title='bbox 537 2071 627 2101; x_wconf 92' lang='lat' dir='ltr'><strong>esse</strong></span> <span class='ocrx_word' id='word_1_247' title='bbox 648 2065 1028 2117; x_wconf 86' lang='lat' dir='ltr'><strong>perseveraturum</strong></span> <span class='ocrx_word' id='word_1_248' title='bbox 1046 2072 1054 2097; x_wconf 92' lang='lat'><strong>:</strong></span> <span class='ocrx_word' id='word_1_249' title='bbox 1076 2056 1187 2101; x_wconf 88' lang='lat' dir='ltr'><strong>vires</strong></span> <span class='ocrx_word' id='word_1_250' title='bbox 1205 2072 1301 2101; x_wconf 85' lang='lat' dir='ltr'>suas</span> <span class='ocrx_word' id='word_1_251' title='bbox 1321 2060 1474 2101; x_wconf 89' lang='lat' dir='ltr'><strong>Petrus</strong></span> <span class='ocrx_word' id='word_1_252' title='bbox 1492 2056 1734 2115; x_wconf 83' lang='lat' dir='ltr'>ignorabat,</span> 
     </span>
     <span class='ocr_line' id='line_1_28' title="bbox 339 2126 1737 2188; baseline 0 -15"><span class='ocrx_word' id='word_1_253' title='bbox 339 2127 418 2173; x_wconf 80' lang='lat' dir='ltr'><strong>sed</strong></span> <span class='ocrx_word' id='word_1_254' title='bbox 441 2128 654 2173; x_wconf 90' lang='lat' dir='ltr'>Dominus</span> <span class='ocrx_word' id='word_1_255' title='bbox 677 2137 872 2173; x_wconf 85' lang='lat' dir='ltr'>noverat.</span> <span class='ocrx_word' id='word_1_256' title='bbox 901 2126 1141 2187; x_wconf 81' lang='lat' dir='ltr'><strong>Respondit</strong></span> <span class='ocrx_word' id='word_1_257' title='bbox 1171 2128 1315 2172; x_wconf 90' lang='lat' dir='ltr'>minus</span> <span class='ocrx_word' id='word_1_258' title='bbox 1337 2127 1547 2172; x_wconf 89' lang='lat' dir='ltr'>idoneum</span> <span class='ocrx_word' id='word_1_259' title='bbox 1569 2128 1646 2188; x_wconf 91' lang='lat' dir='ltr'>qui</span> <span class='ocrx_word' id='word_1_260' title='bbox 1668 2126 1737 2173; x_wconf 87' lang='lat' dir='ltr'>fa-</span> 
     </span>
     <span class='ocr_line' id='line_1_29' title="bbox 341 2196 1738 2259; baseline 0.001 -16"><span class='ocrx_word' id='word_1_261' title='bbox 341 2199 585 2244; x_wconf 82' lang='lat' dir='ltr'><strong>bricaverat</strong></span> <span class='ocrx_word' id='word_1_262' title='bbox 600 2234 611 2254; x_wconf 84' lang='lat'>‚</span> <span class='ocrx_word' id='word_1_263' title='bbox 632 2199 709 2259; x_wconf 86' lang='lat' dir='ltr'><strong>qui</strong></span> <span class='ocrx_word' id='word_1_264' title='bbox 730 2199 860 2243; x_wconf 85' lang='lat' dir='ltr'>etiam</span> <span class='ocrx_word' id='word_1_265' title='bbox 882 2196 1095 2243; x_wconf 87' lang='lat' dir='ltr'>fabricato</span> <span class='ocrx_word' id='word_1_266' title='bbox 1122 2214 1145 2242; x_wconf 88' lang='lat' dir='ltr'>a</span> <span class='ocrx_word' id='word_1_267' title='bbox 1163 2214 1206 2243; x_wconf 93' lang='lat' dir='ltr'><strong>se</strong></span> <span class='ocrx_word' id='word_1_268' title='bbox 1223 2199 1333 2243; x_wconf 89' lang='lat' dir='ltr'><strong>vires</strong></span> <span class='ocrx_word' id='word_1_269' title='bbox 1355 2198 1534 2243; x_wconf 87' lang='lat' dir='ltr'>idoneas</span> <span class='ocrx_word' id='word_1_270' title='bbox 1556 2198 1738 2244; x_wconf 84' lang='lat' dir='ltr'>daturus</span> 
     </span>
     <span class='ocr_line' id='line_1_30' title="bbox 341 2269 1739 2331; baseline 0 -16"><span class='ocrx_word' id='word_1_271' title='bbox 341 2280 456 2326; x_wconf 88' lang='lat' dir='ltr'><strong>erat,</strong></span> <span class='ocrx_word' id='word_1_272' title='bbox 477 2269 587 2331; x_wconf 88' lang='lat' dir='ltr'>quid</span> <span class='ocrx_word' id='word_1_273' title='bbox 606 2269 805 2315; x_wconf 88' lang='lat' dir='ltr'>nondum</span> <span class='ocrx_word' id='word_1_274' title='bbox 829 2269 1030 2325; x_wconf 82' lang='lat' dir='ltr'><strong>dederat,</strong></span> <span class='ocrx_word' id='word_1_275' title='bbox 1051 2270 1236 2328; x_wconf 77' lang='lat' dir='ltr'><strong>sciebat3</strong></span> <span class='ocrx_word' id='word_1_276' title='bbox 1259 2269 1332 2314; x_wconf 87' lang='lat' dir='ltr'><strong>ille</strong></span> <span class='ocrx_word' id='word_1_277' title='bbox 1354 2271 1431 2331; x_wconf 89' lang='lat' dir='ltr'>qui</span> <span class='ocrx_word' id='word_1_278' title='bbox 1448 2269 1648 2314; x_wconf 89' lang='lat' dir='ltr'>nondum</span> <span class='ocrx_word' id='word_1_279' title='bbox 1667 2285 1739 2315; x_wconf 87' lang='lat' dir='ltr'><strong>ac-</strong></span> 
     </span>
     <span class='ocr_line' id='line_1_31' title="bbox 339 2340 1737 2402; baseline -0.001 -16"><span class='ocrx_word' id='word_1_280' title='bbox 339 2351 515 2402; x_wconf 83' lang='lat' dir='ltr'><strong>ceperat</strong></span> <span class='ocrx_word' id='word_1_281' title='bbox 530 2377 541 2397; x_wconf 80' lang='lat'>,</span> <span class='ocrx_word' id='word_1_282' title='bbox 568 2341 789 2386; x_wconf 87' lang='lat' dir='ltr'><strong>nesciebat</strong></span> <span class='ocrx_word' id='word_1_283' title='bbox 808 2361 818 2387; x_wconf 74' lang='grc' dir='ltr'>ε</span> <span class='ocrx_word' id='word_1_284' title='bbox 841 2341 1019 2386; x_wconf 87' lang='lat' dir='ltr'><strong>accessit</strong></span> <span class='ocrx_word' id='word_1_285' title='bbox 1040 2341 1249 2399; x_wconf 77' lang='lat' dir='ltr'>tentatio3</span> <span class='ocrx_word' id='word_1_286' title='bbox 1271 2341 1471 2400; x_wconf 80' lang='lat' dir='ltr'><strong>negavit,</strong></span> <span class='ocrx_word' id='word_1_287' title='bbox 1493 2340 1636 2395; x_wconf 84' lang='lat' dir='ltr'><strong>flevit,</strong></span> <span class='ocrx_word' id='word_1_288' title='bbox 1662 2356 1737 2385; x_wconf 87' lang='lat' dir='ltr'><strong>ac-</strong></span> 
     </span>
     <span class='ocr_line' id='line_1_32' title="bbox 342 2411 1738 2473; baseline -0.001 -16"><span class='ocrx_word' id='word_1_289' title='bbox 342 2412 457 2472; x_wconf 87' lang='lat' dir='ltr'><strong>cepit</strong></span> <span class='ocrx_word' id='word_1_290' title='bbox 474 2415 503 2455; x_wconf 89' lang='lat'><strong>¹.</strong></span> <span class='ocrx_word' id='word_1_291' title='bbox 531 2415 644 2458; x_wconf 90' lang='lat' dir='ltr'><strong>Cum</strong></span> <span class='ocrx_word' id='word_1_292' title='bbox 662 2428 765 2471; x_wconf 76' lang='lat' dir='ltr'><strong>ergo</strong></span> <span class='ocrx_word' id='word_1_293' title='bbox 788 2413 1030 2457; x_wconf 86' lang='lat' dir='ltr'>nesciamus</span> <span class='ocrx_word' id='word_1_294' title='bbox 1053 2411 1161 2472; x_wconf 87' lang='lat' dir='ltr'>quid</span> <span class='ocrx_word' id='word_1_295' title='bbox 1183 2421 1380 2472; x_wconf 81' lang='lat' dir='ltr'><strong>petamus</strong></span> <span class='ocrx_word' id='word_1_296' title='bbox 1405 2421 1616 2473; x_wconf 84' lang='lat' dir='ltr'>tanquam</span> <span class='ocrx_word' id='word_1_297' title='bbox 1647 2427 1738 2456; x_wconf 90' lang='lat' dir='ltr'><strong>non</strong></span> 
     </span>
     <span class='ocr_line' id='line_1_33' title="bbox 342 2482 1732 2544; baseline -0.001 -16"><span class='ocrx_word' id='word_1_298' title='bbox 342 2482 577 2539; x_wconf 83' lang='lat' dir='ltr'><strong>habentes,</strong></span> <span class='ocrx_word' id='word_1_299' title='bbox 610 2493 654 2528; x_wconf 89' lang='lat' dir='ltr'><strong>et</strong></span> <span class='ocrx_word' id='word_1_300' title='bbox 690 2483 809 2528; x_wconf 88' lang='lat' dir='ltr'><strong>unde</strong></span> <span class='ocrx_word' id='word_1_301' title='bbox 842 2484 996 2543; x_wconf 85' lang='lat' dir='ltr'>gratias</span> <span class='ocrx_word' id='word_1_302' title='bbox 1018 2499 1194 2543; x_wconf 83' lang='lat' dir='ltr'>agamus</span> <span class='ocrx_word' id='word_1_303' title='bbox 1214 2493 1424 2544; x_wconf 79' lang='lat' dir='ltr'>tanquam</span> <span class='ocrx_word' id='word_1_304' title='bbox 1447 2482 1705 2543; x_wconf 83' lang='lat' dir='ltr'><strong>accipientes</strong></span> <span class='ocrx_word' id='word_1_305' title='bbox 1721 2517 1732 2538; x_wconf 89' lang='lat'>,</span> 
     </span>
     <span class='ocr_line' id='line_1_34' title="bbox 390 2567 1163 2612; baseline -0.003 -10"><span class='ocrx_word' id='word_1_306' title='bbox 390 2574 400 2593; x_wconf 90' lang='lat'><em>¹</em></span> <span class='ocrx_word' id='word_1_307' title='bbox 422 2570 499 2602; x_wconf 90' lang='lat' dir='ltr'><strong>Luc.</strong></span> <span class='ocrx_word' id='word_1_308' title='bbox 515 2579 594 2612; x_wconf 78' lang='lat' dir='ltr'><strong>xxn,</strong></span> <span class='ocrx_word' id='word_1_309' title='bbox 614 2567 732 2612; x_wconf 84' lang='lat'><strong>33-62‚</strong></span> <span class='ocrx_word' id='word_1_310' title='bbox 752 2572 785 2603; x_wconf 90' lang='lat' dir='ltr'><strong>et</strong></span> <span class='ocrx_word' id='word_1_311' title='bbox 807 2569 918 2603; x_wconf 79' lang='lat' dir='ltr'>matth.</span> <span class='ocrx_word' id='word_1_312' title='bbox 937 2579 1027 2610; x_wconf 80' lang='lat' dir='ltr'>xxvi,</span> <span class='ocrx_word' id='word_1_313' title='bbox 1050 2568 1163 2611; x_wconf 81' lang='lat'><strong>69-75.</strong></span> 
     </span>
    </p>
   </div>
  </div>
 </body>
</html>
