1841 3223
357 232 599 263 ENARRATIO
630 235 675 262 m
709 233 911 263 PsALMUM
943 235 1060 261 xmv.
1334 222 1416 261 285

32 304 123 363 ipse
144 301 308 346 invenit
328 300 465 344 multa
487 299 606 344 foeda
624 335 635 355 ,
661 308 704 344 et
727 300 885 344 amavit
907 315 985 343 nos
1018 318 1026 343 z
1058 298 1092 342 si
1121 296 1286 358 aliquid
1308 295 1420 341 foedi
1442 356 1445 358 q

32 372 325 417 invenerimus
344 371 391 414 in
407 385 475 424 eo,
500 385 588 413 non
607 385 816 413 amemus.
838 369 948 422 Quia
966 378 1009 413 et
1031 369 1114 413 hoc
1136 367 1277 428 ipsum
1300 366 1423 427 quod

34 458 208 487 carnem
230 441 409 485 indutus
431 447 508 494 est,
529 448 580 483 ut
596 438 651 483 de
673 438 749 483 illo
771 439 900 482 etiam
922 439 1166 483 diceretur:
1185 457 1205 480 «
1223 437 1424 482 Vidimus

38 530 60 554 »
94 527 217 567 eum,
249 519 293 555 et
319 525 409 555 non
441 508 635 553 habebat
663 508 849 568 speciem
880 524 1024 568 neque
1053 509 1279 554 decorem1
1305 527 1315 553 ε
1343 527 1363 550 >ι
1389 508 1425 552 si

36 581 282 628 consideres
310 578 651 625 misericordiam
682 595 768 640 qua
792 578 931 623 factus
959 589 1044 635 est,
1081 589 1124 624 et
1157 580 1218 624 ihi
1242 579 1426 640 pulcher

36 663 114 698 est.
138 653 223 699 Sed
243 652 500 698 ,Iudaeorum
523 666 751 712 personam
776 651 953 710 gerebat
978 652 1220 711 Propheta,
1247 667 1347 695 cum
1366 650 1428 696 di-

37 732 154 769 ceret
186 742 196 768 ε
230 743 252 766 «
277 721 476 768 Vidimus
506 737 633 777 eum,
670 731 714 766 et
750 737 840 766 non
860 721 1052 765 habebat
1073 721 1262 781 speciem
1284 737 1431 782 neque

41 813 62 837 »
74 793 291 839 decorem.
310 811 331 835 »
352 795 526 847 Quare?
540 792 652 846 Quia
671 808 760 837 non
773 791 820 835 in
832 791 1120 836 intellectum.
1137 791 1429 849 Intelligenti-

38 866 120 910 bus
142 874 289 910 autem
303 900 314 921 ,
344 884 364 907 «
383 867 441 909 Et
461 863 656 908 Verbum
673 879 772 908 caro
794 863 960 908 factum
979 872 1043 907 est
1055 866 1088 918 ²,
1112 881 1132 904 »
1154 879 1310 923 magna
1333 862 1430 923 pul-

37 935 242 981 chritudo
259 943 347 990 est,
377 953 397 977 «
416 934 526 979 Mihi
550 943 695 978 autem
714 933 827 978 absit
845 932 1018 993 gloriari
1035 969 1046 989 ,
1069 932 1175 978 dixit
1197 950 1310 977 unus
1328 934 1430 978 ami-

43 1026 63 1048 »
88 1021 240 1051 corum
255 1005 425 1065 Sponsi,
440 1005 523 1049 nisi
541 1004 587 1048 iu
600 1020 728 1049 cruce
740 1004 915 1049 Domini
928 1004 1063 1049 nostri
1081 1007 1105 1049 J
1109 1020 1184 1048 esu
1196 1005 1425 1050 Christi3.»

40 1079 200 1121 Parum
223 1085 288 1120 est
307 1084 359 1119 ut
379 1091 470 1120 non
503 1073 606 1118 inde
628 1074 856 1119 erubescas
870 1109 881 1130 ‚
901 1075 983 1119 nisi
1005 1075 1134 1119 etiam
1156 1084 1200 1119 et
1217 1075 1427 1134 glorieris.

40 1149 184 1200 Quare
219 1161 320 1204 ergo
353 1161 442 1190 non
469 1144 626 1189 habuit
655 1146 841 1205 speciem
876 1161 1019 1205 neque
1052 1145 1286 1190 decorem?
1318 1146 1431 1199 Quia

40 1217 237 1263 Christus
254 1217 483 1262 crucifixus
497 1251 508 1272 ,
532 1216 695 1260 Judaeis
716 1215 893 1277 quidem
916 1215 1192 1272 scandalum,
1219 1217 1431 1262 Gentibus

41 1287 239 1332 stultitia.
273 1289 418 1340 Quare
441 1295 587 1331 autem
609 1295 652 1330 et
672 1286 718 1330 in
740 1297 869 1331 cruce
887 1287 1041 1332 habuit
1066 1287 1299 1333 decorem?
1322 1288 1434 1341 Quia

41 1356 165 1420 quod
196 1357 380 1402 stultum
403 1366 466 1401 est
486 1357 592 1412 Dei,
628 1357 862 1417 sapientius
885 1368 948 1402 est
971 1374 1103 1419 quam
1137 1359 1334 1404 homines
1354 1380 1365 1416 3
1390 1352 1436 1403 et

43 1428 165 1490 quod
188 1429 412 1473 infirmum
430 1437 496 1472 est
512 1428 606 1484 Dei,
626 1427 782 1473 fortius
801 1438 864 1474 est
885 1445 1017 1489 quam
1041 1431 1279 1475 homines&
1300 1430 1435 1476 Nobis

42 1515 144 1559 ergo
166 1500 258 1560 jam
279 1500 583 1555 credentibus,
609 1500 774 1561 ubique
796 1516 978 1560 sponsus
1001 1501 1184 1561 pulcher
1215 1511 1431 1546 occurrat.

45 1570 233 1616 Pulcher
264 1573 406 1626 Deus,
444 1570 640 1614 Verbum
677 1570 795 1630 apud
830 1574 1003 1616 Deum:
1037 1571 1221 1632 pulcher
1242 1573 1287 1617 in
1312 1582 1437 1617 utero

45 1641 249 1699 Virginis,
269 1640 348 1685 ubi
370 1656 460 1685 non
482 1641 625 1685 amisit
640 1641 921 1685 Divinitatem
931 1677 946 1698 ,
972 1651 1015 1686 et
1036 1643 1219 1702 sumpsit
1239 1643 1439 1688 humani-

45 1720 181 1756 tatem
206 1729 216 1755 :
239 1710 424 1771 pulcher
448 1719 576 1755 natus
599 1710 743 1755 infans
761 1711 986 1763 Verbum3
1011 1713 1114 1772 quia
1142 1723 1186 1757 et
1207 1730 1307 1758 cum
1331 1722 1442 1758 esset

45 1781 189 1826 infans
206 1816 217 1836 ,
243 1797 344 1826 cum
367 1791 566 1841 sugeret,
592 1797 694 1826 cum
723 1782 926 1826 manibus
947 1791 1221 1842 portaretur,
1247 1785 1350 1829 coeli
1372 1785 1442 1830 lo-

48 1851 140 1895 cuti
161 1859 289 1906 sunt,
313 1850 472 1908 Angeli
497 1848 651 1893 laudes
673 1848 876 1894 dixerunt
891 1884 902 1905 ,
938 1854 1086 1907 Magos
1109 1853 1232 1896 stella
1254 1855 1440 1910 direxit,

50 1919 253 1966 adoratus
275 1928 339 1964 est
361 1920 408 1963 in
428 1919 638 1980 praesepi,
665 1919 826 1963 cibaria
853 1925 1223 1966 mansuetorum5.
1258 1923 1446 1968 Pulcher

51 2006 152 2050 ergo
179 1991 227 2035 in
247 1990 376 2047 coelo,
393 1989 577 2051 pulcher
598 1991 643 2034 in
661 1999 797 2048 terra,
821 1990 1005 2051 pulcher
1025 1992 1070 2035 in
1092 2002 1240 2049 utero,
1261 1995 1445 2054 pulcher

50 2063 98 2108 in
118 2062 321 2107 manibus
352 2071 615 2122 parentum,
641 2061 825 2122 pulcher
846 2062 892 2106 in
918 2062 1166 2120 miraculis,
1193 2065 1376 2125 pulcher
1398 2067 1446 2112 in

52 2132 261 2192 flagellis,
284 2132 469 2192 pulcher
496 2132 684 2177 invitans
708 2132 764 2177 ad
784 2132 942 2189 vitam,
967 2133 1150 2193 pulcher
1172 2151 1262 2180 non
1289 2153 1446 2182 curans

53 2211 263 2261 mortem3
291 2203 476 2263 pulcher
500 2201 724 2263 deponens
757 2203 946 2247 animam
964 2239 974 2259 ,
999 2205 1182 2264 pulcher
1203 2207 1443 2267 recipiens3

52 2273 239 2333 pulcher
261 2273 309 2317 in
330 2272 451 2333 ligno
467 2307 478 2328 ,
508 2272 692 2332 pulcher
725 2273 771 2317 in
793 2273 1015 2334 sepulcro,
1039 2275 1223 2334 pulcher
1244 2278 1290 2321 in
1312 2278 1441 2324 coelo.

37 2345 110 2387 ‘In
130 2341 403 2388 intellectum
429 2341 577 2387 audite
599 2343 831 2388 Canticum
851 2379 862 2399 ,
897 2345 1214 2405 nequeaoculos
1235 2358 1399 2394 vestros
1421 2366 1447 2394 a

59 2430 83 2459 a
111 2413 342 2474 splendore
362 2412 704 2474 pulchritudinis
721 2413 837 2459 illius
857 2425 1022 2461 avertat
1039 2417 1178 2462 carnis
1199 2418 1442 2466 infirmitas.

107 2516 117 2533 ¹
138 2511 210 2542 lsai.
229 2520 294 2552 mn,
309 2518 341 2543 2.
358 2527 400 2534 —-
420 2516 433 2532 ²
450 2513 544 2544 Joan.
560 2523 589 2553 1,
617 2510 668 2553 14.
692 2528 731 2535 —-
746 2509 759 2535 3
778 2512 847 2545 Gal.
866 2524 882 2544 x*
907 2538 917 2555 ,
940 2511 989 2555 14.
1015 2530 1058 2536 —-
1074 2512 1091 2544 4
1113 2526 1124 2547 1
1147 2517 1218 2549 Cor.
1235 2528 1258 2559 1,
1276 2518 1317 2550 23
1336 2523 1369 2551 ct
1386 2519 1441 2552 25.

62 2582 105 2589 ·-
124 2564 138 2589 ⁵
156 2568 231 2598 Luc.
253 2578 290 2609 1¹,
310 2565 410 2609 8-143
427 2571 460 2599 ct
479 2567 590 2599 Mattb.
609 2578 643 2609 n,
667 2579 694 2600 1.
