1841 3223
230 255 472 286 munim-rio
503 258 519 286 1
551 258 597 284 nv
628 253 831 284 PsALMUM
863 255 1029 293 xmm,
1064 251 1191 283 semu.
1227 255 1257 282 ι.
1356 243 1440 281 377

117 323 174 366 X.
208 323 266 366 Et
286 321 394 382 quid
409 320 518 365 dixit
534 319 589 364 de
605 320 680 365 tali
702 320 910 366 homine?
928 339 947 362 «
962 317 1243 364 Etlaboravit
1254 317 1299 362 in
1315 327 1442 363 aeter-

58 409 81 433 »
115 406 245 447 num,
269 400 313 435 et
333 390 450 435 vivet
469 390 515 433 in
536 390 668 433 finem
687 392 717 434 ¹.
745 408 765 432 u
792 390 936 434 Labor
971 390 1061 449 ejus
1098 388 1189 432 sine
1217 387 1304 432 fine
1330 388 1438 443 erit,

57 461 147 506 vita
167 461 298 521 ipsius
320 459 502 505 habebit
521 459 668 503 finem.
695 461 833 512 Quare
856 460 939 504 hoc
961 459 1089 513 dixit,
1119 459 1277 502 «Vivet
1307 458 1353 502 in
1386 458 1442 502 fi-

60 549 83 574 »
117 533 248 578 nem?
272 550 292 573 »
318 531 462 576 Vitam
494 530 656 591 quippe
698 546 787 574 non
827 539 1000 590 ponunt
1026 530 1116 585 isti,
1157 529 1238 574 nisi
1270 528 1443 574 delicias

58 602 349 664 quotidianas.
373 601 496 647 Adeo
517 601 642 645 multi
660 601 808 661 inopes
830 610 873 646 et
889 616 1098 662 pauperes
1116 600 1272 656 nostri,
1286 616 1442 660 parum

57 673 169 717 firmi
187 708 198 728 ,
218 682 262 717 et
282 689 373 718 non
398 673 618 716 intuentes
639 672 746 733 quid
767 671 850 716 illis
871 672 1097 732 promittat
1117 674 1230 715 Deus
1251 686 1331 730 pro
1352 671 1442 716 istis

56 743 299 800 laboribus,
325 759 423 789 eum
454 743 640 788 viderint
663 742 816 788 divites
848 743 894 787 in
917 742 1054 804 epulis
1076 740 1360 802 quotidianis,
1395 742 1442 786 in

57 813 287 875 splendore
324 824 368 859 et
401 815 542 859 nitore
569 815 661 858 auri
694 823 737 858 et
768 814 965 873 argenti,
1001 812 1109 874 quid
1135 811 1322 856 dieunt?
1354 811 1442 857 Soli

57 894 160 930 sunt
188 885 284 941 isti,
308 884 378 929 isti
396 900 496 930 vere
525 885 691 930 vivunt.
712 884 906 942 Dicitur,
935 884 1024 943 jam
1052 898 1142 928 non
1179 882 1363 937 dicatur,
1399 891 1442 926 et

57 969 310 1014 monemus,
328 955 407 1000 etsi
422 954 506 1000 diei
527 955 674 1009 habet,
690 953 756 1000 vel
779 971 801 999 a
819 954 1095 1015 paucioribus
1109 952 1294 1008 dicatur,
1310 968 1442 1013 quam

58 1024 292 1080 diceretur,
316 1025 352 1070 si
373 1041 463 1070 non
483 1041 773 1071 moneremus.
806 1029 915 1071 Nam
932 1040 1012 1070 nec
1026 1041 1104 1070 nos
1119 1024 1437 1085 praesumimus,

57 1097 115 1140 ita
150 1112 228 1141 nos
259 1097 340 1141 ista
371 1095 513 1141 dicere
540 1106 591 1142 ut
610 1112 700 1142 non
722 1096 906 1151 dicatur,
931 1095 1006 1140 sed
1026 1095 1095 1140 vel
1117 1111 1140 1140 a
1162 1094 1440 1155 paucioribus

57 1165 258 1219 dicatur;
282 1181 382 1211 nam
405 1166 574 1212 dicetur
595 1182 734 1228 usque
754 1167 798 1211 in
822 1168 954 1211 finem
975 1165 1136 1211 saeculi.
1164 1169 1322 1210 Parum
1347 1174 1411 1209 est
1426 1200 1437 1221 ,

55 1236 157 1297 quia
179 1237 285 1282 dicit
305 1252 406 1281 eum
427 1237 602 1295 vivere3
627 1237 852 1298 adjungit,
888 1246 932 1283 et
967 1236 1094 1292 dicit,
1130 1245 1282 1281 tonat:
1309 1239 1440 1280 Putas

55 1322 155 1351 eum
176 1306 318 1352 solum
334 1307 478 1352 vivere
503 1327 512 1353 :
537 1307 681 1363 vivat,
721 1308 897 1352 finietur
915 1308 1003 1352 vita
1038 1308 1196 1367 ipsius,
1233 1306 1443 1367 quoniame

53 1393 142 1422 non
171 1377 246 1422 dat
265 1377 454 1438 pretium
475 1377 785 1438 redemptionis
808 1378 962 1422 animae
983 1392 1072 1421 suae
1087 1412 1097 1432 ,
1123 1377 1298 1421 finietur
1318 1377 1405 1421 vita
1425 1411 1437 1432 ,

53 1448 178 1493 labor
198 1464 288 1493 non
309 1449 500 1494 finietur.
528 1468 549 1490 «
575 1449 809 1494 Laboravit
836 1450 882 1493 in
916 1458 1154 1504 aeternum,
1180 1457 1223 1492 et
1255 1449 1370 1492 vivet
1393 1448 1439 1492 in

56 1537 78 1560 n
111 1520 259 1564 finem.
286 1538 307 1561 »
340 1519 571 1574 Quomodo
592 1520 709 1565 vivet
730 1521 776 1564 in
808 1521 969 1565 finem?
1000 1518 1231 1574 Quomodo
1267 1518 1440 1563 vivebat

52 1587 125 1633 ille
145 1590 221 1650 qui
239 1590 503 1635 induebatur
523 1607 716 1651 purpura
733 1600 776 1635 et
797 1591 950 1649 bysso,
976 1600 1020 1635 et
1041 1589 1301 1650 epulabatur
1326 1603 1439 1650 quo-

53 1659 158 1704 tidie
179 1659 405 1720 splendide
419 1697 430 1716 ,
456 1671 499 1706 et
513 1663 729 1721 jacentem
748 1660 993 1705 ulcerosum
1015 1669 1114 1704 ante
1130 1661 1309 1720 januam
1325 1695 1336 1715 ,
1362 1675 1440 1704 cu-

49 1729 120 1789 jus
141 1730 287 1775 ulcera
308 1746 436 1775 canes
457 1731 740 1789 linguebant,
766 1739 809 1775 et
835 1730 1152 1775 desiderantem
1179 1730 1311 1774 micas
1340 1746 1440 1790 quae

53 1798 109 1842 de
126 1814 272 1844 mensa
290 1802 383 1860 ejus
401 1799 643 1854 cadebant,
663 1800 877 1859 superbus
900 1809 943 1844 et
965 1799 1157 1845 tumidus
1184 1809 1439 1845 contemne-

52 1868 142 1914 bat.
168 1868 284 1922 Quid
304 1869 368 1914 illi
400 1868 660 1930 profuerunt
691 1869 777 1914 illae
805 1870 1004 1917 divitiae?
1025 1875 1307 1916 Mutaverunt
1326 1872 1440 1917 vices

53 1938 182 1984 ambo
202 1959 211 1984 :
232 1938 306 1983 ille
320 1956 343 1984 a
357 1941 491 2000 janua
510 1939 653 1984 divitis
670 1939 867 1985 sublatus
890 1951 953 1986 est
980 1942 1026 1985 in
1048 1942 1192 1986 sinum
1219 1942 1407 1986 Abrabae
1424 1977 1437 1998 ,

52 2007 125 2052 ille
141 2009 196 2052 ab
213 2009 350 2068 epulis
371 2009 608 2069 splendidis
630 2010 783 2055 missus
805 2021 868 2055 est
885 2012 930 2055 in
952 2012 1096 2070 ignem
1124 2032 1133 2058 ε
1154 2012 1226 2056 ille
1248 2013 1442 2073 requies·

52 2078 194 2134 cebat,
214 2078 287 2123 ille
300 2079 507 2136 ardebat,
530 2080 767 2124 satiabatur
787 2079 882 2136 ille,
899 2080 971 2125 ille
988 2082 1159 2127 sitiebat
1186 2102 1194 2127 :
1220 2082 1291 2126 ille
1314 2082 1440 2127 labo-

52 2158 220 2193 raverat
240 2149 285 2193 in
307 2150 462 2205 finem,
488 2150 660 2195 vivebat
682 2151 728 2194 in
749 2160 962 2196 aeternum
989 2174 1000 2210 3
1033 2153 1105 2197 ille
1133 2153 1296 2197 vixerat
1317 2154 1361 2197 in
1384 2154 1439 2198 fi-

52 2233 151 2262 nem
171 2253 182 2274 ,
206 2217 436 2264 laborabat
465 2220 510 2264 in
542 2229 769 2265 aeternum.
807 2225 863 2267 Et
886 2222 993 2282 quid
1016 2221 1178 2282 profuit
1197 2222 1340 2278 diviti,
1363 2224 1440 2284 qui

0 2333 1 2350 ἶ
51 2288 252 2348 quaesivit
272 2289 386 2349 apud
416 2288 608 2334 infernos
634 2290 680 2334 in
711 2293 936 2336 tormentis
969 2293 1156 2352 positus,
1182 2293 1331 2337 stillari
1359 2294 1441 2339 sibi

0 2387 2 2419 ᾗ
52 2367 219 2415 guttam
237 2374 364 2419 aquae
385 2359 432 2403 in
452 2358 645 2418 linguam
669 2376 792 2405 suam
817 2362 872 2406 de
899 2361 1034 2420 digito
1057 2363 1231 2417 Lazari,
1257 2363 1403 2408 dicens
1423 2380 1433 2406 ε

0 2436 2 2477 ᾗ
56 2447 77 2470 «
111 2429 322 2480 Quoniam
344 2428 474 2474 ardeo
487 2430 558 2474 hie
579 2430 624 2474 in
637 2431 717 2475 hac
732 2431 927 2487 flamma,
957 2451 976 2474 »
1004 2442 1045 2477 et
1060 2449 1149 2478 non
1172 2432 1234 2477 illi
1251 2450 1436 2479 conces-

0 2495 1 2554 l
51 2512 148 2542 sum
171 2507 235 2542 est
251 2500 303 2543 2?
325 2499 393 2545 Sie
415 2499 671 2545 desideravit
685 2501 758 2545 ille
781 2511 948 2561 guttam
961 2501 1016 2548 de
1037 2501 1195 2563 digito,
1210 2504 1435 2564 quomodo

98 2598 108 2614 ¹
128 2592 208 2626 Psal.
228 2603 341 2636 nvm,
365 2605 417 2628 10.
439 2611 480 2619 -
500 2601 514 2618 ²
532 2596 609 2628 Luc.
630 2605 699 2636 xvi,
725 2596 832 2639 19-26.
