1841 3223
425 254 666 284 ENARnn-ro
698 256 744 283 m
775 253 978 283 PsALMnM
1010 255 1100 283 xm.
1370 242 1453 281 233

74 321 129 365 de
146 336 236 382 quo
254 321 524 383 loquendum
548 331 611 366 est
626 321 747 366 vobis
760 356 776 377 ,
800 335 1044 380 congruum
1066 317 1277 364 desiderio
1293 328 1452 365 vestro.

74 393 220 452 Coepit
236 393 352 437 enim
381 392 472 452 ipse
493 391 686 436 Psalmus
707 407 729 435 a
755 400 904 435 sancto
926 390 1118 451 quodam
1150 388 1361 434 desiderio
1377 425 1387 445 ,
1414 399 1458 435 et

74 462 133 506 ait
154 463 230 523 qui
254 463 313 507 sic
334 471 482 507 cantat
507 481 516 507 ε
545 481 565 504 «
591 460 972 515 Quemadmodum
995 460 1212 505 desiderat
1232 476 1382 505 cervus
1403 461 1458 505 ad

75 552 95 574 »
122 533 264 578 fontes
276 547 503 593 aquarum,
527 532 587 576 ita
610 531 825 576 desiderat
841 532 983 575 anima
1001 546 1096 575 mea
1114 531 1169 574 ad
1189 540 1247 586 te,
1269 534 1380 575 Deus
1393 534 1452 575 ¹.»

72 604 178 657 Quis
199 620 300 664 ergo
328 613 392 648 est
412 603 489 665 qui
512 604 596 648 hcc
619 603 754 648 dicit?
780 603 822 648 Si
842 602 1068 657 volumus,
1100 617 1178 646 nos
1212 618 1374 647 sumus.
1402 606 1459 648 Et

72 675 180 736 quid
212 690 379 736 quaeras
407 683 523 718 extra
544 675 743 734 quisnam
776 673 851 728 sit,
876 688 977 717 cum
1005 673 1049 716 in
1080 681 1152 716 tua
1175 682 1387 733 potestate
1406 674 1460 718 sit

72 761 161 791 6336
177 745 297 808 quod
317 746 504 807 quaeris?
527 749 690 790 Tamen
715 761 804 790 nou
826 760 940 789 unus
957 745 1090 789 homo
1110 753 1195 799 est,
1222 743 1297 787 sed
1320 760 1460 788 unum

72 833 228 877 corpus
245 826 308 862 est
329 836 338 862 z
357 832 513 877 corpus
538 825 684 860 autem
703 815 862 861 Christi
878 814 1068 859 Ecclesia
1088 818 1194 859 est2.
1212 817 1300 859 Nec
1315 815 1460 859 omni„

71 888 152 933 bus
188 888 264 948 qui
306 888 471 932 intrant
503 886 739 931 Ecclesiam
759 922 769 942 ,
801 886 1022 930 invenitur
1050 884 1136 929 tale
1157 884 1419 929 desiderium
1447 905 1456 931 ε

71 959 146 1004 sed
165 968 312 1004 tamen
334 959 602 1019 quicumque
624 958 879 1008 suavitatem
892 957 1068 1002 Domini
1088 966 1396 1015 gustaverunt,
1417 965 1463 1003 ct

70 1029 192 1091 quod
208 1029 268 1073 eis
289 1029 400 1089 sapit
423 1038 662 1087 agnoscunt
691 1030 736 1072 in
758 1029 939 1073 Cantico
959 1063 969 1083 ,
996 1043 1086 1072 non
1103 1036 1260 1087 putent
1282 1043 1325 1071 se
1348 1026 1460 1072 solos

71 1115 181 1156 esse,
207 1099 283 1144 sed
310 1098 411 1144 talia
431 1099 593 1143 semina
631 1114 775 1159 sparsa
806 1098 986 1142 credant
1007 1099 1052 1141 in
1075 1112 1176 1156 agro
1214 1096 1455 1153 dominico,

70 1179 164 1216 toto
204 1170 311 1215 orbe
351 1180 563 1214 terrarum
584 1205 594 1225 ,
638 1178 681 1214 et
723 1168 951 1229 cujusdam
1000 1168 1179 1212 unitatis
1217 1168 1460 1212 christianae

70 1258 158 1287 esse
189 1257 342 1286 vocem
375 1242 489 1286 hanc
526 1261 534 1286 :
577 1259 597 1283 «
635 1240 1021 1295 Quemadmodum
1054 1238 1271 1284 desiderat
1308 1255 1460 1284 cervus

72 1331 93 1355 »
124 1313 179 1358 ad
206 1312 349 1357 fontes
371 1327 607 1373 aquarum,
643 1311 702 1357 sic
738 1310 954 1356 desiderat
985 1311 1126 1355 anima
1161 1326 1256 1354 mea
1295 1310 1350 1354 ad
1382 1319 1424 1354 te
1443 1346 1454 1366 ,

72 1401 93 1425 »
119 1386 247 1428 Deus.
284 1401 306 1424 »
337 1386 394 1427 Et
416 1382 595 1443 quidem
629 1398 718 1426 non
745 1381 857 1426 male
879 1381 1138 1440 intelligitur
1170 1397 1252 1426 vox
1281 1396 1370 1425 6336
1383 1397 1460 1426 6ο-

69 1469 194 1508 rum,
233 1453 309 1514 qui
343 1467 443 1497 cum
463 1453 549 1497 sint
581 1452 909 1506 catechumeni,
947 1450 1002 1495 ad
1020 1452 1202 1510 gratiam
1235 1451 1370 1496 sancti
1392 1450 1460 1495 la-

68 1524 186 1568 vacri
220 1522 442 1568 festinant.
488 1522 612 1567 Unde
645 1531 689 1566 et
720 1521 969 1566 solemniter
1001 1530 1200 1565 cantatur
1233 1521 1304 1565 hic
1337 1520 1459 1565 Psal-

0 1633 1 1636 ,
67 1609 191 1650 mus,
216 1604 266 1639 ut
298 1595 356 1639 ita
390 1594 638 1639 desiderent
662 1593 828 1638 fontem
856 1592 1117 1637 remissionis
1148 1601 1427 1652 peccatorum
1444 1628 1455 1648 ,

73 1684 94 1707 «
109 1664 486 1718 Quemadmodum
502 1664 717 1708 desiderat
735 1679 886 1708 cervus
905 1663 960 1707 ad
974 1663 1115 1708 fontes
1132 1679 1388 1723 aquarum.»
1398 1664 1462 1709 Sit

68 1735 174 1791 hoc,
211 1735 459 1795 habeatque
479 1734 626 1779 locum
655 1733 902 1778 intellectus
923 1735 1002 1778 iste
1027 1735 1072 1777 in
1093 1734 1285 1779 Ecclesia
1310 1743 1353 1778 ct
1384 1749 1460 1778 vc·

0 1797 2 1804 ’
69 1821 212 1851 racem
243 1816 287 1850 et
313 1806 565 1850 solemnem.
597 1809 931 1860 Verumtamen,
953 1804 1129 1861 fratres,
1155 1805 1330 1850 videtur
1353 1807 1461 1851 mihi

70 1876 201 1921 etiam
223 1877 268 1921 in
289 1876 548 1936 baptismate
569 1875 773 1920 fidelibus
798 1874 998 1920 nondum
1026 1891 1115 1920 esse
1144 1875 1345 1920 satiatum
1374 1875 1459 1920 tale

69 1946 332 1991 desiderium
357 1966 366 1992 :
391 1946 467 1992 sed
499 1945 688 1991 fortassis
705 1981 716 2002 ,
749 1946 782 1990 si
810 1955 973 1990 norunt
1002 1947 1078 1991 ubi
1100 1948 1455 2007 peregrinentur,

69 2026 113 2062 et
133 2033 222 2077 quo
238 2017 297 2061 eis
311 2016 625 2062 transeundum
638 2017 691 2061 sit
706 2051 716 2072 ,
732 2017 860 2061 etiam
874 2015 1096 2061 ardentius
1112 2017 1457 2064 inflammantur.

129 2091 187 2132 ΙΙ.
213 2088 410 2148 Denique
426 2087 580 2131 titulus
599 2088 688 2147 ejus
701 2095 785 2142 est,
808 2106 827 2129 «
852 2089 903 2131 In
920 2087 1074 2142 finem,
1100 2087 1146 2131 in
1159 2087 1430 2132 intellectum
1445 2123 1456 2143 ,

73 2176 94 2199 »
119 2158 218 2202 filiis
249 2160 384 2213 Core,
420 2158 659 2202 Psalmusss.
701 2177 720 2199 u
759 2157 890 2202 Filios
919 2159 1031 2202 Core
1062 2158 1307 2203 invenimus
1341 2169 1384 2203 et
1413 2160 1460 2205 in

70 2228 162 2273 aliis
184 2227 455 2273 Psalmorum
470 2227 605 2272 titulis
621 2228 636 2254 ⁴
649 2263 660 2281 ,
684 2237 726 2272 et
741 2229 831 2288 jam
854 2237 1056 2273 tractasse
1072 2245 1151 2273 nos
1165 2230 1456 2284 meminimus,

1 2291 5 2367 j
70 2309 114 2344 et
134 2298 304 2344 locutos
325 2314 414 2343 esse
435 2297 544 2359 quid
563 2299 646 2343 sibi
667 2299 751 2343 hoc
767 2314 929 2344 nomen
949 2299 1056 2343 velit
1077 2300 1160 2343 :ita
1178 2308 1324 2344 tamen
1341 2316 1460 2345 nunc

2 2371 6 2403 ἰ
69 2367 476 2414 commemorandus
494 2369 651 2414 estiste
673 2369 847 2425 titulus,
873 2379 923 2413 ut
944 2385 1035 2413 non
1051 2370 1177 2413 nobis
1200 2371 1323 2430 quasi
1346 2386 1460 2430 prae-

65 2439 234 2499 judicet
253 2438 374 2499 quod
383 2440 475 2499 jam
496 2438 704 2495 diximus,
725 2449 774 2484 ut
796 2439 999 2499 deinceps
1022 2455 1111 2483 non
1129 2439 1322 2485 dicamus
1343 2460 1350 2486 z
1369 2457 1460 2487 non

72 2509 189 2554 enim
210 2509 479 2570 ubicumque
498 2509 682 2554 diximus
699 2546 709 2566 ,
733 2526 882 2555 omnes
911 2510 1147 2555 affuerunt.
1169 2513 1280 2556 Core
1300 2511 1459 2572 aliquis

120 2600 128 2616 ¹
153 2593 238 2626 Psal.
260 2604 321 2635 xm,
341 2603 372 2626 2.
395 2611 435 2616 --
453 2601 466 2616 ²
484 2593 600 2626 Ccloss.
622 2606 644 2633 1,
667 2594 720 2635 24.
751 2612 778 2616 —
796 2592 808 2615 3
827 2594 905 2625 psal.
923 2606 986 2633 xm,
1016 2606 1042 2627 1.
1059 2612 1100 2619 --
1117 2594 1134 2626 4
1153 2596 1200 2628 ld.
1221 2606 1412 2628 xLin-xtvm.
