1841 3223
373 193 458 233 376
812 208 845 234 s.
883 206 1111 234 AUGUSTIM
1145 206 1324 234 Episcopi

377 288 397 312 »
434 271 580 315 sseculi
606 272 813 331 praecipe,
834 288 923 317 non
948 273 1132 333 superbe
1155 287 1303 332 sapere
1319 307 1330 328 ,
1364 287 1507 333 neque
1528 285 1697 332 sperare
1719 273 1763 316 in

378 360 398 382 »
434 342 598 385 incerto
620 341 898 400 divitiarum,
923 342 1059 388 sedin
1083 346 1172 388 Deo
1189 343 1304 398 vivo,
1344 343 1420 402 qui
1445 351 1620 402 praestat
1640 341 1765 387 nobis

376 427 396 451 »
433 409 580 453 omnia
598 410 873 457 abundanter
896 414 950 457 ad
975 413 1213 458 fruendum
1230 415 1260 456 ¹.
1290 431 1310 453 »
1336 415 1394 456 Et
1407 412 1530 472 quasi
1552 411 1763 466 dicerent,

376 479 489 532 Quid
512 495 612 537 ergo
636 480 794 526 facturi
816 499 963 528 sumus
975 483 1029 528 de
1051 483 1211 528 divitiis
1232 483 1417 528 nostris?
1443 502 1464 525 «
1490 482 1651 526 Divites
1664 482 1764 538 sint,

378 567 398 590 »
434 549 580 609 iuquit
600 585 610 604 ,
646 551 692 597 in
712 553 916 612 operibus
938 554 1088 608 bonis,
1119 553 1241 597 facilc
1274 552 1495 607 tribuant,
1523 551 1768 596 communi-

379 639 399 661 »
436 629 536 664 cent
556 624 591 668 ².
620 642 640 665 »
667 626 724 668 Et
754 640 842 669 non
880 624 990 669 illud
1027 625 1240 684 perdituri
1282 633 1385 668 sunt
1405 643 1413 669 ;
1433 623 1551 668 unde
1573 624 1769 668 scimus?

374 690 494 736 Audi
516 693 625 754 quid
643 695 854 754 sequitur.
876 714 895 737 «
913 694 1221 739 Thesaurizent
1241 692 1668 738 sihisundamcntum
1687 694 1769 738 bo-

380 778 401 804 »
438 780 546 807 uum
584 765 629 809 in
658 764 882 820 futurum,
922 774 971 809 ut
1005 764 1334 824 apprehendant
1366 779 1512 810 veram
1547 765 1681 809 vitam
1696 766 1766 808 ³.»

380 834 451 878 Sic
475 834 647 878 dabunt
669 835 854 894 pretium
881 834 1123 895 redemptio
1146 836 1302 879 animae
1330 851 1434 881 suae.
1469 838 1527 880 Et
1557 834 1770 880 Dominus

379 914 528 949 noster
562 906 645 949 hoc
682 913 832 949 monet
858 924 867 950 ε
892 906 1077 950 «Facite
1099 906 1222 951 vobis
1250 906 1443 951 sacculos
1472 922 1562 950 non
1583 915 1772 951 veteras-

382 991 404 1015 »
439 984 610 1030 centes,
636 976 890 1020 thesaurum
927 991 1017 1020 non
1038 975 1314 1021 deficientem
1339 977 1383 1021 in
1404 976 1548 1031 coelis,
1589 992 1678 1037 quo
1699 976 1773 1021 fur

383 1062 404 1085 »
441 1061 530 1089 non
552 1045 718 1090 accedit
736 1081 746 1097 ,
772 1061 915 1107 neque
940 1046 1052 1091 tinea
1076 1047 1319 1107 corrumpit
1338 1047 1370 1091 ⁴.
1391 1066 1410 1088 »
1435 1046 1586 1092 Noluit
1599 1050 1712 1091 Deus
1723 1056 1774 1092 ut

379 1115 536 1174 perdas
558 1115 727 1160 divitias
745 1125 862 1171 tuas,
889 1115 965 1160 sed
988 1125 1037 1161 ut
1058 1116 1205 1162 locum
1228 1116 1310 1161 illis
1343 1127 1484 1162 mutes
1503 1153 1513 1173 ,
1544 1117 1774 1163 eonsilium

382 1185 464 1230 tihi
496 1186 631 1232 dedit.
675 1186 897 1246 Intelligat
939 1188 1135 1234 Charitas
1167 1191 1319 1233 Vestra
1346 1209 1355 1234 z
1380 1188 1513 1234 Modo
1541 1190 1575 1234 si
1613 1189 1775 1233 amicus

383 1266 486 1301 tuus
509 1257 689 1302 intraret
713 1258 758 1302 in
780 1257 962 1302 domum
980 1267 1124 1310 tuam,
1148 1268 1191 1303 et
1212 1259 1427 1303 inveniret
1448 1268 1490 1303 te
1510 1259 1556 1303 in
1577 1258 1674 1304 loco
1695 1260 1777 1304 hu-

385 1327 504 1371 mido
537 1328 756 1372 frumenta
783 1329 1001 1388 posuisse,
1027 1329 1103 1389 qui
1136 1328 1247 1373 forte
1279 1330 1407 1374 sciret
1439 1338 1640 1374 naturam
1676 1345 1776 1374 cor-

383 1400 599 1458 ruptionis
623 1398 944 1444 frumentorum
958 1435 969 1456 ,
995 1416 1126 1460 quam
1150 1410 1200 1444 tu
1219 1401 1403 1445 nescires
1423 1436 1435 1456 ,
1455 1400 1578 1445 daret
1590 1400 1670 1445 tibi
1688 1401 1776 1444 hu-

377 1469 570 1530 jusmodi
612 1470 839 1515 consilinm
859 1506 870 1525 ,
911 1471 1058 1516 dicens
1083 1492 1092 1517 ι
1114 1474 1287 1527 Frater,
1327 1471 1471 1531 perdis
1513 1471 1635 1532 quod
1675 1487 1777 1516 cum

386 1554 548 1598 magno
570 1538 720 1584 labore
742 1540 979 1599 collegisti,
1005 1541 1050 1585 in
1072 1540 1170 1586 loco
1195 1541 1378 1586 humido
1400 1541 1580 1601 posuisti
1598 1576 1609 1596 ,
1633 1541 1783 1601 paucis

386 1609 542 1654 diebus
563 1610 642 1654 ista
656 1620 929 1670 putrescunt.
956 1614 1013 1656 Et
1034 1611 1143 1672 quid
1164 1610 1276 1658 facio
1292 1647 1303 1667 ,
1329 1611 1492 1657 frater?
1515 1615 1630 1657 Leva
1646 1612 1692 1657 in
1710 1628 1784 1656 su-

385 1681 571 1740 periora.
610 1679 795 1725 Audires
824 1682 1014 1726 amicum
1036 1691 1340 1740 suggerentem
1358 1717 1369 1738 ,
1394 1691 1445 1727 ut
1467 1681 1686 1727 frumenta
1716 1682 1782 1726 le-
1815 1739 1825 1745 ·

386 1766 510 1794 vares
531 1750 585 1793 de
605 1750 886 1795 inferioribus
908 1750 960 1794 ad
980 1752 1200 1811 superiora
1220 1773 1230 1809 3
1249 1761 1292 1796 et
1308 1767 1397 1796 non
1414 1750 1537 1796 audis
1560 1751 1783 1796 Christum

386 1830 645 1866 monentem
661 1856 672 1876 ,
693 1831 744 1865 ut
762 1821 1011 1865 thesaurum
1035 1830 1160 1866 tuum
1177 1821 1292 1866 leves
1310 1822 1365 1866 de
1384 1831 1496 1866 terra
1518 1821 1572 1866 ad
1590 1822 1752 1866 coelum
1768 1857 1780 1878 ,

385 1892 462 1936 ubi
487 1908 575 1936 non
598 1893 681 1936 hoc
705 1892 785 1936 tibi
799 1890 1008 1935 reddatur
1025 1891 1144 1951 quod
1167 1907 1307 1936 servas
1324 1927 1334 1946 ,
1361 1891 1436 1935 sed
1453 1907 1594 1936 serves
1605 1901 1780 1951 terram,

386 1962 570 2021 accipias
614 1961 777 2006 coelum
796 1996 806 2016 ,
837 1976 980 2005 serves
1014 1961 1238 2016 mortalia,
1277 1962 1461 2021 accipias
1489 1962 1781 2022 sempiterna,

386 2031 572 2076 soenercs
595 2032 817 2076 Christum
836 2066 846 2086 ,
873 2031 1058 2090 accipiat
1081 2032 1125 2075 in
1143 2041 1255 2075 terra
1277 2047 1431 2090 parva,
1457 2040 1507 2075 ut
1529 2031 1681 2076 reddat
1707 2033 1784 2076 tibi

389 2103 435 2146 in
458 2102 572 2145 coelo
592 2102 728 2145 multa
748 2103 764 2144 Ξ)
787 2103 950 2144 Verum
983 2109 1128 2144 autem
1160 2100 1221 2144 illi
1258 2116 1367 2161 quos
1389 2101 1679 2146 circumdabit
1701 2102 1786 2146 ini-

384 2173 528 2233 quitas
547 2171 740 2215 calcanei
763 2172 850 2226 sui,
876 2171 978 2231 quia
1001 2171 1232 2215 confidunt
1262 2171 1306 2215 in
1329 2172 1490 2215 virtute
1523 2188 1598 2216 sua
1616 2207 1627 2227 ,
1664 2182 1707 2216 et
1738 2174 1783 2217 in

387 2241 662 2286 abundantia
705 2241 954 2285 divitiarum
991 2256 1167 2285 suarum
1213 2241 1468 2300 gloriantur,
1495 2243 1614 2286 etde
1637 2243 1784 2288 amicis

387 2313 637 2357 hominibus
670 2311 779 2355 nihil
801 2310 1046 2355 valentibus
1080 2321 1284 2371 praestare
1308 2322 1609 2371 praesumunt:
1641 2332 1658 2353 a
1685 2316 1784 2359 Non

392 2402 410 2423 »
448 2382 618 2426 dabunt
662 2385 750 2426 Deo
783 2380 1195 2441 depropitiationem
1233 2398 1378 2438 suam,
1411 2392 1455 2427 et
1497 2383 1687 2443 pretium
1710 2398 1783 2428 re-

395 2471 416 2493 x»
451 2452 713 2511 demptionis
731 2452 886 2496 animae
908 2468 1012 2497 suae.
1037 2471 1056 2494 »

442 2545 449 2560 ¹
477 2550 484 2569 1
507 2539 585 2570 Tim.
604 2549 647 2579 vi,
666 2549 716 2580 17.
732 2555 773 2561 -
794 2545 806 2561 ²
826 2537 906 2572 lbid.
929 2538 983 2572 28.
1005 2555 1045 2562 -w
1066 2536 1079 2563 3
1105 2538 1185 2572 lbid.
1211 2550 1260 2581 ις).
1281 2555 1322 2562 ·-
1341 2537 1356 2565 [⁸
1379 2540 1456 2572 Luc.
1479 2549 1535 2581 xn,
1556 2538 1611 2571 33.
