1841 3223
397 233 482 273 396
838 240 872 270 s.
909 241 1140 271 Auousrmt
1171 243 1353 270 EPlscom

393 323 491 352 mus
513 307 618 351 dicit
639 322 647 348 τ
673 325 692 348 «
716 309 778 352 Ne
797 307 991 351 timueris
1010 343 1020 363 ,
1047 323 1148 352 cum
1171 307 1290 352 dives
1308 307 1447 351 sactus
1471 306 1602 353 fuerit
1621 309 1752 354 homo
1770 344 1782 365 ‚

394 397 415 420 ³>
451 388 493 423 et
511 393 611 422 cum
634 376 923 437 multiplicata
944 378 1075 423 fuerit
1094 378 1229 438 gloria
1252 378 1407 423 domus
1429 379 1520 438 ejus
1544 399 1552 424 :
1578 380 1785 440 quoniam

396 468 416 491 >›
452 466 542 495 non
564 465 665 494 eum
684 451 892 494 morietur
911 451 1091 511 accipiet
1109 451 1269 506 omnia,
1290 466 1434 511 neque
1456 450 1584 495 simul
1607 452 1786 497 deseen-

398 540 418 563 >›
454 522 529 567 det
552 538 653 567 eum
675 538 726 567 eo
751 523 887 582 gloria
906 524 1011 583 ejus.
1036 542 1055 564 »

449 596 572 638 VIII.
592 594 840 647 «Quoniam
859 595 1003 639 anima
1026 595 1117 654 ejus
1132 594 1175 637 in
1193 594 1281 637 vita
1302 593 1783 653 ipsiusbenedicetur.»

396 665 604 710 Intendat
625 665 822 710 Charitas
845 668 995 710 Vestra
1018 685 1026 710 ε
1056 684 1076 707 «
1102 664 1317 718 Quoniam
1340 664 1482 708 anima
1513 666 1605 724 ejus
1635 665 1678 708 in
1699 665 1787 708 vita

393 755 414 777 >›
452 736 585 796 ipsius
625 736 924 781 benedicetur.
955 755 975 778 η
1009 734 1212 790 Quandiu
1246 735 1350 779 vixit
1366 771 1376 790 ,
1403 734 1515 779 bene
1549 735 1629 778 sibi
1666 733 1783 780 fecit.

392 811 486 853 Hoc
508 808 662 853 dicunt
696 824 871 862 omnes,
904 808 980 852 sed
1003 807 1109 852 falso
1143 807 1312 851 dicunt.
1353 806 1605 851 Benedictio
1638 815 1702 850 est
1733 807 1787 850 ab

392 880 537 924 animo
561 879 873 931 benedicentis,
895 895 983 924 non
1001 879 1056 923 ab
1078 879 1169 939 ipsa
1190 877 1387 923 veritate.
1413 876 1525 930 Quid
1543 877 1658 921 enim
1682 876 1788 921 dicis

398 952 476 994 tu?
501 951 608 1003 Quia
636 949 917 994 manducavit
949 959 992 994 et
1025 949 1157 999 bibit,
1199 949 1301 1009 quia
1334 947 1439 992 fecit
1469 947 1589 1008 quod
1618 947 1784 1001 voluit,

392 1021 601 1081 quoniam
626 1019 1074 1080 splemlideepulatus
1096 1029 1159 1064 est
1177 1055 1187 1075 ,
1212 1018 1311 1063 ideo
1344 1034 1491 1063 secum
1524 1018 1625 1063 feeit
1648 1019 1788 1062 bene?

391 1093 486 1149 Ego
504 1090 624 1135 dico:
647 1091 768 1135 Fecit
791 1106 939 1135 seeum
956 1090 1083 1134 male.
1105 1092 1203 1135 Non
1221 1104 1300 1147 ego
1323 1089 1437 1144 dieo,
1465 1089 1540 1133 sed
1562 1089 1758 1134 Christus
1774 1124 1785 1143 ‚

392 1161 513 1205 Fecit
546 1176 693 1205 seeum
725 1160 854 1205 male.
894 1161 1069 1204 Etenim
1110 1159 1229 1204 dives
1264 1159 1336 1204 ille
1377 1159 1554 1219 quando
1594 1158 1789 1219 quotidie

391 1232 651 1292 epulabatur
667 1231 909 1292 splendide,
937 1233 1048 1276 bene
1065 1247 1213 1276 seeum
1231 1231 1372 1275 facere
1394 1230 1632 1290 putabatur
1653 1250 1661 1274 :
1689 1245 1789 1274 eum

393 1314 538 1349 autem
555 1306 689 1364 eoepit
704 1303 855 1348 ardere
867 1304 984 1364 apud
1002 1303 1178 1358 inferos⁷
1203 1313 1308 1348 tune
1329 1304 1557 1347 inventum
1578 1310 1641 1345 est
1657 1300 1786 1356 male,

393 1375 515 1436 quod
547 1376 785 1435 putabatur
818 1375 945 1419 bene.
989 1374 1116 1428 Quod
1149 1375 1268 1418 enim
1302 1372 1641 1417 manducaverat
1673 1371 1790 1431 apud

392 1462 591 1505 superos,
616 1447 700 1490 hoe
733 1445 958 1505 digerebat
991 1444 1110 1505 apud
1138 1443 1314 1489 inferos.
1349 1443 1631 1503 Iniquitatem
1660 1441 1787 1498 dieo,

393 1516 570 1572 fratres,
600 1532 732 1577 quam
763 1515 1040 1576 epulabatur.
1080 1514 1381 1560 Manducabat
1408 1514 1615 1574 pretiosas
1643 1513 1792 1573 epulas

392 1604 465 1632 ore
483 1588 637 1642 carnis,
657 1603 730 1631 ore
751 1586 892 1631 cordis
915 1585 1211 1632 manducabat
1227 1586 1504 1647 inquitatem.
1525 1585 1650 1639 Quod
1673 1584 1791 1644 apud

391 1674 570 1718 superos
589 1674 662 1702 ore
685 1658 828 1702 cordis
849 1657 1165 1713 manducabat,
1202 1658 1286 1702 hoc
1319 1656 1440 1716 apud
1460 1656 1618 1700 inferos
1641 1656 1686 1699 in
1708 1654 1791 1699 illis

391 1728 612 1789 suppliciis
633 1728 873 1788 digerebat.
898 1731 955 1773 Et
975 1728 1157 1789 quidem
1177 1727 1474 1788 temporaliter
1496 1726 1792 1771 manducave-

392 1810 484 1855 rat,
509 1801 554 1843 in
571 1809 783 1844 {eternum
802 1799 915 1843 male
933 1799 1175 1857 digerebat.
1192 1799 1485 1844 Manducatur
1507 1813 1610 1856 ergo
1626 1797 1791 1857 iniqui-

393 1872 479 1915 tas?
495 1873 625 1913 Forte
644 1869 798 1928 aliquis
820 1868 925 1912 dicit
945 1886 953 1908 :
984 1869 1097 1920 Quid
1120 1878 1184 1911 est
1204 1868 1324 1927 quod
1350 1868 1578 1927 loquitur?
1600 1867 1792 1912 Mandu-

390 1950 513 1985 catur
537 1940 772 1999 iniquitas?
796 1941 894 1982 Non
910 1953 991 1996 ego
1014 1938 1111 1981 dieo
1128 1973 1138 1992 ,
1160 1937 1264 1981 audi
1295 1937 1563 1996 Scripturam
1588 1956 1596 1981 :
1630 1956 1650 1978 «
1674 1937 1793 1981 Sicut

393 2030 414 2053 »
451 2027 534 2055 uva
558 2010 713 2054 acerba
742 2008 951 2052 dentibus
984 2009 1152 2052 vexatio
1175 2017 1267 2063 est,
1299 2017 1342 2051 et
1375 2006 1522 2051 fumus
1549 2007 1709 2062 oeulis,
1733 2007 1792 2052 sie

394 2100 414 2123 »
451 2081 657 2142 iniquitas
687 2081 914 2124 utentibus
937 2095 985 2123 ea
1002 2081 1033 2122 ¹.
1070 2098 1087 2120 »
1115 2079 1197 2132 Qui
1220 2077 1548 2122 manducaverit
1569 2078 1684 2121 enim
1705 2078 1792 2121 ini-

391 2154 626 2214 quitatem,
648 2151 694 2196 id
715 2160 802 2206 est,
835 2151 912 2211 qui
932 2150 1121 2194 libenter
1142 2150 1348 2194 habuerit
1370 2150 1646 2210 iniquitatem
1664 2185 1675 2204 ,
1703 2165 1793 2194 non

390 2224 549 2284 poterit
572 2221 836 2266 manducare
852 2220 1081 2281 justitiam.
1103 2221 1231 2264 Panis
1254 2221 1372 2265 enim
1399 2220 1563 2281 justitia
1585 2229 1663 2263 est.
1689 2221 1792 2273 Quis

390 2305 454 2340 est
476 2295 622 2355 panis?
639 2314 660 2336 α
679 2296 770 2352 Ego
782 2308 878 2336 sum
892 2292 1014 2352 panis
1035 2292 1176 2347 vivus,
1200 2292 1275 2352 qui
1299 2291 1353 2336 de
1371 2291 1485 2336 coelo
1509 2290 1751 2336 deseendi'l.
1767 2310 1787 2333 »

391 2369 489 2425 Ipse
511 2374 574 2409 est
602 2364 721 2425 panis
744 2363 886 2408 cordis
913 2363 1063 2407 nostri.
1092 2363 1322 2417 Quomodo
1353 2362 1430 2422 qui
1459 2361 1696 2406 manducat
1717 2377 1792 2406 ore

392 2436 584 2495 corporis
607 2450 710 2479 uvas
726 2434 901 2478 acerbas
916 2469 926 2488 ‚
950 2433 1229 2491 obrigescunt
1245 2442 1289 2477 et
1305 2433 1621 2492 obstupescunt
1638 2431 1790 2477 dentes

393 2508 506 2566 ejus,
532 2514 575 2549 et
600 2506 740 2550 minus
774 2504 956 2549 idoneus
980 2506 1029 2549 fit
1060 2505 1115 2550 ad
1141 2503 1498 2549 manducandum
1520 2519 1677 2563 panem
1696 2539 1707 2559 ‚
1741 2512 1786 2548 et

441 2598 448 2613 ¹
475 2593 565 2622 Prov.
589 2601 621 2631 x,
643 2590 696 2622 26.
718 2606 759 2613 -—-
780 2597 792 2612 ²
812 2592 904 2622 Joan.
926 2600 970 2631 vi,
990 2589 1044 2632 4¹·
