<?xml version="1.0" encoding="UTF-8"?>
<!DOCTYPE html PUBLIC "-//W3C//DTD XHTML 1.0 Transitional//EN"
    "http://www.w3.org/TR/xhtml1/DTD/xhtml1-transitional.dtd">
<html xmlns="http://www.w3.org/1999/xhtml" xml:lang="en" lang="en">
 <head>
  <title>
</title>
<meta http-equiv="Content-Type" content="text/html;charset=utf-8" />
  <meta name='ocr-system' content='tesseract 3.04.00' />
  <meta name='ocr-capabilities' content='ocr_page ocr_carea ocr_par ocr_line ocrx_word'/>
</head>
<body>
  <div class='ocr_page' id='page_1' title='image "./operaomniaaccura08auguuoft_0257.png"; bbox 0 0 1841 3223; ppageno 0'>
   <div class='ocr_carea' id='block_1_1' title="bbox 427 227 1454 270">
    <p class='ocr_par' dir='ltr' id='par_1_1' title="bbox 427 227 1454 270">
     <span class='ocr_line' id='line_1_1' title="bbox 427 227 1454 270; baseline -0.003 -1"><span class='ocrx_word' id='word_1_1' title='bbox 427 240 668 270; x_wconf 68' lang='lat' dir='ltr'>ENARRA‘rro</span> <span class='ocrx_word' id='word_1_2' title='bbox 701 242 745 269; x_wconf 73' lang='lat' dir='ltr'>nv</span> <span class='ocrx_word' id='word_1_3' title='bbox 778 227 981 269; x_wconf 63' lang='lat' dir='ltr'>PsItLMUM</span> <span class='ocrx_word' id='word_1_4' title='bbox 1014 241 1100 267; x_wconf 71' lang='lat' dir='ltr'>xm.</span> <span class='ocrx_word' id='word_1_5' title='bbox 1371 227 1454 267; x_wconf 80' lang='lat'>243</span> 
     </span>
    </p>
   </div>
   <div class='ocr_carea' id='block_1_2' title="bbox 73 303 1475 1780">
    <p class='ocr_par' dir='ltr' id='par_1_2' title="bbox 73 303 1475 1780">
     <span class='ocr_line' id='line_1_2' title="bbox 73 303 1458 364; baseline -0.004 -13"><span class='ocrx_word' id='word_1_6' title='bbox 73 306 305 361; x_wconf 90' lang='lat' dir='ltr'>Quomodo</span> <span class='ocrx_word' id='word_1_7' title='bbox 321 305 479 351; x_wconf 78' lang='lat' dir='ltr'>solvit?</span> <span class='ocrx_word' id='word_1_8' title='bbox 495 307 606 360; x_wconf 85' lang='lat' dir='ltr'>Quia</span> <span class='ocrx_word' id='word_1_9' title='bbox 632 305 735 350; x_wconf 81' lang='lat' dir='ltr'>mali</span> <span class='ocrx_word' id='word_1_10' title='bbox 757 322 857 351; x_wconf 85' lang='lat' dir='ltr'>cum</span> <span class='ocrx_word' id='word_1_11' title='bbox 880 306 951 350; x_wconf 89' lang='lat' dir='ltr'>hic</span> <span class='ocrx_word' id='word_1_12' title='bbox 974 305 1253 356; x_wconf 73' lang='lat' dir='ltr'>disseruntur,</span> <span class='ocrx_word' id='word_1_13' title='bbox 1281 303 1335 348; x_wconf 87' lang='lat' dir='ltr'>ad</span> <span class='ocrx_word' id='word_1_14' title='bbox 1359 319 1458 364; x_wconf 65' lang='grc' dir='ltr'>ρει»,-</span> 
     </span>
     <span class='ocr_line' id='line_1_3' title="bbox 74 375 1460 434; baseline -0.003 -12"><span class='ocrx_word' id='word_1_15' title='bbox 74 392 150 422; x_wconf 87' lang='lat' dir='ltr'>nas</span> <span class='ocrx_word' id='word_1_16' title='bbox 171 377 262 421; x_wconf 88' lang='lat' dir='ltr'>sine</span> <span class='ocrx_word' id='word_1_17' title='bbox 284 377 369 422; x_wconf 87' lang='lat' dir='ltr'>fine</span> <span class='ocrx_word' id='word_1_18' title='bbox 393 385 642 434; x_wconf 79' lang='lat' dir='ltr'>servantur3</span> <span class='ocrx_word' id='word_1_19' title='bbox 668 385 710 420; x_wconf 88' lang='lat' dir='ltr'>et</span> <span class='ocrx_word' id='word_1_20' title='bbox 737 377 842 421; x_wconf 86' lang='lat' dir='ltr'>boni</span> <span class='ocrx_word' id='word_1_21' title='bbox 865 391 965 420; x_wconf 90' lang='lat' dir='ltr'>cum</span> <span class='ocrx_word' id='word_1_22' title='bbox 988 376 1059 420; x_wconf 92' lang='lat' dir='ltr'>hic</span> <span class='ocrx_word' id='word_1_23' title='bbox 1082 375 1305 430; x_wconf 80' lang='lat' dir='ltr'>laborant,</span> <span class='ocrx_word' id='word_1_24' title='bbox 1337 390 1460 419; x_wconf 85' lang='lat' dir='ltr'>exer-</span> 
     </span>
     <span class='ocr_line' id='line_1_4' title="bbox 74 444 1461 506; baseline -0.002 -14"><span class='ocrx_word' id='word_1_25' title='bbox 74 457 244 503; x_wconf 85' lang='lat' dir='ltr'>centur,</span> <span class='ocrx_word' id='word_1_26' title='bbox 270 456 320 492; x_wconf 88' lang='lat' dir='ltr'>ut</span> <span class='ocrx_word' id='word_1_27' title='bbox 344 447 390 497; x_wconf 91' lang='lat' dir='ltr'>in</span> <span class='ocrx_word' id='word_1_28' title='bbox 413 447 499 500; x_wconf 85' lang='lat' dir='ltr'>fine</span> <span class='ocrx_word' id='word_1_29' title='bbox 519 445 820 491; x_wconf 87' lang='lat' dir='ltr'>haereditatem</span> <span class='ocrx_word' id='word_1_30' title='bbox 843 455 1180 506; x_wconf 76' lang='lat' dir='ltr'>consequentur.</span> <span class='ocrx_word' id='word_1_31' title='bbox 1206 448 1264 490; x_wconf 88' lang='lat' dir='ltr'>Et</span> <span class='ocrx_word' id='word_1_32' title='bbox 1284 445 1366 491; x_wconf 89' lang='lat' dir='ltr'>hoc</span> <span class='ocrx_word' id='word_1_33' title='bbox 1387 444 1461 489; x_wconf 90' lang='lat' dir='ltr'>ille</span> 
     </span>
     <span class='ocr_line' id='line_1_5' title="bbox 75 515 1462 576; baseline -0.001 -15"><span class='ocrx_word' id='word_1_34' title='bbox 75 517 121 562; x_wconf 90' lang='lat' dir='ltr'>in</span> <span class='ocrx_word' id='word_1_35' title='bbox 140 516 393 563; x_wconf 83' lang='lat' dir='ltr'>Sanctuario</span> <span class='ocrx_word' id='word_1_36' title='bbox 410 516 489 562; x_wconf 92' lang='lat' dir='ltr'>Dei</span> <span class='ocrx_word' id='word_1_37' title='bbox 501 517 721 576; x_wconf 84' lang='lat' dir='ltr'>cognovit,</span> <span class='ocrx_word' id='word_1_38' title='bbox 746 515 959 562; x_wconf 82' lang='lat' dir='ltr'>intellexit</span> <span class='ocrx_word' id='word_1_39' title='bbox 977 516 1023 560; x_wconf 87' lang='lat' dir='ltr'>in</span> <span class='ocrx_word' id='word_1_40' title='bbox 1038 517 1281 561; x_wconf 86' lang='lat' dir='ltr'>novissima.</span> <span class='ocrx_word' id='word_1_41' title='bbox 1303 519 1462 560; x_wconf 83' lang='lat' dir='ltr'>Ascen-</span> 
     </span>
     <span class='ocr_line' id='line_1_6' title="bbox 75 584 1463 648; baseline -0.001 -16"><span class='ocrx_word' id='word_1_42' title='bbox 75 587 182 632; x_wconf 92' lang='lat' dir='ltr'>dens</span> <span class='ocrx_word' id='word_1_43' title='bbox 203 586 558 642; x_wconf 86' lang='lat' dir='ltr'>tabernaculum,</span> <span class='ocrx_word' id='word_1_44' title='bbox 582 586 779 648; x_wconf 85' lang='lat' dir='ltr'>pervenit</span> <span class='ocrx_word' id='word_1_45' title='bbox 799 584 853 630; x_wconf 86' lang='lat' dir='ltr'>ad</span> <span class='ocrx_word' id='word_1_46' title='bbox 866 585 1047 631; x_wconf 90' lang='lat' dir='ltr'>domum</span> <span class='ocrx_word' id='word_1_47' title='bbox 1057 587 1146 631; x_wconf 89' lang='lat' dir='ltr'>Dei.</span> <span class='ocrx_word' id='word_1_48' title='bbox 1171 589 1335 631; x_wconf 85' lang='lat' dir='ltr'>Tamen</span> <span class='ocrx_word' id='word_1_49' title='bbox 1357 586 1463 631; x_wconf 92' lang='lat' dir='ltr'>dum</span> 
     </span>
     <span class='ocr_line' id='line_1_7' title="bbox 77 656 1466 718; baseline -0.001 -15"><span class='ocrx_word' id='word_1_50' title='bbox 77 659 258 703; x_wconf 85' lang='lat' dir='ltr'>miratur</span> <span class='ocrx_word' id='word_1_51' title='bbox 277 658 474 703; x_wconf 85' lang='lat' dir='ltr'>membra</span> <span class='ocrx_word' id='word_1_52' title='bbox 495 656 790 713; x_wconf 82' lang='lat' dir='ltr'>tabernaculi,</span> <span class='ocrx_word' id='word_1_53' title='bbox 809 658 868 702; x_wconf 86' lang='lat' dir='ltr'>ita</span> <span class='ocrx_word' id='word_1_54' title='bbox 882 657 1119 718; x_wconf 89' lang='lat' dir='ltr'>perductus</span> <span class='ocrx_word' id='word_1_55' title='bbox 1133 666 1195 701; x_wconf 86' lang='lat' dir='ltr'>est</span> <span class='ocrx_word' id='word_1_56' title='bbox 1213 657 1267 701; x_wconf 88' lang='lat' dir='ltr'>ad</span> <span class='ocrx_word' id='word_1_57' title='bbox 1283 656 1466 701; x_wconf 87' lang='lat' dir='ltr'>domum</span> 
     </span>
     <span class='ocr_line' id='line_1_8' title="bbox 77 726 1466 790; baseline -0.001 -16"><span class='ocrx_word' id='word_1_58' title='bbox 77 729 179 786; x_wconf 86' lang='lat' dir='ltr'>Dei,</span> <span class='ocrx_word' id='word_1_59' title='bbox 199 727 435 790; x_wconf 86' lang='lat' dir='ltr'>quamdam</span> <span class='ocrx_word' id='word_1_60' title='bbox 456 727 738 773; x_wconf 87' lang='lat' dir='ltr'>dulcedinem</span> <span class='ocrx_word' id='word_1_61' title='bbox 768 726 994 790; x_wconf 87' lang='lat' dir='ltr'>sequendo</span> <span class='ocrx_word' id='word_1_62' title='bbox 1009 763 1020 784; x_wconf 84' lang='lat'>‚</span> <span class='ocrx_word' id='word_1_63' title='bbox 1044 728 1293 772; x_wconf 86' lang='lat' dir='ltr'>interiorem</span> <span class='ocrx_word' id='word_1_64' title='bbox 1319 727 1466 772; x_wconf 88' lang='lat' dir='ltr'>nescio</span> 
     </span>
     <span class='ocr_line' id='line_1_9' title="bbox 77 797 1467 861; baseline -0.003 -16"><span class='ocrx_word' id='word_1_65' title='bbox 77 815 210 861; x_wconf 90' lang='lat' dir='ltr'>quam</span> <span class='ocrx_word' id='word_1_66' title='bbox 232 809 276 845; x_wconf 91' lang='lat' dir='ltr'>et</span> <span class='ocrx_word' id='word_1_67' title='bbox 293 798 510 846; x_wconf 88' lang='lat' dir='ltr'>occultam</span> <span class='ocrx_word' id='word_1_68' title='bbox 529 798 823 860; x_wconf 84' lang='lat' dir='ltr'>voluptatem,</span> <span class='ocrx_word' id='word_1_69' title='bbox 841 808 1049 860; x_wconf 80' lang='lat' dir='ltr'>tanquam</span> <span class='ocrx_word' id='word_1_70' title='bbox 1073 797 1127 843; x_wconf 88' lang='lat' dir='ltr'>de</span> <span class='ocrx_word' id='word_1_71' title='bbox 1150 798 1281 843; x_wconf 89' lang='lat' dir='ltr'>domo</span> <span class='ocrx_word' id='word_1_72' title='bbox 1296 799 1373 842; x_wconf 88' lang='lat' dir='ltr'>Dei</span> <span class='ocrx_word' id='word_1_73' title='bbox 1395 814 1467 842; x_wconf 89' lang='lat' dir='ltr'>so-</span> 
     </span>
     <span class='ocr_line' id='line_1_10' title="bbox 79 867 1469 930; baseline -0.001 -16"><span class='ocrx_word' id='word_1_74' title='bbox 79 879 203 915; x_wconf 86' lang='lat' dir='ltr'>naret</span> <span class='ocrx_word' id='word_1_75' title='bbox 224 870 413 915; x_wconf 85' lang='lat' dir='ltr'>suaviter</span> <span class='ocrx_word' id='word_1_76' title='bbox 435 868 613 930; x_wconf 87' lang='lat' dir='ltr'>aliquod</span> <span class='ocrx_word' id='word_1_77' title='bbox 651 885 864 929; x_wconf 81' lang='lat' dir='ltr'>organum</span> <span class='ocrx_word' id='word_1_78' title='bbox 896 889 904 913; x_wconf 92' lang='lat'>:</span> <span class='ocrx_word' id='word_1_79' title='bbox 940 878 982 913; x_wconf 91' lang='lat' dir='ltr'>et</span> <span class='ocrx_word' id='word_1_80' title='bbox 1004 884 1104 914; x_wconf 90' lang='lat' dir='ltr'>cum</span> <span class='ocrx_word' id='word_1_81' title='bbox 1128 868 1201 913; x_wconf 91' lang='lat' dir='ltr'>ille</span> <span class='ocrx_word' id='word_1_82' title='bbox 1224 867 1469 913; x_wconf 82' lang='lat' dir='ltr'>ambularet</span> 
     </span>
     <span class='ocr_line' id='line_1_11' title="bbox 80 940 1470 1002; baseline -0.001 -16"><span class='ocrx_word' id='word_1_83' title='bbox 80 942 126 986; x_wconf 93' lang='lat' dir='ltr'>in</span> <span class='ocrx_word' id='word_1_84' title='bbox 157 940 465 997; x_wconf 85' lang='lat' dir='ltr'>tabernaculo,</span> <span class='ocrx_word' id='word_1_85' title='bbox 498 940 647 986; x_wconf 86' lang='lat' dir='ltr'>audito</span> <span class='ocrx_word' id='word_1_86' title='bbox 677 940 870 1002; x_wconf 89' lang='lat' dir='ltr'>quodam</span> <span class='ocrx_word' id='word_1_87' title='bbox 903 941 1107 985; x_wconf 87' lang='lat' dir='ltr'>interiore</span> <span class='ocrx_word' id='word_1_88' title='bbox 1139 956 1272 996; x_wconf 82' lang='lat' dir='ltr'>sono,</span> <span class='ocrx_word' id='word_1_89' title='bbox 1311 940 1470 985; x_wconf 89' lang='lat' dir='ltr'>ductus</span> 
     </span>
     <span class='ocr_line' id='line_1_12' title="bbox 81 1011 1471 1074; baseline -0.001 -17"><span class='ocrx_word' id='word_1_90' title='bbox 81 1011 334 1069; x_wconf 85' lang='lat' dir='ltr'>dulcedine,</span> <span class='ocrx_word' id='word_1_91' title='bbox 361 1028 544 1074; x_wconf 87' lang='lat' dir='ltr'>sequens</span> <span class='ocrx_word' id='word_1_92' title='bbox 562 1012 682 1074; x_wconf 91' lang='lat' dir='ltr'>quod</span> <span class='ocrx_word' id='word_1_93' title='bbox 710 1013 914 1068; x_wconf 81' lang='lat' dir='ltr'>sonabat,</span> <span class='ocrx_word' id='word_1_94' title='bbox 940 1013 1190 1057; x_wconf 83' lang='lat' dir='ltr'>abstrahens</span> <span class='ocrx_word' id='word_1_95' title='bbox 1208 1029 1251 1057; x_wconf 87' lang='lat' dir='ltr'>se</span> <span class='ocrx_word' id='word_1_96' title='bbox 1273 1013 1327 1056; x_wconf 88' lang='lat' dir='ltr'>ab</span> <span class='ocrx_word' id='word_1_97' title='bbox 1351 1012 1471 1058; x_wconf 90' lang='lat' dir='ltr'>omni</span> 
     </span>
     <span class='ocr_line' id='line_1_13' title="bbox 81 1083 1469 1145; baseline 0 -17"><span class='ocrx_word' id='word_1_98' title='bbox 81 1084 263 1145; x_wconf 87' lang='lat' dir='ltr'>strepitu</span> <span class='ocrx_word' id='word_1_99' title='bbox 285 1084 423 1129; x_wconf 90' lang='lat' dir='ltr'>carnis</span> <span class='ocrx_word' id='word_1_100' title='bbox 458 1093 502 1128; x_wconf 91' lang='lat' dir='ltr'>et</span> <span class='ocrx_word' id='word_1_101' title='bbox 530 1084 774 1144; x_wconf 85' lang='lat' dir='ltr'>sanguinis,</span> <span class='ocrx_word' id='word_1_102' title='bbox 809 1084 1006 1144; x_wconf 86' lang='lat' dir='ltr'>pervenit</span> <span class='ocrx_word' id='word_1_103' title='bbox 1033 1100 1170 1144; x_wconf 84' lang='lat' dir='ltr'>usque</span> <span class='ocrx_word' id='word_1_104' title='bbox 1199 1083 1254 1128; x_wconf 90' lang='lat' dir='ltr'>ad</span> <span class='ocrx_word' id='word_1_105' title='bbox 1287 1083 1469 1129; x_wconf 86' lang='lat' dir='ltr'>domum</span> 
     </span>
     <span class='ocr_line' id='line_1_14' title="bbox 80 1153 1471 1214; baseline 0 -15"><span class='ocrx_word' id='word_1_106' title='bbox 80 1154 174 1199; x_wconf 90' lang='lat' dir='ltr'>Dei.</span> <span class='ocrx_word' id='word_1_107' title='bbox 194 1157 304 1201; x_wconf 89' lang='lat' dir='ltr'>Nam</span> <span class='ocrx_word' id='word_1_108' title='bbox 325 1155 438 1200; x_wconf 87' lang='lat' dir='ltr'>viam</span> <span class='ocrx_word' id='word_1_109' title='bbox 462 1169 585 1199; x_wconf 84' lang='lat' dir='ltr'>suam</span> <span class='ocrx_word' id='word_1_110' title='bbox 608 1164 651 1199; x_wconf 90' lang='lat' dir='ltr'>et</span> <span class='ocrx_word' id='word_1_111' title='bbox 668 1153 846 1199; x_wconf 83' lang='lat' dir='ltr'>ductum</span> <span class='ocrx_word' id='word_1_112' title='bbox 869 1170 996 1199; x_wconf 87' lang='lat' dir='ltr'>suum</span> <span class='ocrx_word' id='word_1_113' title='bbox 1015 1154 1073 1199; x_wconf 90' lang='lat' dir='ltr'>sic</span> <span class='ocrx_word' id='word_1_114' title='bbox 1091 1156 1180 1214; x_wconf 89' lang='lat' dir='ltr'>ipse</span> <span class='ocrx_word' id='word_1_115' title='bbox 1204 1170 1471 1199; x_wconf 88' lang='lat' dir='ltr'>commemo-</span> 
     </span>
     <span class='ocr_line' id='line_1_15' title="bbox 81 1223 1469 1286; baseline 0.001 -17"><span class='ocrx_word' id='word_1_116' title='bbox 81 1233 168 1281; x_wconf 83' lang='lat' dir='ltr'>rat,</span> <span class='ocrx_word' id='word_1_117' title='bbox 212 1225 336 1286; x_wconf 87' lang='lat' dir='ltr'>quasi</span> <span class='ocrx_word' id='word_1_118' title='bbox 368 1225 677 1272; x_wconf 81' lang='lat' dir='ltr'>diceremusei</span> <span class='ocrx_word' id='word_1_119' title='bbox 709 1243 717 1270; x_wconf 75' lang='grc' dir='ltr'><strong><em>ε</em></strong></span> <span class='ocrx_word' id='word_1_120' title='bbox 747 1225 914 1269; x_wconf 86' lang='lat' dir='ltr'>Miraris</span> <span class='ocrx_word' id='word_1_121' title='bbox 947 1223 1278 1269; x_wconf 78' lang='lat' dir='ltr'>tabernaculum</span> <span class='ocrx_word' id='word_1_122' title='bbox 1310 1226 1353 1269; x_wconf 90' lang='lat' dir='ltr'>in</span> <span class='ocrx_word' id='word_1_123' title='bbox 1388 1226 1469 1271; x_wconf 85' lang='lat' dir='ltr'>hac</span> 
     </span>
     <span class='ocr_line' id='line_1_16' title="bbox 81 1293 1470 1358; baseline 0 -18"><span class='ocrx_word' id='word_1_124' title='bbox 81 1304 196 1340; x_wconf 90' lang='lat' dir='ltr'>terra</span> <span class='ocrx_word' id='word_1_125' title='bbox 222 1315 232 1341; x_wconf 72' lang='grc' dir='ltr'><strong><em>ι</em></strong></span> <span class='ocrx_word' id='word_1_126' title='bbox 257 1293 481 1357; x_wconf 87' lang='lat' dir='ltr'>quomodo</span> <span class='ocrx_word' id='word_1_127' title='bbox 503 1295 736 1358; x_wconf 84' lang='lat' dir='ltr'>pervenisti</span> <span class='ocrx_word' id='word_1_128' title='bbox 757 1294 812 1339; x_wconf 93' lang='lat' dir='ltr'>ad</span> <span class='ocrx_word' id='word_1_129' title='bbox 832 1304 1045 1340; x_wconf 86' lang='lat' dir='ltr'>secretum</span> <span class='ocrx_word' id='word_1_130' title='bbox 1071 1295 1227 1340; x_wconf 88' lang='lat' dir='ltr'>domus</span> <span class='ocrx_word' id='word_1_131' title='bbox 1249 1297 1355 1340; x_wconf 76' lang='lat' dir='ltr'>Dei?</span> <span class='ocrx_word' id='word_1_132' title='bbox 1382 1298 1470 1352; x_wconf 83' lang='lat' dir='ltr'>«In</span> 
     </span>
     <span class='ocr_line' id='line_1_17' title="bbox 85 1365 1471 1427; baseline 0.001 -19"><span class='ocrx_word' id='word_1_133' title='bbox 85 1384 106 1408; x_wconf 94' lang='lat'>»</span> <span class='ocrx_word' id='word_1_134' title='bbox 139 1381 246 1412; x_wconf 88' lang='lat' dir='ltr'>voce</span> <span class='ocrx_word' id='word_1_135' title='bbox 261 1401 272 1422; x_wconf 88' lang='lat'>‚</span> <span class='ocrx_word' id='word_1_136' title='bbox 296 1366 468 1427; x_wconf 88' lang='lat' dir='ltr'>inquit,</span> <span class='ocrx_word' id='word_1_137' title='bbox 489 1365 766 1410; x_wconf 85' lang='lat' dir='ltr'>exultationis</span> <span class='ocrx_word' id='word_1_138' title='bbox 788 1374 831 1410; x_wconf 92' lang='lat' dir='ltr'>et</span> <span class='ocrx_word' id='word_1_139' title='bbox 848 1365 1129 1410; x_wconf 86' lang='lat' dir='ltr'>confessionis</span> <span class='ocrx_word' id='word_1_140' title='bbox 1147 1401 1157 1421; x_wconf 81' lang='lat'><strong>‚</strong></span> <span class='ocrx_word' id='word_1_141' title='bbox 1183 1366 1278 1411; x_wconf 84' lang='lat' dir='ltr'>soni</span> <span class='ocrx_word' id='word_1_142' title='bbox 1302 1365 1471 1411; x_wconf 87' lang='lat' dir='ltr'>festivi-</span> 
     </span>
     <span class='ocr_line' id='line_1_18' title="bbox 87 1435 1471 1500; baseline 0.001 -20"><span class='ocrx_word' id='word_1_143' title='bbox 87 1457 106 1480; x_wconf 90' lang='lat'>»</span> <span class='ocrx_word' id='word_1_144' title='bbox 141 1446 275 1483; x_wconf 87' lang='lat' dir='ltr'>tatem</span> <span class='ocrx_word' id='word_1_145' title='bbox 297 1436 573 1482; x_wconf 88' lang='lat' dir='ltr'>celebrantis.</span> <span class='ocrx_word' id='word_1_146' title='bbox 602 1455 622 1478; x_wconf 72' lang='lat' dir='ltr'>n</span> <span class='ocrx_word' id='word_1_147' title='bbox 653 1439 780 1500; x_wconf 68' lang='lat' dir='ltr'>Festa</span> <span class='ocrx_word' id='word_1_148' title='bbox 802 1451 902 1481; x_wconf 88' lang='lat' dir='ltr'>cum</span> <span class='ocrx_word' id='word_1_149' title='bbox 923 1436 995 1481; x_wconf 87' lang='lat' dir='ltr'>hic</span> <span class='ocrx_word' id='word_1_150' title='bbox 1017 1437 1214 1481; x_wconf 89' lang='lat' dir='ltr'>homines</span> <span class='ocrx_word' id='word_1_151' title='bbox 1245 1435 1471 1482; x_wconf 82' lang='lat' dir='ltr'>celebrant</span> 
     </span>
     <span class='ocr_line' id='line_1_19' title="bbox 82 1506 1473 1571; baseline -0.001 -17"><span class='ocrx_word' id='word_1_152' title='bbox 82 1524 171 1554; x_wconf 82' lang='lat' dir='ltr'>suae</span> <span class='ocrx_word' id='word_1_153' title='bbox 202 1524 380 1571; x_wconf 88' lang='lat' dir='ltr'>quoque</span> <span class='ocrx_word' id='word_1_154' title='bbox 409 1506 613 1564; x_wconf 80' lang='lat' dir='ltr'>luxuriae,</span> <span class='ocrx_word' id='word_1_155' title='bbox 640 1508 1000 1553; x_wconf 90' lang='lat' dir='ltr'>consuetudinem</span> <span class='ocrx_word' id='word_1_156' title='bbox 1022 1508 1186 1552; x_wconf 85' lang='lat' dir='ltr'>hahent</span> <span class='ocrx_word' id='word_1_157' title='bbox 1207 1508 1473 1553; x_wconf 82' lang='lat' dir='ltr'>constituere</span> 
     </span>
     <span class='ocr_line' id='line_1_20' title="bbox 82 1578 1475 1640; baseline 0.001 -16"><span class='ocrx_word' id='word_1_158' title='bbox 82 1595 243 1640; x_wconf 86' lang='lat' dir='ltr'>organa</span> <span class='ocrx_word' id='word_1_159' title='bbox 265 1588 365 1625; x_wconf 85' lang='lat' dir='ltr'>ante</span> <span class='ocrx_word' id='word_1_160' title='bbox 394 1578 546 1624; x_wconf 91' lang='lat' dir='ltr'>domos</span> <span class='ocrx_word' id='word_1_161' title='bbox 568 1594 688 1634; x_wconf 79' lang='lat' dir='ltr'>suas,</span> <span class='ocrx_word' id='word_1_162' title='bbox 722 1588 798 1623; x_wconf 89' lang='lat' dir='ltr'>aut</span> <span class='ocrx_word' id='word_1_163' title='bbox 820 1594 983 1638; x_wconf 89' lang='lat' dir='ltr'>ponere</span> <span class='ocrx_word' id='word_1_164' title='bbox 1015 1580 1376 1639; x_wconf 85' lang='lat' dir='ltr'>symphoniacos,</span> <span class='ocrx_word' id='word_1_165' title='bbox 1404 1579 1475 1625; x_wconf 91' lang='lat' dir='ltr'>vel</span> 
     </span>
     <span class='ocr_line' id='line_1_21' title="bbox 82 1648 1474 1712; baseline 0.001 -17"><span class='ocrx_word' id='word_1_166' title='bbox 82 1665 268 1712; x_wconf 81' lang='lat' dir='ltr'>quaeque</span> <span class='ocrx_word' id='word_1_167' title='bbox 294 1650 459 1695; x_wconf 89' lang='lat' dir='ltr'>musica</span> <span class='ocrx_word' id='word_1_168' title='bbox 493 1649 549 1694; x_wconf 92' lang='lat' dir='ltr'>ad</span> <span class='ocrx_word' id='word_1_169' title='bbox 576 1648 794 1694; x_wconf 81' lang='lat' dir='ltr'>luxuriam</span> <span class='ocrx_word' id='word_1_170' title='bbox 825 1649 1051 1694; x_wconf 83' lang='lat' dir='ltr'>servientia</span> <span class='ocrx_word' id='word_1_171' title='bbox 1079 1659 1122 1694; x_wconf 93' lang='lat' dir='ltr'>et</span> <span class='ocrx_word' id='word_1_172' title='bbox 1154 1649 1389 1696; x_wconf 91' lang='lat' dir='ltr'>illicientia.</span> <span class='ocrx_word' id='word_1_173' title='bbox 1416 1654 1474 1696; x_wconf 85' lang='lat' dir='ltr'>Et</span> 
     </span>
     <span class='ocr_line' id='line_1_22' title="bbox 81 1719 1475 1780; baseline -0.001 -13"><span class='ocrx_word' id='word_1_174' title='bbox 81 1722 161 1767; x_wconf 88' lang='lat' dir='ltr'>ubi</span> <span class='ocrx_word' id='word_1_175' title='bbox 182 1721 329 1766; x_wconf 84' lang='lat' dir='ltr'>audita</span> <span class='ocrx_word' id='word_1_176' title='bbox 342 1720 506 1765; x_wconf 88' lang='lat' dir='ltr'>fuerint</span> <span class='ocrx_word' id='word_1_177' title='bbox 523 1720 640 1777; x_wconf 80' lang='lat' dir='ltr'>haec,</span> <span class='ocrx_word' id='word_1_178' title='bbox 658 1719 766 1780; x_wconf 91' lang='lat' dir='ltr'>quid</span> <span class='ocrx_word' id='word_1_179' title='bbox 787 1719 970 1764; x_wconf 84' lang='lat' dir='ltr'>dicimus</span> <span class='ocrx_word' id='word_1_180' title='bbox 989 1721 1065 1780; x_wconf 90' lang='lat' dir='ltr'>qui</span> <span class='ocrx_word' id='word_1_181' title='bbox 1083 1721 1339 1766; x_wconf 74' lang='lat' dir='ltr'>transimus?</span> <span class='ocrx_word' id='word_1_182' title='bbox 1357 1721 1475 1775; x_wconf 89' lang='lat' dir='ltr'>Quid</span> 
     </span>
    </p>
   </div>
   <div class='ocr_carea' id='block_1_3' title="bbox 59 1790 1472 1853">
    <p class='ocr_par' dir='ltr' id='par_1_3' title="bbox 59 1790 1472 1853">
     <span class='ocr_line' id='line_1_23' title="bbox 59 1790 1472 1853; baseline 0.002 -18"><span class='ocrx_word' id='word_1_183' title='bbox 59 1831 62 1835; x_wconf 79' lang='grc'><em>,</em></span> <span class='ocrx_word' id='word_1_184' title='bbox 83 1794 154 1839; x_wconf 87' lang='lat' dir='ltr'>hic</span> <span class='ocrx_word' id='word_1_185' title='bbox 171 1793 345 1853; x_wconf 80' lang='lat' dir='ltr'>agitur?</span> <span class='ocrx_word' id='word_1_186' title='bbox 366 1795 424 1837; x_wconf 88' lang='lat' dir='ltr'>Et</span> <span class='ocrx_word' id='word_1_187' title='bbox 445 1790 733 1851; x_wconf 86' lang='lat' dir='ltr'>respondetur</span> <span class='ocrx_word' id='word_1_188' title='bbox 752 1791 878 1836; x_wconf 87' lang='lat' dir='ltr'>nobis</span> <span class='ocrx_word' id='word_1_189' title='bbox 906 1791 1048 1852; x_wconf 84' lang='lat' dir='ltr'>aliqua</span> <span class='ocrx_word' id='word_1_190' title='bbox 1070 1807 1158 1836; x_wconf 85' lang='lat' dir='ltr'>esse</span> <span class='ocrx_word' id='word_1_191' title='bbox 1188 1791 1310 1837; x_wconf 84' lang='lat' dir='ltr'>festa.</span> <span class='ocrx_word' id='word_1_192' title='bbox 1336 1796 1472 1838; x_wconf 82' lang='lat' dir='ltr'>Nata-</span> 
     </span>
    </p>
   </div>
   <div class='ocr_carea' id='block_1_4' title="bbox 82 1861 1476 2350">
    <p class='ocr_par' dir='ltr' id='par_1_4' title="bbox 82 1861 1476 2350">
     <span class='ocr_line' id='line_1_24' title="bbox 82 1861 1474 1925; baseline -0.001 -14"><span class='ocrx_word' id='word_1_193' title='bbox 82 1865 201 1922; x_wconf 84' lang='lat' dir='ltr'>litia,</span> <span class='ocrx_word' id='word_1_194' title='bbox 224 1864 393 1925; x_wconf 87' lang='lat' dir='ltr'>inquit,</span> <span class='ocrx_word' id='word_1_195' title='bbox 415 1861 660 1919; x_wconf 83' lang='lat' dir='ltr'>celebrant,</span> <span class='ocrx_word' id='word_1_196' title='bbox 685 1863 850 1922; x_wconf 84' lang='lat' dir='ltr'>nuptiae</span> <span class='ocrx_word' id='word_1_197' title='bbox 865 1863 936 1908; x_wconf 91' lang='lat' dir='ltr'>hic</span> <span class='ocrx_word' id='word_1_198' title='bbox 954 1872 1056 1907; x_wconf 91' lang='lat' dir='ltr'>sunt</span> <span class='ocrx_word' id='word_1_199' title='bbox 1084 1883 1092 1908; x_wconf 87' lang='lat'>:</span> <span class='ocrx_word' id='word_1_200' title='bbox 1113 1873 1164 1908; x_wconf 92' lang='lat' dir='ltr'>ut</span> <span class='ocrx_word' id='word_1_201' title='bbox 1184 1880 1274 1909; x_wconf 91' lang='lat' dir='ltr'>non</span> <span class='ocrx_word' id='word_1_202' title='bbox 1295 1864 1474 1910; x_wconf 87' lang='lat' dir='ltr'>videan-</span> 
     </span>
     <span class='ocr_line' id='line_1_25' title="bbox 83 1932 1469 1997; baseline -0.001 -16"><span class='ocrx_word' id='word_1_203' title='bbox 83 1945 157 1982; x_wconf 90' lang='lat' dir='ltr'>tur</span> <span class='ocrx_word' id='word_1_204' title='bbox 175 1935 322 1997; x_wconf 86' lang='lat' dir='ltr'>inepta</span> <span class='ocrx_word' id='word_1_205' title='bbox 351 1933 426 1978; x_wconf 90' lang='lat' dir='ltr'>illa</span> <span class='ocrx_word' id='word_1_206' title='bbox 460 1933 626 1978; x_wconf 88' lang='lat' dir='ltr'>cantica</span> <span class='ocrx_word' id='word_1_207' title='bbox 641 1967 652 1989; x_wconf 80' lang='grc'>,</span> <span class='ocrx_word' id='word_1_208' title='bbox 679 1932 755 1978; x_wconf 91' lang='lat' dir='ltr'>sed</span> <span class='ocrx_word' id='word_1_209' title='bbox 778 1942 1008 1978; x_wconf 83' lang='lat' dir='ltr'>excusetur</span> <span class='ocrx_word' id='word_1_210' title='bbox 1030 1933 1261 1980; x_wconf 88' lang='lat' dir='ltr'>festivitate</span> <span class='ocrx_word' id='word_1_211' title='bbox 1283 1934 1469 1980; x_wconf 88' lang='lat' dir='ltr'>luxuria.</span> 
     </span>
     <span class='ocr_line' id='line_1_26' title="bbox 86 2003 1474 2068; baseline -0.001 -16"><span class='ocrx_word' id='word_1_212' title='bbox 86 2011 138 2052; x_wconf 84' lang='lat' dir='ltr'>In</span> <span class='ocrx_word' id='word_1_213' title='bbox 158 2005 290 2052; x_wconf 87' lang='lat' dir='ltr'>domo</span> <span class='ocrx_word' id='word_1_214' title='bbox 316 2005 394 2050; x_wconf 90' lang='lat' dir='ltr'>Dei</span> <span class='ocrx_word' id='word_1_215' title='bbox 421 2003 629 2051; x_wconf 84' lang='lat' dir='ltr'>festivitas</span> <span class='ocrx_word' id='word_1_216' title='bbox 652 2005 913 2064; x_wconf 82' lang='lat' dir='ltr'>sempiterna</span> <span class='ocrx_word' id='word_1_217' title='bbox 937 2014 1015 2050; x_wconf 88' lang='lat' dir='ltr'>est.</span> <span class='ocrx_word' id='word_1_218' title='bbox 1038 2008 1136 2051; x_wconf 88' lang='lat' dir='ltr'>Non</span> <span class='ocrx_word' id='word_1_219' title='bbox 1169 2006 1282 2051; x_wconf 92' lang='lat' dir='ltr'>enim</span> <span class='ocrx_word' id='word_1_220' title='bbox 1308 2007 1474 2068; x_wconf 85' lang='lat' dir='ltr'>aliquid</span> 
     </span>
     <span class='ocr_line' id='line_1_27' title="bbox 85 2075 1474 2136; baseline -0.001 -12"><span class='ocrx_word' id='word_1_221' title='bbox 85 2078 146 2124; x_wconf 86' lang='lat' dir='ltr'>ibi</span> <span class='ocrx_word' id='word_1_222' title='bbox 181 2077 427 2122; x_wconf 88' lang='lat' dir='ltr'>celebratur</span> <span class='ocrx_word' id='word_1_223' title='bbox 452 2085 496 2120; x_wconf 90' lang='lat' dir='ltr'>et</span> <span class='ocrx_word' id='word_1_224' title='bbox 531 2075 698 2120; x_wconf 90' lang='lat' dir='ltr'>transit.</span> <span class='ocrx_word' id='word_1_225' title='bbox 729 2077 906 2120; x_wconf 90' lang='lat' dir='ltr'>Festum</span> <span class='ocrx_word' id='word_1_226' title='bbox 939 2076 1251 2136; x_wconf 89' lang='lat' dir='ltr'>sempiternum</span> <span class='ocrx_word' id='word_1_227' title='bbox 1266 2112 1277 2132; x_wconf 81' lang='grc'>,</span> <span class='ocrx_word' id='word_1_228' title='bbox 1314 2078 1474 2123; x_wconf 91' lang='lat' dir='ltr'>chorus</span> 
     </span>
     <span class='ocr_line' id='line_1_28' title="bbox 85 2144 1473 2208; baseline -0.001 -15"><span class='ocrx_word' id='word_1_229' title='bbox 85 2146 355 2208; x_wconf 81' lang='lat' dir='ltr'>Angelorum</span> <span class='ocrx_word' id='word_1_230' title='bbox 372 2164 382 2191; x_wconf 73' lang='grc' dir='ltr'>ι</span> <span class='ocrx_word' id='word_1_231' title='bbox 400 2144 549 2191; x_wconf 91' lang='lat' dir='ltr'>vultus</span> <span class='ocrx_word' id='word_1_232' title='bbox 569 2160 757 2205; x_wconf 82' lang='lat' dir='ltr'>praesens</span> <span class='ocrx_word' id='word_1_233' title='bbox 773 2145 866 2200; x_wconf 88' lang='lat' dir='ltr'>Dei,</span> <span class='ocrx_word' id='word_1_234' title='bbox 887 2145 1038 2190; x_wconf 81' lang='lat' dir='ltr'>laetitia</span> <span class='ocrx_word' id='word_1_235' title='bbox 1053 2146 1143 2190; x_wconf 90' lang='lat' dir='ltr'>sine</span> <span class='ocrx_word' id='word_1_236' title='bbox 1166 2146 1357 2192; x_wconf 83' lang='lat' dir='ltr'>defectu.</span> <span class='ocrx_word' id='word_1_237' title='bbox 1374 2148 1473 2193; x_wconf 92' lang='lat' dir='ltr'>Dies</span> 
     </span>
     <span class='ocr_line' id='line_1_29' title="bbox 84 2215 1473 2275; baseline -0.001 -12"><span class='ocrx_word' id='word_1_238' title='bbox 84 2217 156 2263; x_wconf 91' lang='lat' dir='ltr'>hic</span> <span class='ocrx_word' id='word_1_239' title='bbox 177 2216 311 2262; x_wconf 86' lang='lat' dir='ltr'>festus</span> <span class='ocrx_word' id='word_1_240' title='bbox 331 2215 392 2260; x_wconf 89' lang='lat' dir='ltr'>ita</span> <span class='ocrx_word' id='word_1_241' title='bbox 411 2224 475 2260; x_wconf 89' lang='lat' dir='ltr'>est</span> <span class='ocrx_word' id='word_1_242' title='bbox 487 2250 498 2271; x_wconf 90' lang='lat'>‚</span> <span class='ocrx_word' id='word_1_243' title='bbox 522 2224 574 2259; x_wconf 92' lang='lat' dir='ltr'>ut</span> <span class='ocrx_word' id='word_1_244' title='bbox 588 2230 669 2259; x_wconf 91' lang='lat' dir='ltr'>nec</span> <span class='ocrx_word' id='word_1_245' title='bbox 685 2215 901 2275; x_wconf 89' lang='lat' dir='ltr'>aperiatur</span> <span class='ocrx_word' id='word_1_246' title='bbox 921 2215 1046 2260; x_wconf 90' lang='lat' dir='ltr'>initio</span> <span class='ocrx_word' id='word_1_247' title='bbox 1058 2251 1068 2271; x_wconf 88' lang='lat'>,</span> <span class='ocrx_word' id='word_1_248' title='bbox 1089 2232 1170 2261; x_wconf 90' lang='lat' dir='ltr'>nec</span> <span class='ocrx_word' id='word_1_249' title='bbox 1189 2218 1276 2262; x_wconf 89' lang='lat' dir='ltr'>fine</span> <span class='ocrx_word' id='word_1_250' title='bbox 1291 2217 1473 2263; x_wconf 87' lang='lat' dir='ltr'>clauda-</span> 
     </span>
     <span class='ocr_line' id='line_1_30' title="bbox 87 2285 1476 2350; baseline 0.001 -17"><span class='ocrx_word' id='word_1_251' title='bbox 87 2297 173 2333; x_wconf 87' lang='lat' dir='ltr'>tur.</span> <span class='ocrx_word' id='word_1_252' title='bbox 199 2291 262 2333; x_wconf 89' lang='lat' dir='ltr'>De</span> <span class='ocrx_word' id='word_1_253' title='bbox 275 2285 348 2331; x_wconf 87' lang='lat' dir='ltr'>illa</span> <span class='ocrx_word' id='word_1_254' title='bbox 365 2295 527 2331; x_wconf 85' lang='lat' dir='ltr'>aeterna</span> <span class='ocrx_word' id='word_1_255' title='bbox 540 2294 583 2329; x_wconf 90' lang='lat' dir='ltr'>et</span> <span class='ocrx_word' id='word_1_256' title='bbox 595 2294 805 2346; x_wconf 88' lang='lat' dir='ltr'>perpetua</span> <span class='ocrx_word' id='word_1_257' title='bbox 818 2285 1053 2330; x_wconf 85' lang='lat' dir='ltr'>festivitate</span> <span class='ocrx_word' id='word_1_258' title='bbox 1067 2296 1192 2332; x_wconf 87' lang='lat' dir='ltr'>sonat</span> <span class='ocrx_word' id='word_1_259' title='bbox 1207 2288 1351 2333; x_wconf 88' lang='lat' dir='ltr'>nescio</span> <span class='ocrx_word' id='word_1_260' title='bbox 1366 2289 1476 2350; x_wconf 86' lang='lat' dir='ltr'>quid</span> 
     </span>
    </p>
   </div>
   <div class='ocr_carea' id='block_1_5' title="bbox 2 2356 1474 2421">
    <p class='ocr_par' dir='ltr' id='par_1_5' title="bbox 2 2356 1474 2421">
     <span class='ocr_line' id='line_1_31' title="bbox 2 2356 1474 2421; baseline -0.001 -15"><span class='ocrx_word' id='word_1_261' title='bbox 2 2359 24 2414; x_wconf 63' lang='lat'>2}</span> <span class='ocrx_word' id='word_1_262' title='bbox 88 2373 297 2405; x_wconf 89' lang='lat' dir='ltr'>canorum</span> <span class='ocrx_word' id='word_1_263' title='bbox 320 2367 364 2403; x_wconf 89' lang='lat' dir='ltr'>et</span> <span class='ocrx_word' id='word_1_264' title='bbox 383 2356 512 2403; x_wconf 87' lang='lat' dir='ltr'>dulce</span> <span class='ocrx_word' id='word_1_265' title='bbox 541 2356 718 2402; x_wconf 85' lang='lat' dir='ltr'>auribus</span> <span class='ocrx_word' id='word_1_266' title='bbox 742 2356 882 2401; x_wconf 85' lang='lat' dir='ltr'>cordis</span> <span class='ocrx_word' id='word_1_267' title='bbox 909 2377 917 2402; x_wconf 90' lang='lat'>:</span> <span class='ocrx_word' id='word_1_268' title='bbox 944 2357 1019 2402; x_wconf 91' lang='lat' dir='ltr'>sed</span> <span class='ocrx_word' id='word_1_269' title='bbox 1050 2358 1084 2401; x_wconf 88' lang='lat' dir='ltr'>si</span> <span class='ocrx_word' id='word_1_270' title='bbox 1111 2374 1201 2402; x_wconf 89' lang='lat' dir='ltr'>non</span> <span class='ocrx_word' id='word_1_271' title='bbox 1232 2368 1474 2421; x_wconf 86' lang='lat' dir='ltr'>perstrepat</span> 
     </span>
    </p>
   </div>
   <div class='ocr_carea' id='block_1_6' title="bbox 2 2430 24 2483">
    <p class='ocr_par' dir='ltr' id='par_1_6' title="bbox 2 2430 24 2483">
     <span class='ocr_line' id='line_1_32' title="bbox 2 2430 24 2483; baseline 0 0"><span class='ocrx_word' id='word_1_272' title='bbox 2 2430 24 2483; x_wconf 52' lang='lat' dir='ltr'>ri</span> 
     </span>
    </p>
   </div>
   <div class='ocr_carea' id='block_1_7' title="bbox 4 2583 13 2611">
    <p class='ocr_par' dir='ltr' id='par_1_7' title="bbox 4 2583 13 2611">
     <span class='ocr_line' id='line_1_33' title="bbox 4 2583 13 2611; baseline 0 0"><span class='ocrx_word' id='word_1_273' title='bbox 4 2583 13 2611; x_wconf 68' lang='lat' dir='ltr'>l</span> 
     </span>
    </p>
   </div>
   <div class='ocr_carea' id='block_1_8' title="bbox 86 2427 1475 2683">
    <p class='ocr_par' dir='ltr' id='par_1_8' title="bbox 86 2427 1471 2484">
     <span class='ocr_line' id='line_1_34' title="bbox 86 2427 1471 2484; baseline 0.001 -9"><span class='ocrx_word' id='word_1_274' title='bbox 86 2428 291 2474; x_wconf 89' lang='lat' dir='ltr'>mundus.</span> <span class='ocrx_word' id='word_1_275' title='bbox 318 2428 575 2474; x_wconf 85' lang='lat' dir='ltr'>Ambulanti</span> <span class='ocrx_word' id='word_1_276' title='bbox 595 2427 641 2472; x_wconf 90' lang='lat' dir='ltr'>in</span> <span class='ocrx_word' id='word_1_277' title='bbox 662 2428 747 2472; x_wconf 92' lang='lat' dir='ltr'>hoc</span> <span class='ocrx_word' id='word_1_278' title='bbox 768 2427 1049 2472; x_wconf 83' lang='lat' dir='ltr'>tabernaculo</span> <span class='ocrx_word' id='word_1_279' title='bbox 1067 2463 1077 2484; x_wconf 84' lang='lat'>‚</span> <span class='ocrx_word' id='word_1_280' title='bbox 1104 2437 1146 2472; x_wconf 90' lang='lat' dir='ltr'>et</span> <span class='ocrx_word' id='word_1_281' title='bbox 1164 2428 1372 2475; x_wconf 87' lang='lat' dir='ltr'>miracula</span> <span class='ocrx_word' id='word_1_282' title='bbox 1391 2432 1471 2476; x_wconf 90' lang='lat' dir='ltr'>Dei</span> 
     </span>
    </p>

    <p class='ocr_par' dir='ltr' id='par_1_9' title="bbox 89 2497 1475 2559">
     <span class='ocr_line' id='line_1_35' title="bbox 89 2497 1475 2559; baseline 0.001 -14"><span class='ocrx_word' id='word_1_283' title='bbox 89 2501 136 2545; x_wconf 89' lang='lat' dir='ltr'>in</span> <span class='ocrx_word' id='word_1_284' title='bbox 174 2498 520 2559; x_wconf 86' lang='lat' dir='ltr'>redemptionem</span> <span class='ocrx_word' id='word_1_285' title='bbox 546 2497 742 2542; x_wconf 89' lang='lat' dir='ltr'>fidelium</span> <span class='ocrx_word' id='word_1_286' title='bbox 777 2499 1088 2551; x_wconf 74' lang='lat' dir='ltr'>consideranti,</span> <span class='ocrx_word' id='word_1_287' title='bbox 1125 2499 1288 2545; x_wconf 87' lang='lat' dir='ltr'>mulcet</span> <span class='ocrx_word' id='word_1_288' title='bbox 1326 2517 1475 2547; x_wconf 88' lang='lat' dir='ltr'>aurem</span> 
     </span>
    </p>

    <p class='ocr_par' dir='ltr' id='par_1_10' title="bbox 91 2567 1470 2683">
     <span class='ocr_line' id='line_1_36' title="bbox 91 2567 1470 2631; baseline 0.001 -16"><span class='ocrx_word' id='word_1_289' title='bbox 91 2585 221 2616; x_wconf 90' lang='lat' dir='ltr'>sonus</span> <span class='ocrx_word' id='word_1_290' title='bbox 234 2568 475 2615; x_wconf 86' lang='lat' dir='ltr'>festivitatis</span> <span class='ocrx_word' id='word_1_291' title='bbox 488 2568 621 2623; x_wconf 82' lang='lat' dir='ltr'>illius,</span> <span class='ocrx_word' id='word_1_292' title='bbox 640 2576 682 2612; x_wconf 92' lang='lat' dir='ltr'>et</span> <span class='ocrx_word' id='word_1_293' title='bbox 700 2569 810 2628; x_wconf 87' lang='lat' dir='ltr'>rapit</span> <span class='ocrx_word' id='word_1_294' title='bbox 827 2583 1002 2613; x_wconf 88' lang='lat' dir='ltr'>cervum</span> <span class='ocrx_word' id='word_1_295' title='bbox 1019 2567 1073 2613; x_wconf 84' lang='lat' dir='ltr'>ad</span> <span class='ocrx_word' id='word_1_296' title='bbox 1089 2569 1228 2615; x_wconf 75' lang='lat' dir='ltr'>tontes</span> <span class='ocrx_word' id='word_1_297' title='bbox 1240 2586 1470 2631; x_wconf 83' lang='lat' dir='ltr'>aquarum.</span> 
     </span>
     <span class='ocr_line' id='line_1_37' title="bbox 1247 2643 1310 2683; baseline 0 -1"><span class='ocrx_word' id='word_1_298' title='bbox 1247 2643 1310 2683; x_wconf 83' lang='lat'>16.</span> 
     </span>
    </p>
   </div>
  </div>
 </body>
</html>
