1841 3223
433 223 673 251 ENARRATIO
705 225 750 251 IN
783 224 986 252 PsALMUM
1020 225 1139 251 XLix.
1395 212 1479 252 429

95 307 117 330 n
152 289 251 333 teris
268 289 514 349 portionem
534 299 654 333 tuam
672 289 902 349 ponebas¹.
924 293 1022 334 »Ne
1044 289 1154 333 forte
1167 288 1330 333 diceres
1355 308 1363 333 :
1382 292 1478 351 Non

90 358 175 403 feci
190 358 377 414 furtum,
403 375 491 404 non
516 358 596 403 feci
621 360 897 403 adulterium.
919 359 1035 413 Quid
1057 360 1089 403 si
1119 359 1284 417 placuit
1309 359 1385 402 tibi
1403 360 1479 419 qui

91 429 228 473 feeit?
259 432 413 475 Nonne
447 430 539 489 ipso
568 430 727 489 placito
750 431 1041 476 concurristi?
1062 434 1217 476 Nonne
1234 431 1479 490 portionem

90 509 208 544 tuam
231 516 331 544 cum
353 500 428 545 illo
442 501 518 562 qui
540 500 667 557 fecit,
692 501 914 546 laudando
927 503 1132 562 posuisti?
1151 505 1243 546 Hoc
1262 512 1325 546 est
1342 503 1473 557 enim,

88 569 264 626 fratres,
289 586 548 616 concurrere
577 587 677 615 cum
705 570 828 626 fure,
873 581 916 616 et
950 587 1111 631 ponere
1149 588 1248 617 cum
1277 572 1476 618 adultero

87 641 332 700 portionem
355 650 474 685 tuam
504 661 512 685 ;
538 642 639 701 quia
662 641 741 685 etsi
757 657 847 686 non
866 641 991 697 facis,
1019 652 1062 687 et
1082 643 1233 687 laudas
1257 643 1376 703 quod
1399 645 1473 699 fit,

87 711 345 772 astipulator
363 728 406 757 65
428 711 558 771 facti3
588 713 797 773 quoniam
825 713 1030 758 laudatur
1049 723 1250 774 peccator
1276 716 1319 758 in
1361 714 1475 758 desi-

86 782 214 827 deriis
236 784 392 827 animae
413 800 523 838 suae,
550 793 593 828 et
615 784 688 844 qui
710 784 857 844 iniqua
876 785 1006 842 gerit,
1042 784 1356 829 benedicitur2.
1378 788 1475 829 Non

85 852 188 898 facis
201 854 328 909 mala,
345 854 496 898 laudas
509 853 621 898 mala
638 853 855 899 facientes.
878 858 968 900 Hoc
984 855 1097 899 enim
1115 871 1294 915 parvum
1310 855 1473 900 malum

84 928 176 970 est?
202 944 219 966 «
246 929 359 971 Cum
383 925 588 970 adulteris
601 927 845 986 portionem
864 936 981 971 tuam
997 927 1234 987 ponebas.»

140 999 301 1042 XXVI.
340 1017 359 1039 «
385 999 442 1042 Os
455 1007 579 1042 tuum
599 998 839 1043 abundavit
852 999 1028 1055 malitia,
1057 1009 1099 1044 et
1124 999 1274 1059 lingua
1297 1009 1367 1045 tua
1387 1018 1474 1046 am-

88 1087 105 1109 »
140 1067 263 1128 plexa
286 1078 349 1113 est
360 1069 674 1114 dolositatem?
697 1089 716 1111 »
731 1071 1078 1116 Malevolentiam
1101 1081 1145 1115 et
1171 1071 1442 1117 dolositatem
1459 1109 1469 1129 ‚

80 1138 249 1195 fmtres,
274 1140 567 1200 quorumdam
589 1142 814 1185 hominum
829 1143 955 1197 dicit⁷
974 1143 1049 1203 qui
1068 1142 1468 1203 peradulationem‚

79 1210 277 1269 quamvis
299 1211 435 1254 sciant
467 1211 579 1255 mala
602 1227 690 1255 6556
712 1228 811 1272 quae
830 1211 1040 1268 audiunt,
1074 1230 1128 1257 ne
1150 1214 1376 1258 offendant
1400 1231 1471 1260 eos

79 1295 103 1324 a
126 1280 284 1341 quibus
306 1280 511 1336 audiunt,
532 1297 620 1326 non
644 1281 785 1327 solum
805 1299 893 1327 non
908 1284 1268 1343 reprehendendo
1285 1320 1295 1339 ‚
1319 1284 1393 1329 sed
1412 1295 1472 1329 ta-

78 1349 217 1395 cendo
244 1352 538 1396 consentiunt.
575 1355 734 1396 Parum
757 1362 846 1407 est,
879 1354 981 1414 quia
1022 1370 1109 1398 non
1138 1355 1291 1398 dicunt
1321 1375 1329 1399 :
1355 1355 1469 1400 Male

78 1421 216 1465 fecisti
238 1441 247 1465 :
273 1420 347 1466 sed
363 1420 538 1477 dicunt,
560 1431 603 1465 et
616 1423 728 1466 bene
750 1421 888 1467 fecisti
908 1443 915 1468 :
933 1432 975 1467 et
993 1434 1155 1468 norunt
1174 1424 1336 1468 malum
1357 1441 1465 1470 esse:

77 1491 153 1535 sed
170 1490 368 1535 abundat
389 1507 434 1536 os
457 1507 609 1536 eorum
632 1493 818 1548 malitia,
839 1502 882 1537 et
905 1493 1055 1553 lingua
1078 1510 1229 1539 eorum
1250 1496 1470 1555 amplexa-

76 1569 148 1606 tur
184 1560 474 1605 dolositatem.
516 1561 727 1606 Dolositas
757 1572 820 1607 est
850 1561 964 1607 fraus
998 1564 1203 1624 quaedam
1226 1565 1272 1608 in
1302 1566 1465 1621 verbis,

77 1629 196 1675 aliud
217 1631 446 1690 promendi
461 1667 472 1686 ⁷
498 1630 617 1676 aliud
636 1633 866 1677 sentiendi.
887 1636 982 1678 Non
1007 1634 1065 1678 ait
1083 1655 1090 1679 ;
1110 1636 1276 1695 Lingua
1295 1645 1366 1680 tua
1392 1636 1470 1681 ad-

75 1700 189 1744 misit
213 1700 484 1746 dolositatem
503 1736 513 1756 ,
550 1711 649 1757 aut⁷
686 1704 951 1762 perpetravit
983 1703 1277 1760 dolositatem,
1317 1706 1391 1750 sed
1419 1716 1468 1751 ut

76 1771 325 1815 ostenderet
342 1771 420 1815 tibi
439 1770 674 1832 quamdam
698 1771 1029 1817 delectationem
1044 1773 1314 1833 inipsomalo
1327 1775 1462 1832 facto,

79 1859 100 1883 «
135 1840 344 1901 Amplexa
366 1850 452 1897 est,
479 1860 499 1883 »
523 1840 646 1885 dixit.
674 1845 832 1886 Parum
855 1852 918 1886 est
943 1843 1042 1903 quia
1062 1843 1187 1898 facis,
1211 1854 1254 1889 et
1276 1844 1467 1891 delecta-

75 1912 131 1956 ris
154 1931 161 1957 :
182 1911 333 1958 laudas
349 1913 393 1956 in
415 1922 622 1973 promptu
642 1947 651 1968 ‚
678 1912 831 1957 irrides
852 1913 969 1973 apud
987 1923 1044 1958 tc.
1058 1916 1304 1975 Praecipitas
1321 1917 1466 1962 homi-

75 1998 176 2027 nem
195 1984 367 2029 incaute
385 1984 487 2028 vitia
513 2000 589 2028 sua
611 1983 934 2043 proferentem,
959 1994 1002 2029 et
1040 2002 1093 2030 an
1120 1987 1204 2030 sint
1234 1987 1336 2032 vitia
1364 2005 1464 2033 nes-

74 2053 260 2098 cientem
280 2074 289 2098 :
314 2063 363 2098 tu
390 2054 467 2114 qui
491 2054 570 2098 scis
591 2055 747 2098 vitium
779 2070 869 2099 esse
886 2090 896 2108 ,
918 2071 1006 2099 non
1029 2055 1135 2100 dicis
1154 2076 1162 2100 ε
1189 2059 1286 2110 Quo
1308 2058 1465 2102 irruis?

77 2124 120 2169 Si
139 2124 267 2168 illum
283 2124 452 2169 videres
474 2124 698 2169 ambulare
719 2125 944 2170 incautum
973 2126 1019 2169 in
1054 2127 1270 2183 tenebris,
1303 2129 1380 2172 ubi
1415 2139 1463 2173 tu

74 2203 257 2254 puteum
279 2210 369 2240 esse
390 2195 517 2239 scires
531 2229 542 2250 ‚
557 2203 599 2239 et
622 2204 805 2251 taceres,
827 2195 965 2256 qualis
988 2199 1128 2240 esses?
1150 2212 1297 2241 nonne
1316 2198 1462 2242 inimi-

73 2280 151 2309 cus
171 2264 437 2325 deputateris
452 2265 606 2309 animae
629 2266 718 2325 ejus
734 2268 821 2311 PEt
843 2276 986 2310 tamen
1009 2266 1041 2310 Si
1060 2266 1104 2309 in
1127 2276 1308 2326 puteum
1331 2268 1462 2313 cade-

73 2343 163 2390 ret,
193 2351 283 2380 non
302 2336 466 2390 anima⁷
491 2335 566 2379 sed
587 2351 766 2395 corpore
802 2346 1055 2381 moreretur.
1083 2338 1328 2397 Praecipitat
1351 2354 1394 2383 se
1416 2340 1461 2383 in

72 2404 175 2450 vitia
197 2421 289 2461 sua,
311 2405 516 2466 praedicat
531 2405 648 2465 apud
670 2416 712 2451 te
736 2407 847 2451 mala
865 2406 978 2451 facta
1002 2423 1099 2465 sua3
1129 2417 1178 2451 tu
1212 2410 1324 2453 nosti
1349 2410 1462 2454 mala

73 2491 187 2532 csse,
213 2485 256 2520 et
278 2476 428 2521 laudas
447 2511 458 2533 ,
483 2485 526 2521 et
545 2476 696 2522 irrides
720 2478 837 2538 apud
864 2487 920 2521 te.
947 2479 984 2521 Ο
1005 2478 1040 2521 si
1071 2488 1350 2525 convertatur
1382 2481 1460 2525 ali-

122 2567 130 2583 ¹
153 2560 233 2594 Psal.
251 2573 338 2604 xux,
361 2562 411 2595 18.
432 2579 473 2585 --
495 2562 573 2595 21d.
594 2564 633 2595 H.
655 2573 688 2605 x,
708 2565 739 2594 3.
759 2579 801 2585 ——
817 2561 829 2585 3
853 2563 898 2595 Id.
923 2573 1078 2606 xL1x‚19.
