1841 3223
393 244 478 283 390
825 255 857 280 s.
893 251 1124 282 Auctis‘nm
1157 254 1337 282 EPISCOPI

385 335 490 365 sam.
513 318 630 372 Quid
641 334 744 376 ergo
758 318 906 362 dicent
920 320 1009 378 jam
1028 319 1072 362 in
1088 320 1345 379 poenitentia
1363 319 1660 365 infructuosa?
1679 339 1698 362 «
1716 320 1772 364 Hi

387 410 407 432 »
434 400 534 434 sunt
549 406 655 449 quos
675 390 967 450 aliquandoin
989 391 1119 435 risum
1137 391 1384 446 habuimns,
1407 401 1449 436 et
1466 393 1510 436 in
1524 392 1772 436 similitudi-

388 481 404 502 »
429 476 529 504 nem
550 461 993 520 improperii.»Verba
1017 460 1114 505 dico
1133 460 1232 505 libri
1251 462 1304 506 de
1319 463 1534 522 Sapientia
1557 481 1565 507 z
1587 478 1772 522 cognos-

381 541 488 577 cunt
524 532 599 592 qui
634 547 681 575 ea
714 531 855 576 solent
883 532 1047 577 audire.
1085 533 1228 577 Verba
1271 535 1386 577 enim
1416 543 1517 578 sunt
1555 534 1771 579 malorum

379 603 543 658 futura,
559 603 736 663 quando
752 602 966 647 videbunt
985 606 1006 646 J
1014 602 1183 647 udicem
1196 639 1206 658 ,
1224 613 1267 648 et
1283 605 1372 664 jam
1391 620 1540 649 omnes
1552 605 1701 650 fideles
1717 605 1772 650 ad

380 673 600 718 dexteram
615 675 726 734 ejus,
753 683 795 717 et
813 689 962 717 omnes
986 683 1155 717 sanctos
1177 675 1267 734 ejus
1281 690 1381 718 cum
1397 674 1471 719 illo
1486 676 1732 734 judicantes
1758 695 1768 720 ε

379 746 463 789 hoc
484 745 649 788 habent
671 744 837 798 dicere,
869 744 1002 787 verba
1036 744 1227 803 ipsorum
1252 744 1357 789 dicit
1387 746 1604 805 Scriptura
1629 765 1638 791 :
1669 764 1688 787 «
1715 745 1771 789 Hi

383 834 402 857 υ
429 824 531 859 sunt
556 830 665 874 quos
694 813 929 873 aliquando
952 814 1186 859 habuimus
1210 815 1255 858 in
1277 815 1431 870 risum,
1464 825 1507 860 et
1536 816 1581 859 in
1615 815 1769 860 simili-

381 904 402 928 »
430 885 625 929 tudinem
646 885 923 944 improperii,
949 901 1027 929 nos
1052 885 1282 941 insensati,
1308 886 1441 931 vitam
1460 885 1634 931 illorum
1653 887 1770 931 aesti-

380 977 400 999 »
423 958 650 1001 mabamus
673 956 926 1001 insaniam¹.
950 975 970 997 »
997 960 1109 1002 Cum
1129 958 1244 1001 enim
1271 959 1454 1018 coeperit
1475 962 1564 1003 Deo
1586 958 1772 1019 quisque

377 1028 544 1082 vivere,
573 1027 788 1071 mundum
808 1036 1110 1084 contemnere,
1134 1029 1310 1089 injurias
1332 1044 1428 1074 suas
1450 1028 1567 1074 nolle
1595 1029 1767 1085 ulcisci,

378 1099 495 1144 nolle
518 1099 587 1143 hic
607 1098 802 1153 divitias,
832 1114 922 1143 non
942 1099 1012 1143 hic
1031 1115 1225 1160 quaerere
1250 1100 1501 1145 felicitatem
1524 1111 1770 1156 terrenam,

377 1179 656 1215 contemnere
671 1170 832 1223 omnia,
856 1170 1090 1214 Dominum
1105 1170 1246 1215 solum
1259 1172 1463 1229 cogitare,
1480 1172 1596 1216 viam
1613 1172 1772 1217 Christi

377 1257 467 1286 non
490 1239 707 1295 deserere,
730 1255 818 1283 non
847 1239 987 1284 solum
1013 1256 1035 1284 a
1061 1242 1236 1300 paganis
1265 1241 1424 1286 dicitur
1441 1277 1451 1297 ,
1485 1242 1671 1298 Insanit,
1697 1240 1773 1286 sed

377 1312 498 1370 quod
517 1311 651 1370 magis
675 1309 914 1355 dolendum
938 1320 1001 1354 est
1018 1347 1028 1366 ,
1048 1312 1148 1371 quia
1171 1321 1214 1355 et
1236 1312 1352 1356 intus
1375 1311 1501 1356 multi
1518 1312 1769 1367 dormiunt,

376 1393 419 1427 et
432 1383 634 1441 evigilare
657 1382 829 1436 nolunt,
850 1397 871 1425 a
896 1382 997 1436 suis,
1020 1399 1042 1426 a
1065 1383 1316 1428 Christianis
1339 1383 1548 1428 audiunt:
1567 1383 1682 1437 Quid
1699 1399 1773 1442 pa-

376 1454 503 1497 teris?
527 1457 696 1496 Fratres
715 1453 814 1507 mei,
834 1453 999 1497 homini
1022 1454 1184 1498 viventi
1203 1454 1445 1498 secundum
1463 1454 1577 1498 viam
1595 1453 1769 1506 Christi,

376 1524 484 1584 quid
510 1523 616 1568 dicit
643 1542 651 1568 :
679 1521 795 1576 Quid
818 1524 1004 1582 pateris?
1029 1534 1232 1583 putamus
1249 1524 1355 1585 quid
1378 1524 1513 1569 dicit?
1537 1527 1773 1569 Horremus

377 1594 554 1639 Judaeos
573 1629 583 1648 ,
622 1594 724 1653 quia
754 1593 957 1638 dixerunt
986 1595 1171 1639 Domino
1199 1598 1304 1639 Jcsu
1329 1596 1526 1649 Christo,
1557 1613 1577 1636 «
1602 1597 1774 1638 Daemo-

381 1683 402 1707 »
428 1665 551 1709 nium
571 1664 723 1708 habes2
741 1684 748 1709 :
769 1684 788 1706 »
807 1673 846 1708 et
860 1664 1038 1725 quando
1053 1665 1253 1709 audimus
1271 1665 1560 1724 Evangelium
1580 1665 1771 1719 recitari,

381 1735 604 1780 tundimus
628 1745 802 1795 pectora
826 1745 986 1780 nostra.
1012 1735 1270 1780 Sceleratarn
1296 1752 1385 1780 rem
1406 1736 1609 1780 dixerunt
1631 1735 1775 1779 Judaei

379 1807 566 1860 Christo,
590 1826 608 1848 ι(
627 1807 902 1851 Daemonium
920 1807 1077 1851 habes:
1100 1826 1118 1848 »
1137 1823 1214 1865 age
1229 1817 1275 1850 tu
1291 1843 1301 1861 ,
1318 1806 1576 1860 Christiane,
1597 1805 1774 1866 quando

380 1879 538 1923 videris
555 1879 608 1921 de
632 1877 762 1920 corde
791 1878 977 1921 hominis
998 1877 1224 1936 expulsum
1245 1877 1470 1920 diabolum
1489 1911 1499 1930 ,
1525 1885 1566 1919 et
1599 1876 1774 1919 inhabi-

381 1958 473 1992 tare
494 1949 742 2002 Christum,
775 1956 818 1991 et
853 1948 985 1991 dicis:
1024 1947 1141 2000 Quid
1175 1947 1360 2006 pateris?
1395 1946 1661 1990 daemonium
1694 1947 1774 1990 tibi

379 2019 555 2063 videtur
588 2018 776 2061 habere?
811 2017 984 2061 Dictum
1021 2026 1085 2060 est
1122 2026 1163 2060 et
1197 2016 1251 2060 de
1281 2018 1373 2077 ipso
1405 2018 1617 2072 Domino,
1653 2016 1774 2077 quod

383 2089 612 2143 insaniret,
640 2087 818 2148 quando
839 2087 1102 2147 loquebatur
1134 2088 1292 2143 verba,
1314 2103 1413 2147 quae
1440 2086 1502 2131 illi
1531 2103 1620 2132 non
1643 2103 1772 2147 cape-

384 2169 504 2216 rent,
521 2159 686 2203 dictum
703 2167 781 2213 est,
805 2177 824 2199 α
842 2158 1021 2212 Insanit,
1039 2158 1305 2202 daemonium
1320 2158 1453 2202 habet
1468 2160 1482 2184 3
1504 2178 1512 2202 ;
1536 2167 1613 2202 »et
1631 2167 1773 2203 tamen

385 2231 520 2291 aliqui
542 2230 809 2289 evigilabant
832 2245 854 2272 a
878 2244 1051 2284 somno,
1070 2238 1112 2273 et
1135 2229 1366 2273 dicebant:
1389 2248 1408 2270 «
1424 2232 1519 2273 Non
1542 2229 1621 2273 ista
1643 2230 1773 2274 verba

386 2320 407 2343 n
434 2301 701 2346 daemonium
724 2300 967 2344 l1abentis⁴.
998 2318 1017 2341 »
1042 2301 1108 2344 Sic
1131 2309 1174 2344 et
1196 2300 1350 2354 modo,
1372 2299 1543 2354 fratres,
1575 2299 1771 2359 quandiu

384 2372 463 2416 ista
486 2372 618 2416 verba
642 2371 827 2416 audiunt
848 2381 891 2414 et
913 2379 1061 2429 gentes
1077 2406 1087 2425 ,
1112 2380 1154 2414 et
1175 2371 1249 2431 qui
1267 2370 1514 2414 inhabitant
1531 2370 1682 2415 orbem
1698 2405 1709 2424 ,
1730 2379 1774 2414 et

388 2443 614 2502 terrigenae
630 2479 640 2497 ,
668 2452 711 2487 et
733 2442 809 2486 filii
824 2443 1066 2497 hominum,
1085 2450 1127 2486 et
1144 2441 1261 2486 dives
1278 2451 1321 2486 et
1342 2457 1528 2502 pauper,
1554 2442 1600 2485 id
1619 2450 1704 2497 est,
1730 2450 1774 2485 et

385 2515 462 2575 qui
491 2515 711 2574 pertinent
733 2514 788 2557 ad
811 2513 951 2558 Adam
968 2549 978 2569 ,
1010 2522 1052 2557 et
1084 2514 1158 2573 qui
1184 2513 1403 2572 pertinent
1433 2510 1487 2556 ad
1521 2512 1739 2557 Christum
1759 2547 1769 2567 ,

439 2607 445 2622 ¹
464 2603 537 2641 Sap.
555 2611 588 2634 v,
611 2600 641 2639 3,
659 2598 687 2640 '4
712 2617 749 2622 -
771 2602 887 2630 ³Jnan,
909 2598 1046 2640 v1u‚!48.
1069 2616 1109 2621 -
1127 2597 1205 2630 3111.
1228 2610 1257 2634 x,
1281 2608 1333 2629 20.
1358 2596 1428 2627 -4
1450 2598 1527 2629 thid.
1550 2607 1603 2629 21.
