1841 3223
332 235 574 265 ENARRAno
605 239 649 265 m
684 235 888 265 PSALMUM
919 235 1078 265 xxxvu.
1328 223 1410 262 127

32 303 142 347 dixit
157 303 333 362 sagittas
353 302 526 347 Domini
542 303 693 346 infixas
710 302 831 347 sibi1.
846 301 1042 348 Solemus
1054 309 1202 346 tamen
1216 308 1260 344 et
1279 299 1415 344 verba

32 373 112 418 Dei
132 373 307 432 sagittas
333 373 525 432 accipere
551 392 560 416 2
583 371 659 416 sed
680 371 897 432 numquid
917 372 970 416 ab
992 372 1058 416 his
1086 379 1230 431 posset
1250 369 1330 415 iste
1356 370 1416 414 sic

33 442 181 488 dolere
213 458 257 488 se
285 442 485 503 percuti?
517 442 661 486 Verba
683 442 762 486 Dei
783 451 993 502 tanquam
1027 442 1194 501 sagittae
1231 440 1419 484 excitant

34 529 226 560 amorem
242 547 254 570 ‚
278 529 366 558 non
388 512 599 558 dolorem.
625 515 694 556 An
723 513 824 573 quia
847 522 891 556 et
916 513 1007 572 ipse
1029 528 1149 557 amor
1166 528 1255 557 non
1276 502 1421 571 potest

35 599 124 628 esse
160 583 250 628 sine
282 583 464 628 dolore?
486 581 713 643 Quidquid
736 583 853 626 enim
884 597 1077 627 amamus
1108 592 1151 626 et
1171 598 1261 627 non
1281 581 1420 626 habe-

34 669 132 699 mus
147 689 159 710 ‚
185 669 358 699 necesse
380 662 445 698 est
470 662 521 697 ut
548 652 788 697 doleamus.
825 655 935 698 Nam
967 652 1040 697 ille
1063 662 1106 696 et
1127 662 1243 696 amat
1263 662 1307 696 et
1331 667 1423 697 non

37 724 178 780 dolet,
202 724 281 785 qui
300 725 436 769 habet
457 723 577 784 quod
598 732 714 768 amat
735 743 744 769 :
768 723 845 784 qui
868 733 1013 768 autem
1031 731 1168 778 amat,
1194 731 1244 767 ut
1260 722 1364 778 dixi,
1381 731 1426 766 et

38 795 236 841 nondum
258 796 393 840 habet
408 794 529 856 quod
549 804 681 850 amat,
696 810 870 839 necesse
887 804 950 839 est
969 803 1019 838 ut
1038 794 1085 838 in
1100 793 1250 841 dolore
1263 802 1421 852 gemat.

41 866 149 912 Inde
166 865 279 911 illud
307 867 350 910 in
377 882 560 926 persona
581 866 785 911 Ecclesiae
813 881 965 926 sponsa
990 865 1150 910 Christi
1177 865 1222 908 in
1245 864 1427 909 Cantico

41 937 322 984 canticorum
343 956 352 982 :
386 937 641 990 «Quoniam
661 936 889 982 vulnerata
910 936 1119 981 charitate
1141 951 1222 995 ego
1239 949 1335 979 sum
1349 938 1382 977 2.
1403 951 1424 975 »

41 1007 326 1054 Vulneratam
346 1023 390 1051 se
413 1007 521 1051 dixit
542 1007 752 1052 charitate
775 1028 783 1052 ;
810 1007 984 1052 amabat
1009 1007 1125 1051 enim
1153 1005 1332 1066 quidam
1350 1040 1361 1059 ‚
1386 1012 1430 1048 et

41 1077 240 1124 nondum
262 1077 462 1135 tenebat3
486 1076 663 1122 dolebat
678 1112 689 1132 ,
721 1078 825 1137 quia
854 1076 1054 1121 nondum
1075 1076 1283 1120 habebat.
1313 1078 1430 1134 Ergo

41 1151 75 1195 si
96 1149 273 1195 dolebat
289 1184 300 1205 ‚
324 1148 551 1194 vulnerata
573 1158 689 1194 erat:
719 1149 796 1193 sed
816 1149 900 1193 hoc
928 1149 1087 1193 vulnus
1110 1148 1165 1191 ad
1195 1162 1340 1191 veram
1362 1161 1431 1190 sa-

44 1220 225 1266 nitatem
242 1219 452 1280 rapiebat.
479 1219 565 1273 Qui
585 1220 668 1264 hoc
688 1219 869 1264 vulnere
891 1235 980 1263 non
997 1217 1131 1262 fuerit
1148 1216 1402 1261 vulneratus
1417 1251 1429 1271 ‚

45 1291 102 1337 ad
120 1306 266 1337 veram
289 1291 518 1336 sanitatem
539 1307 629 1336 non
656 1301 799 1351 potest
821 1290 1061 1351 pervenire.
1083 1287 1308 1348 Numquid
1331 1303 1433 1347 ergo

45 1362 298 1415 vulneratus
313 1377 480 1421 semper
497 1362 579 1406 erit
599 1362 644 1405 in
665 1361 846 1406 vulnere
861 1363 878 1403 ⁶?
891 1365 1124 1405 Possumus
1144 1360 1291 1419 itaque
1305 1359 1435 1402 etiam

46 1435 105 1479 sic
127 1434 277 1478 infixas
297 1433 474 1492 sagittas
500 1432 716 1492 accipere,
748 1433 904 1488 idest,
934 1431 1067 1476 verba
1090 1440 1165 1475 tua
1187 1430 1316 1473 infixa
1334 1437 1438 1473 sunt

47 1504 168 1550 cordi
189 1509 288 1548 m'eo
302 1538 314 1559 ‚
330 1512 438 1548 etex
457 1503 558 1563 ipsis
576 1503 719 1547 verbis
740 1503 826 1547 tuis
849 1501 1014 1547 factum
1038 1511 1102 1546 est
1118 1511 1169 1545 ut
1187 1499 1437 1545 recordarer

47 1575 300 1633 sabbatum3
328 1583 372 1618 et
398 1574 489 1634 ipsa
512 1573 754 1618 recordatio
776 1573 974 1628 sabbati,
1000 1582 1042 1617 et
1066 1572 1266 1616 nondum
1292 1580 1439 1615 reten-

47 1647 109 1691 tio
126 1681 138 1702 ,
162 1644 266 1690 facit
286 1660 357 1689 me
378 1643 577 1690 nondum
602 1644 790 1703 gaudere
809 1679 820 1697 ‚
847 1653 889 1687 et
912 1657 1144 1702 agnoscere
1170 1657 1252 1686 nec
1275 1641 1438 1685 sanita·
1494 1632 1497 1634 ’

49 1725 139 1761 tem
160 1731 251 1760 esse
271 1716 318 1759 in
338 1713 429 1774 ipsa
446 1729 575 1758 carne
592 1749 604 1770 ,
628 1730 772 1775 neque
795 1713 881 1758 dici
897 1713 1058 1757 debere
1076 1748 1086 1768 ‚
1111 1728 1212 1757 cum
1234 1727 1439 1771 comparo

50 1788 175 1832 istam
196 1786 424 1831 sanitatem
446 1784 510 1829 illi
531 1785 704 1830 sanitati
732 1800 865 1846 quam
888 1784 1063 1828 habebo
1086 1784 1131 1827 in
1154 1783 1303 1843 requie
1327 1798 1440 1826 sem-

50 1858 243 1919 piterna,
272 1856 348 1901 ubi
382 1855 663 1915 corruptibile
695 1856 779 1900 hoc
800 1853 955 1899 induet
977 1854 1373 1912 incorruptionem,
1399 1862 1443 1897 et

54 1928 237 1974 mortale
268 1928 353 1972 hoc
378 1926 533 1971 induet
559 1926 931 1971 immortalitatem
953 1927 999 1983 33
1030 1934 1072 1969 et
1103 1923 1231 1969 video
1261 1924 1364 1984 quia
1396 1923 1443 1968 in

54 1999 170 2044 illius
190 1998 382 2044 sanitatis
405 1997 730 2057 comparatione
747 2032 757 2051 ‚
782 1997 862 2040 ista
883 1995 1041 2039 sanitas
1062 1995 1242 2039 morbus
1262 2004 1340 2039 est.

113 2073 190 2115 VI.
209 2073 339 2116 «Non
355 2077 418 2113 est
440 2084 523 2128 pax
545 2068 712 2113 ossibus
736 2068 840 2112 meis
858 2083 881 2111 a
904 2066 1014 2111 facie
1030 2075 1309 2125 peccatorum
1326 2080 1445 2110 meo-

57 2159 79 2183 »
114 2141 252 2186 sum4.
282 2162 302 2182 »
326 2139 474 2194 Quaeri
495 2137 604 2183 solet
625 2139 749 2198 cujus
780 2138 834 2182 sit
858 2153 967 2194 vox3
1000 2144 1044 2179 et
1065 2135 1198 2196 aliqui
1228 2136 1446 2195 accipiunt

55 2210 243 2266 Christi,
270 2218 449 2269 propter
475 2207 679 2269 quaedam
706 2224 806 2268 quae
829 2207 900 2251 hic
933 2205 1142 2251 dicuntur
1163 2206 1219 2250 de
1248 2205 1445 2265 passione

56 2282 240 2338 Christi,
265 2281 320 2326 ad
340 2297 440 2342 quae
461 2279 593 2340 paulo
611 2288 709 2339 post
728 2279 974 2332 veniemUS,
1000 2286 1044 2321 et
1066 2292 1143 2321 nos
1164 2291 1447 2335 agnoscemus

58 2353 161 2414 quia
176 2352 231 2398 de
252 2353 449 2413 passione
466 2349 626 2396 Christi
647 2349 867 2394 dicuntur.
891 2347 976 2393 Sed
993 2382 1004 2403 ‚
1027 2366 1047 2389 «
1070 2349 1168 2392 Non
1187 2356 1252 2391 est
1270 2362 1354 2407 pax
1375 2362 1448 2392 os-

62 2440 86 2466 »
119 2423 238 2468 sibus
255 2422 362 2468 meis
386 2438 411 2467 a
431 2420 539 2467 facie
554 2430 834 2482 peccatorum
856 2433 1069 2473 meorum,
1093 2435 1114 2459 »
1135 2416 1359 2478 quomodo
1380 2416 1450 2462 di-

110 2527 118 2544 ¹
143 2519 217 2553 Job.
237 2531 292 2563 v1‚
315 2517 348 2561 4.
367 2537 409 2543 -
428 2525 443 2543 ²
459 2520 554 2554 Cant.
581 2529 625 2561 u,
645 2518 689 2561 5,
708 2522 796 2561 etv,
815 2517 847 2551 8.
869 2533 911 2540 —
931 2515 946 2541 ³
967 2528 979 2549 1
1001 2517 1074 2550 Cor.
1097 2526 1164 2559 xv,
1183 2515 1239 2550 53.
1260 2532 1303 2540 —
1326 2514 1344 2547 4
1361 2515 1444 2550 Psal.

62 2586 186 2618 xxxvii,
207 2573 244 2609 6.
