1841 3223
351 205 403 242 1-2
770 216 804 241 s.
839 213 1069 242 Auensrrm
1101 214 1282 242 muscum

347 289 424 324 est.
453 280 520 325 Sic
542 295 644 339 ergo
666 278 812 324 audite
829 279 1101 339 prophetiam
1119 299 1127 325 :
1150 299 1171 322 «
1187 277 1527 325 Confundantur
1548 288 1593 324 et
1613 294 1731 323 reve-

348 370 368 392 »
406 360 582 395 reantur
605 351 869 410 requirentes
885 351 1073 394 animam
1097 366 1254 395 meam.
1280 350 1435 404 »Quid
1457 360 1521 395 est
1537 386 1549 406 ‚
1575 370 1594 392 «
1610 352 1730 395 Con-

349 439 369 462 »
404 420 648 465 fundantur
668 430 712 464 et
741 423 1049 465 revereantur?
1074 440 1092 463 »
1119 420 1460 467 Confundentur
1489 431 1533 466 et
1565 435 1732 465 revere-

347 492 526 536 buntur.
554 494 736 536 Factum
759 501 823 537 est
847 493 962 536 enim
987 512 996 538 :
1021 492 1149 537 multi
1168 493 1397 537 salubriter
1418 492 1589 538 confusi
1605 501 1727 547 sunt,

343 561 469 606 multi
487 563 658 607 reveriti
681 579 703 607 a
727 563 1025 622 perseeutione
1047 563 1206 608 Christi
1229 563 1284 607 ad
1310 564 1561 608 societatem
1589 578 1730 607 mem-

341 634 520 678 brorum
539 635 629 694 ejus
648 633 803 679 devota
821 635 979 694 pietate
999 634 1264 679 transierunt
1281 654 1288 678 :
1307 644 1349 678 et
1370 650 1461 679 non
1482 635 1606 679 fieret
1625 635 1728 690 hoc,

340 704 421 748 nisi
444 703 819 749 confunderentur
847 714 891 749 et
912 713 1227 749 revererentur.
1267 707 1384 763 Ergo
1405 705 1517 748 bene
1539 704 1622 749 illis
1655 720 1731 764 op·

342 775 461 818 tavit.
502 775 586 819 Sed
614 776 714 835 quia
743 775 832 820 duo
861 785 963 819 sunt
994 790 1150 834 genera
1172 791 1324 820 corum
1355 776 1432 835 qni
1458 776 1726 821 vincuntur:

339 844 512 889 duobus
534 847 648 889 enim
669 845 808 891 modis
829 847 1081 900 vincuntur,
1114 854 1190 890 aut
1218 845 1269 889 ad
1305 846 1389 890 hoe
1412 846 1652 891 vincuntur
1680 855 1731 891 ut

338 925 649 960 convertantur
669 915 724 961 ad
741 917 980 971 Christum,
1005 925 1082 961 aut
1102 915 1158 961 ad
1179 916 1262 960 hoc
1278 917 1518 961 vincuntur
1535 926 1585 961 ut
1602 917 1728 962 dam-

337 995 499 1030 nentur
521 1003 543 1030 a
562 987 733 1031 Christo
752 1006 760 1031 :
782 986 992 1046 explicata
1015 976 1117 1031 sunt
1144 996 1188 1031 et
1210 987 1280 1030 hic
1301 986 1390 1031 duo
1414 987 1505 1046 ipsa
1540 1003 1697 1047 genera
1714 1024 1725 1044 ,

337 1054 520 1100 obscure
536 1056 713 1116 quidem
729 1092 739 1112 ,
767 1057 842 1101 sed
864 1056 1179 1103 intellectorem
1197 1056 1459 1102 desiderant.
1479 1061 1540 1103 De
1562 1059 1629 1103 his
1651 1060 1728 1120 qui

336 1136 673 1182 convertuntur,
699 1128 846 1188 accipe
868 1129 990 1189 quod
1018 1127 1184 1173 dictum
1206 1138 1270 1173 est
1295 1148 1303 1173 ε
1338 1148 1358 1171 «
1385 1128 1729 1174 Confundantur

340 1214 358 1237 »
395 1206 438 1242 ct
466 1208 747 1242 revereantur
777 1200 1044 1259 requirentes
1066 1200 1256 1244 animam
1279 1215 1436 1244 meam.
1463 1204 1728 1246 Avertantur

339 1286 358 1308 »
394 1277 644 1312 retrorsum.
666 1288 686 1310 »
712 1271 808 1314 Non
826 1269 1090 1329 praecedant,
1120 1270 1195 1314 sed
1217 1280 1484 1330 sequantur3
1510 1284 1603 1315 non
1621 1272 1729 1316 dent

334 1338 581 1394 consilium⁷
602 1339 677 1384 sed
690 1340 918 1400 accipiant.
936 1343 1044 1386 Nam
1062 1344 1214 1385 Petrus
1228 1340 1473 1401 praecedere
1487 1342 1626 1387 voluit
1639 1345 1728 1387 Do-

333 1410 519 1464 minum,
538 1411 716 1470 quando
736 1412 946 1455 Dominus
972 1410 1025 1455 de
1046 1412 1244 1470 passione
1267 1428 1342 1456 sua
1364 1410 1513 1456 futura
1535 1412 1723 1459 diceret:

332 1480 565 1524 consilium
588 1481 648 1525 illi
671 1482 795 1542 quasi
819 1480 968 1525 salutis
996 1480 1136 1525 voluit
1168 1481 1270 1525 dare
1289 1517 1299 1535 ‚
1325 1482 1556 1528 consilium
1577 1482 1727 1528 salutis

332 1566 448 1608 aeger
469 1549 685 1596 salvatori.
704 1555 760 1596 Et
781 1551 891 1613 quid
914 1553 972 1596 ait
994 1552 1181 1596 Domino
1199 1552 1253 1596 de
1275 1551 1348 1596 illa
1370 1552 1518 1598 futura
1540 1569 1616 1598 sua
1633 1569 1728 1613 pas-

333 1620 452 1665 sione
475 1623 915 1667 0011fi1·manti?Al›sit
936 1639 958 1667 a
978 1632 1034 1678 te,
1058 1624 1262 1678 Domine,
1281 1625 1493 1684 propitius
1515 1625 1593 1669 tibi
1615 1635 1722 1681 esto,

333 1708 423 1736 non
438 1693 512 1736 fiet
527 1693 659 1737 istud.
682 1693 931 1738 Praeecderc
949 1693 1144 1750 volebat,
1161 1703 1211 1739 ut
1225 1694 1436 1739 Dominus
1453 1705 1722 1756 sequeretur.

332 1767 390 1808 Et
412 1763 482 1808 ille
500 1764 638 1825 quid?
659 1784 677 1806 «
696 1764 806 1809 Redi
827 1775 941 1810 retro
964 1767 1141 1810 Satanas
1155 1768 1185 1810 ¹.
1201 1785 1220 1807 »
1236 1765 1530 1811 Praecedendo
1549 1769 1726 1813 Satanas

333 1851 403 1891 cs,
430 1836 653 1896 sequendo
676 1835 915 1896 discipulus
948 1837 1043 1881 eris.
1076 1840 1170 1882 Hoc
1199 1852 1300 1896 crgo
1324 1847 1367 1882 et
1387 1838 1476 1883 istis
1500 1855 1509 1880 z
1541 1858 1560 1881 «
1585 1843 1724 1884 Aver-

334 1925 354 1948 »
391 1915 540 1950 tantur
561 1916 820 1961 retrorsum,
852 1917 895 1952 et
916 1906 1262 1963 confundantur,
1293 1909 1369 1968 qui
1398 1910 1590 1966 cogitant
1618 1911 1723 1955 milii

334 1997 353 2019 »
389 1977 517 2022 mala.
547 1997 566 2019 »
595 1980 706 2023 Cum
730 1979 845 2022 enim
867 1979 1082 2038 coeperint
1106 1988 1341 2023 retrorsum
1363 1981 1507 2040 sequi,
1522 1986 1613 2038 jam
1635 1998 1725 2028 non

329 2049 588 2107 cogitabunt
605 2049 717 2093 mala
736 2084 747 2104 ‚
768 2048 845 2093 sed
868 2048 1179 2094 desiderabunt
1202 2050 1333 2094 bona.

394 2122 470 2163 IX.
494 2119 610 2173 Quid
629 2119 725 2163 alii?
747 2122 844 2165 Non
874 2121 991 2163 enim
1013 2136 1163 2164 omnes
1187 2121 1245 2165 sic
1265 2121 1519 2178 vincuntur⁷
1545 2132 1596 2168 ut
1618 2139 1724 2169 con—

330 2199 556 2234 vertantur
577 2199 619 2234 et
635 2189 838 2235 credant:
867 2190 993 2234 multi
1008 2191 1053 2233 in
1066 2191 1302 2249 pertinacia
1322 2202 1549 2237 remanent
1565 2214 1576 2250 3
1596 2194 1723 2239 multi

333 2261 508 2320 spiritus
537 2261 814 2321 praecedendi
836 2270 1008 2305 servant
1029 2261 1074 2304 in
1097 2261 1251 2318 corde3
1277 2270 1320 2305 et
1342 2261 1374 2305 si
1398 2279 1488 2307 non
1510 2275 1720 2321 exerunt,

331 2340 476 2375 tamen
499 2333 776 2391 parturiunt,
812 2342 855 2377 et
876 2332 953 2376 ubi
986 2331 1133 2376 locum
1164 2334 1410 2378 invenerint
1431 2335 1620 2394 pariunt.
1661 2340 1724 2381 Dc

333 2401 491 2447 talibus
515 2403 620 2464 quid
643 2405 862 2464 sequitur?
880 2422 899 2445 «
916 2403 1043 2448 Fiant
1059 2413 1267 2465 tanquam
1285 2404 1426 2464 pulvis
1449 2415 1549 2450 ante
1566 2406 1722 2452 faciem

337 2493 354 2513 »
389 2474 550 2517 venti2.
567 2477 661 2519 Non
675 2476 733 2519 sic
752 2475 889 2535 impii,
912 2490 1001 2519 non
1015 2475 1089 2523 sic*
1114 2474 1190 2519 sed
1203 2485 1411 2536 tanquam
1433 2476 1574 2536 pulvis
1590 2493 1721 2538 quem

382 2565 388 2580 ¹
415 2559 527 2590 Matth.
549 2570 638 2600 xxvi,
659 2569 714 2601 τη,
734 2561 788 2593 23.
809 2577 850 2582 —-
865 2567 876 2581 ⁹
897 2559 990 2592 Psal.
1011 2571 1122 2602 xxxw,
1148 2560 1178 2592 5.
