1841 3223
464 235 705 264 ENARRATIO
737 239 781 264 IN
814 236 1017 265 PSALMUM
1048 240 1117 265 ΙΝ.
1392 228 1472 266 547

98 301 310 346 tabuntur
330 317 374 346 se
395 316 545 346 omnes
566 301 705 346 tribus
727 305 894 346 terrae1.
922 306 1033 348 Cum
1047 303 1294 363 apparuerit
1307 305 1478 362 signum

96 370 196 415 Filii
214 371 400 416 hominis
416 372 463 415 in
484 371 613 427 eoelo,
639 381 745 416 tunc
768 374 906 416 securi
929 382 1057 417 erunt
1078 389 1226 418 omnes
1249 375 1399 418 sancti.
1414 373 1475 418 ll-

95 440 176 485 lud
210 442 326 486 enim
362 442 507 487 veniet
544 441 666 502 quod
698 442 955 501 sperabant,
991 443 1110 503 quod
1145 443 1477 499 desiderabant,

93 510 215 571 quod
235 521 284 556 ut
304 512 470 556 veniret
489 512 673 556 orabant
689 511 797 556 :illis
811 522 957 556 autem
979 514 1222 573 poenitendi
1243 514 1365 559 locus
1381 514 1479 558 nul-

93 580 162 625 lus
181 581 448 638 remanebit,
473 583 576 643 quia
597 598 649 627 eo
662 591 857 643 tempore
878 599 966 644 quo
990 583 1211 629 fructuosa
1233 595 1376 645 posset
1390 600 1481 630 esse

93 652 368 711 poenitentia,
394 668 468 697 eor
487 652 815 698 obduraverunt
836 654 1040 699 adversus
1061 665 1310 700 monentem
1333 656 1483 701 Domi-

93 737 217 767 num.
250 723 476 783 Numquid
506 733 550 768 et
579 739 754 768 murum
789 724 955 782 erigent
991 724 1194 770 adversus
1211 726 1484 786 judicantem

93 794 265 837 Deum?
294 793 504 838 Pietatem
530 809 631 838 sane
653 795 782 854 hujus
810 810 1010 853 agnosce,
1023 805 1081 850 et,
1106 796 1140 840 si
1162 796 1207 839 in
1229 811 1280 840 eo
1303 812 1484 856 corpore

92 879 158 919 es,
183 864 368 909 imitare.
394 867 506 910 Cum
525 864 697 910 dixisset
726 885 734 911 :
759 884 780 908 «
800 865 931 910 Multi
954 867 1030 927 qui
1057 866 1280 912 debellant
1302 883 1372 912 me
1387 903 1398 924 ‚
1424 868 1484 913 ti·-

96 953 116 977 »
150 935 335 980 mebunt
365 955 374 980 :
409 955 428 977 »
461 952 551 980 non
578 935 792 991 reddidit,
827 939 922 996 Ego
949 953 1053 982 vero
1081 954 1170 983 non
1198 938 1363 983 timebo
1394 958 1403 984 ε
1427 954 1484 984 ne

93 1004 180 1050 suis
201 1005 377 1050 veribus
400 1005 656 1064 assignando
683 1007 804 1067 quod
831 1023 920 1052 non
943 1009 1092 1064 timet,
1124 1019 1231 1053 esset
1254 1018 1296 1053 et
1318 1010 1408 1069 ipse
1437 1010 1484 1054 in

94 1074 190 1120 altis
209 1076 520 1136 temporalibus
533 1113 544 1133 ,
570 1086 614 1121 et
629 1092 707 1137 per
728 1078 975 1136 superbiam
992 1079 1279 1139 temporalem
1297 1096 1386 1124 non
1399 1095 1485 1124 me-

93 1157 262 1192 reretur
281 1148 428 1194 venire
458 1149 513 1193 ad
546 1149 738 1209 requiem
772 1150 1077 1209 sempiternam
1110 1170 1118 1195 ε
1145 1152 1290 1211 potius
1314 1161 1356 1195 te
1381 1151 1486 1197 fecit

92 1216 335 1277 intelligere
366 1218 486 1263 unde
523 1234 613 1263 non
641 1218 833 1270 timebit3
863 1238 882 1260 «
903 1222 996 1278 Ego
1019 1236 1145 1275 vero,
1170 1221 1337 1281 inquit,
1367 1222 1413 1265 in
1442 1231 1486 1266 te

95 1307 116 1330 »
149 1290 332 1349 sperabo
351 1324 362 1343 ‚
387 1289 572 1334 Domine
596 1309 606 1334 :
634 1307 655 1331 »
680 1305 771 1334 non
791 1289 901 1334 dixit
923 1293 1307 1351 praesumptionem
1334 1308 1481 1348 suam?⁷

92 1360 168 1405 sed
196 1376 392 1406 caussam
423 1361 774 1422 praesumptionis
807 1377 912 1406 suae.
949 1363 992 1406 Si
1020 1363 1137 1406 enim
1169 1380 1259 1408 non
1287 1364 1451 1409 timebo
1469 1399 1481 1421 ,

91 1447 268 1492 possum
288 1441 332 1476 et
353 1432 513 1477 duritia
541 1431 683 1477 cordis
715 1448 805 1477 non
836 1434 1012 1491 timere3
1047 1434 1173 1478 multi
1204 1434 1320 1479 enim
1351 1435 1486 1480 nimia

90 1503 294 1564 superbia
325 1503 436 1548 nihil
466 1504 636 1548 timent.
667 1503 880 1548 Attendat
909 1504 1106 1549 Charitas
1132 1507 1283 1550 Vestra
1318 1525 1327 1550 ι
1353 1505 1486 1551 Aliud

91 1583 155 1619 est
176 1574 334 1619 sanitas
347 1574 556 1634 corporis,
577 1572 697 1618 aliud
720 1583 872 1633 stupor
894 1574 1102 1633 corporis,
1127 1574 1248 1620 aliud
1265 1576 1489 1622 immortaa

89 1643 187 1689 litas
203 1644 411 1704 corporis.
435 1643 603 1689 Sanitas
625 1642 803 1704 quidem
826 1642 1036 1702 perfecta,
1061 1644 1364 1690 immortalitas
1386 1656 1451 1692 est
1471 1667 1481 1693 :

89 1713 166 1758 sed
196 1713 357 1758 dicitur
378 1713 508 1758 etiam
540 1714 782 1758 secundum
811 1713 1048 1773 quemdam
1084 1715 1266 1759 modum
1295 1717 1480 1772 sanitas,

91 1800 223 1845 quam
242 1785 456 1829 habemus
476 1783 523 1827 in
538 1784 620 1828 hac
641 1784 746 1829 vita.
763 1785 951 1837 Quando
975 1800 1065 1829 non
1079 1786 1340 1842 infirmatur,
1352 1803 1485 1833 unus-

90 1859 275 1916 quisque
297 1870 426 1900 sanus
451 1863 634 1899 vocatur
654 1875 666 1911 3
691 1863 734 1898 et
764 1869 866 1898 cum
899 1854 1134 1914 inspexerit
1158 1855 1387 1912 medicus5
1413 1875 1484 1902 sa-

90 1941 198 1971 num
218 1926 462 1983 renuntiat3
486 1933 530 1968 et
561 1939 662 1969 cum
693 1933 904 1983 aegrotare
938 1925 1122 1986 quisque
1151 1926 1359 1986 coeperit,
1391 1928 1483 1987 ipsa

90 1996 248 2040 sanitas
268 1995 577 2056 perturbatur3
602 2003 647 2039 et
662 1993 840 2054 quando
862 2004 1056 2050 curatur,
1079 1995 1135 2039 ad
1156 1996 1293 2056 ipsam
1322 1998 1483 2042 sanita-

90 2075 181 2110 tem
203 2065 384 2110 reditur.
409 2068 511 2109 Tres
532 2079 636 2124 ergo
670 2064 920 2109 affectiones
946 2064 1157 2125 quasdam
1188 2067 1379 2126 corporis
1401 2068 1484 2112 ad-

90 2138 246 2183 vertite
265 2146 310 2182 et
327 2136 525 2197 inspicite
537 2171 548 2192 ‚
564 2136 789 2181 sanitatem
801 2171 813 2191 ,
833 2145 1056 2196 stuporem
1068 2172 1079 2192 ,
1093 2137 1477 2184 immortalitatem.

93 2208 258 2254 Sanitas
270 2206 579 2267 aegritudinem
599 2222 690 2251 non
710 2206 842 2250 habet
855 2228 866 2264 3
881 2206 958 2250 sed
979 2214 1126 2250 tamen
1147 2208 1323 2267 quando
1345 2210 1483 2268 tangi-

93 2289 164 2324 tur
184 2288 230 2323 et
243 2278 514 2334 molestatur,
533 2277 668 2322 dolet.
697 2280 857 2337 Stupor
879 2286 1027 2321 autem
1055 2293 1146 2322 non
1168 2277 1288 2323 dolet
1303 2314 1314 2334 ‚
1339 2280 1482 2326 amisit

91 2365 264 2394 sensum
281 2348 442 2394 doloris
458 2384 470 2404 ‚
495 2358 618 2394 tanto
641 2347 947 2403 insensibilior,
966 2357 1132 2408 quanto
1152 2349 1287 2408 pejor.
1313 2353 1479 2396 Rursus

91 2412 390 2464 immortalitas
397 2435 488 2464 non
499 2418 634 2476 dolet3
646 2419 876 2479 absumpta
888 2419 1075 2463 estenim
1084 2418 1224 2463 omnis
1237 2422 1476 2482 corruptio,

92 2498 136 2535 et
155 2488 438 2549 corruptibile
458 2490 543 2535 hoc
553 2488 697 2535 induit
716 2488 1088 2549 incorruptionem
1100 2523 1112 2544 ‚
1130 2497 1175 2534 et
1193 2490 1377 2536 mortale
1392 2492 1477 2539 hoc

142 2580 152 2599 1
171 2574 284 2608 Matth.
304 2584 381 2616 xxv,
407 2574 462 2607 31.

1201 2629 1266 2670 35.
