1841 3223
405 238 647 269 ENAnnAno
679 241 724 269 ΙΝ
755 240 960 270 PsALMuM
992 242 1078 268 L1v.
1349 230 1429 268 511

55 323 75 347 »
110 314 154 350 et
181 308 296 350 Deus
318 314 410 349 erat
441 305 651 349 Verbum.
681 323 700 347 »
727 304 958 359 Quomodo
980 305 1124 349 filius?
1149 323 1168 346 «
1194 303 1305 358 Quia
1326 306 1436 349 Ver-
1462 344 1465 347 ,

52 394 73 418 »
108 376 216 420 bum
242 392 343 421 caro
371 374 533 420 factum
564 386 653 432 est,
686 386 729 421 et
756 377 969 421 habitavit
993 377 1038 420 in
1061 375 1234 420 nobis1.
1273 393 1294 416 »
1326 376 1435 429 Quia

50 462 154 506 ergo
170 446 310 492 David
325 447 371 490 in
390 447 527 504 figura
544 447 740 492 Christus
757 456 836 501 est,
861 448 1057 492 Christus
1076 456 1238 502 autem,
1259 457 1310 491 ut
1323 461 1437 506 saepe

49 516 485 562 commemoravimus
512 517 778 562 Charitatem
800 520 998 561 Vestram
1016 551 1027 573 ,
1054 527 1096 562 et
1123 526 1255 577 caput
1276 525 1318 561 et
1341 532 1438 562 cor-

48 604 131 649 pus
154 597 239 644 est,
263 603 344 632 nec
365 603 444 632 nos
473 605 496 632 a
520 588 691 635 Christo
709 587 871 632 alienos
888 587 1033 632 dicere
1049 587 1261 632 debemus
1280 623 1290 644 ,
1315 587 1437 649 cujus

49 659 247 704 membra
263 674 429 714 sumus,
449 674 529 704 nec
546 675 624 704 nos
639 660 762 720 quasi
783 659 969 703 alterum
991 667 1268 719 computare,
1290 678 1307 699 (ι
1329 660 1437 712 Quia

0 763 4 764 γ
54 750 72 772 »
107 739 236 775 erunt
267 729 357 775 duo
388 730 435 774 in
466 745 595 774 carne
620 745 722 774 una.
760 732 1086 775 Sacramentum
1116 730 1200 774 hoc
1229 745 1438 787 magnum

55 821 73 843 »
108 810 172 846 est
188 836 199 857 ,
219 801 279 846 ait
295 800 528 861 Apostolus
544 836 555 856 ‚
576 816 657 860 ego
680 810 826 845 autem
849 801 948 846 dico
968 801 1015 844 in
1036 801 1209 846 Christo
1231 810 1276 844 et
1296 801 1342 844 in
1359 804 1437 845 Ec-

53 886 74 913 »
111 870 240 916 clesia
252 875 284 916 2.
309 890 328 913 η
346 871 458 925 Quia
479 887 581 929 ergo
602 881 720 916 totus
737 872 932 917 Christus
945 880 1077 931 caput
1098 881 1141 916 et
1162 884 1320 931 corpus
1342 880 1405 916 est
1425 889 1435 916 ;

50 958 151 986 cum
172 941 374 986 audimus
392 977 402 996 ,
432 961 452 984 «
473 941 727 987 Intellectus
749 943 829 1002 ipsi
848 943 1006 997 David,
1032 960 1052 983 »
1078 941 1373 1001 intelligamus
1395 950 1438 986 et

48 1027 128 1057 nos
147 1012 194 1056 in
225 1011 379 1057 David.
407 1011 661 1071 Intelligant
682 1012 878 1057 membra
900 1012 1081 1067 Christi,
1107 1021 1149 1056 et
1166 1013 1212 1056 in
1234 1013 1438 1056 membris

48 1082 135 1127 suis
156 1081 370 1141 intelligat
398 1082 618 1134 Christus,
648 1092 692 1127 et
721 1083 914 1127 membra
940 1083 1100 1128 Christi
1124 1082 1373 1142 intelligant
1392 1083 1439 1127 in

48 1153 221 1200 Christo
245 1172 255 1197 ε
279 1153 381 1214 quia
403 1162 536 1213 caput
557 1163 600 1198 et
632 1154 828 1198 membra
847 1169 961 1198 unus
987 1154 1199 1199 Christus.
1228 1156 1373 1213 Caput
1393 1154 1439 1198 in

49 1223 162 1269 coelo
182 1233 289 1279 erat,
310 1233 354 1268 et
374 1223 549 1269 dicebat
567 1244 577 1269 2
598 1224 749 1278 «Quid
765 1240 835 1268 me
856 1224 1126 1286 persequeris
1140 1227 1184 1269 ³?
1197 1227 1314 1270 »Nos
1337 1239 1439 1269 cum

0 1304 2 1341 ἑ
48 1295 125 1340 illo
146 1296 193 1340 in
217 1295 332 1341 coelo
351 1311 429 1355 per
455 1311 576 1356 spem
592 1331 604 1351 ,
636 1297 728 1356 ipse
750 1297 977 1341 nobiscum
999 1297 1042 1340 in
1062 1306 1174 1340 terra
1195 1311 1274 1356 per
1297 1295 1455 1341 charis

49 1375 199 1410 tatem.
217 1369 350 1425 Ergo,
365 1385 386 1408 «
402 1365 654 1411 Intellectus
677 1367 756 1426 ipsi
778 1366 932 1411 David.
957 1385 977 1408 »
994 1365 1321 1411 Admoneamur
1338 1380 1440 1411 cum

48 1435 272 1492 audimus,
304 1445 348 1481 et
381 1435 596 1495 intelligat
630 1435 823 1481 Ecclesia
860 1455 870 1481 :
904 1437 1094 1496 pertinet
1123 1437 1240 1480 enim
1272 1435 1329 1480 ad
1361 1451 1440 1481 nos

48 1522 204 1567 magna
223 1523 326 1552 cura
343 1506 639 1567 intelligendi,
664 1507 710 1551 in
728 1524 816 1567 quo
839 1508 955 1552 malo
977 1523 1097 1552 nunc
1118 1522 1268 1552 sumus
1285 1541 1297 1563 ,
1323 1516 1367 1551 et
1386 1506 1441 1551 de

49 1594 137 1640 quo
157 1578 273 1624 malo
295 1591 341 1622 ut
356 1577 610 1634 liberemur,
637 1587 854 1638 optamus,
879 1579 1202 1623 reminiscentes
1223 1577 1441 1623 Orationis

48 1649 302 1706 dominicae,
327 1650 405 1694 ubi
435 1650 480 1694 in
498 1643 589 1694 'fine
612 1650 796 1694 dicimus
819 1670 827 1695 ε
863 1670 883 1693 «
906 1650 1063 1695 Libera
1084 1665 1163 1695 nos
1185 1666 1209 1694 a
1230 1649 1387 1695 malo4.
1415 1667 1436 1690 n

50 1725 170 1767 Inter
190 1721 350 1766 multas
372 1737 476 1780 ergo
499 1721 802 1766 tribulationes
824 1723 954 1782 hujus
971 1721 1146 1777 saeculi,
1170 1721 1338 1781 plangit
1362 1720 1442 1765 ali-

49 1792 158 1854 quid
176 1792 371 1837 Psalmus
391 1793 470 1837 iste
487 1791 542 1836 de
564 1792 806 1837 intellectu.
834 1792 914 1837 Ille
931 1808 1031 1837 cum
1055 1793 1137 1837 isto
1159 1805 1248 1837 non
1271 1791 1437 1852 plorat,

49 1864 126 1925 qui
147 1879 237 1908 non
258 1863 392 1907 habet
413 1863 700 1908 intellectum.
725 1867 857 1908 Porro
879 1873 1042 1919 autem,
1067 1863 1318 1918 charissimi,
1348 1877 1440 1907 me‘

49 1933 223 1979 minisse
252 1933 463 1977 debemus
492 1931 548 1977 ad
574 1933 808 1991 imaginem
830 1934 908 1978 Dei
944 1950 1023 1978 nos
1056 1950 1146 1978 esse
1175 1934 1336 1989 factos,
1361 1949 1441 1978 nec

50 2003 155 2049 alibi
175 2019 308 2065 quam
328 2004 373 2047 in
396 2003 489 2064 ipso
511 2002 753 2047 intellectu.
775 2006 882 2048 Nam
907 2004 953 2046 in
974 2003 1123 2048 multis
1146 2004 1275 2047 rebus
1298 2020 1321 2047 3
1344 2003 1432 2047 bes-

49 2075 121 2120 tiis
142 2090 398 2135 superamur
424 2092 434 2119 :
465 2073 542 2118 ubi
566 2083 712 2117 autem
735 2074 869 2118 homo
896 2073 951 2117 ad
985 2073 1216 2131 imaginem
1247 2073 1323 2118 Dei
1351 2072 1443 2117 fac-

51 2155 147 2190 tum
167 2161 212 2190 se
233 2144 473 2200 novit⁵,ibi
485 2143 649 2204 aliquid
663 2144 709 2189 in
730 2160 774 2188 se
795 2144 988 2203 agnoscit
1004 2143 1190 2203 amplius
1205 2159 1294 2188 esse
1309 2159 1443 2203 quam

50 2216 203 2261 datum
233 2226 298 2261 est
329 2215 575 2276 pecoribus.
613 2214 904 2260 Consideratis
936 2229 1038 2258 vero
1074 2213 1276 2258 omnibus
1314 2214 1442 2258 rebus

51 2303 159 2348 quas
194 2288 330 2332 habet
370 2288 503 2332 homo
526 2321 538 2342 ,
574 2286 741 2330 invenit
784 2301 829 2330 se
862 2301 913 2330 eo
946 2285 1119 2345 proprie
1142 2285 1380 2330 discretum
1419 2301 1443 2329 a

51 2374 235 2419 pecore,
276 2358 397 2419 quod
433 2358 526 2417 ipse
555 2357 717 2401 habeat
751 2355 1038 2400 intellectum.
1075 2355 1201 2400 Unde
1230 2354 1443 2415 quosdam

52 2437 381 2474 contemnentes
394 2429 440 2473 in
454 2443 498 2473 se
514 2427 636 2489 quod
648 2427 876 2488 proprium
894 2435 937 2470 et
954 2426 1225 2487 praecipuum
1240 2441 1263 2470 a
1276 2425 1442 2472 Condi-

103 2531 112 2548 ¹
134 2527 227 2558 Joan.
247 2537 270 2567 1,
293 2535 306 2557 1
324 2529 358 2557 et
381 2522 432 2567 14.
459 2540 499 2549 ·-
520 2530 533 2547 ²
551 2526 631 2557 Gen.
649 2535 686 2565 11,
699 2522 756 2566 24,
775 2527 808 2557 et
826 2523 943 2566 Ephes.
963 2533 999 2562 v,
1019 2521 1140 2564 31,32.
1159 2538 1201 2545 —
1218 2520 1231 2546 ³
1251 2524 1323 2556 Act.
1343 2533 1387 2564 ix,
1409 2520 1440 2563 4.

55 2598 97 2605 -
121 2580 263 2614 4Matth.
284 2592 332 2623 vr,
353 2581 402 2613 13.
424 2597 457 2604 ·-
484 2577 592 2614 ⁵Gen.
610 2590 633 2621 1,
654 2578 708 2611 26.
