1841 3223
407 204 489 241 318
848 210 881 238 S·
918 211 1147 239 §.newsum
1182 213 1362 240 Emscom

408 299 428 321 »
455 279 581 323 nobis
613 281 806 331 Patrem,
833 286 876 321 et
897 277 1056 321 sullieit
1084 278 1223 322 nobis.
1245 296 1264 319 »
1291 279 1402 322 Cum
1426 276 1551 331 dicit,
1582 294 1602 318 «
1625 275 1795 321 Sufficit

408 368 428 391 »
456 349 601 402 nobis,
631 365 650 388 n
670 348 981 407 finernquaerit
1007 348 1212 392 satietatis
1231 357 1273 392 et
1295 346 1587 407 perfectionis.
1614 349 1670 390 Et
1690 345 1789 400 ille,

410 439 429 461 «
457 421 617 473 Tanto,
642 418 807 477 inquit,
826 426 1020 477 tempore
1041 419 1269 463 ‘vobiscum
1292 434 1386 462 sum
1403 454 1413 472 ,
1441 426 1483 462 et
1505 431 1594 461 non
1626 430 1794 476 cogno-

408 508 427 530 »
454 489 571 533 vistis
595 490 693 532 me?
718 487 940 548 Philippu,
969 490 1042 549 qui
1061 489 1179 533 videt
1203 505 1271 532 me
1287 525 1297 544 ,
1322 487 1442 533 videt
1468 497 1511 532 et
1535 488 1751 532 Patrem1.
1773 505 1792 529 »

404 562 457 604 In
477 559 552 604 illo
571 575 674 619 ergo
702 560 756 603 ha
765 559 914 604 bemus
940 563 1108 605 Patrem
1123 597 1132 614 ,
1152 560 1251 620 quia
1268 560 1416 620 ipsein
1436 563 1562 604 Patre
1577 594 1588 616 ,
1608 566 1652 602 et
1674 561 1799 603 Pater

404 631 450 676 in
470 630 586 690 ipso,
618 640 661 675 et
682 631 773 690 ipse
795 640 838 674 et
862 634 988 675 Pater
1011 646 1148 674 unum
1171 640 1273 674 sunt
1288 633 1321 674 ².

465 704 522 746 II.
545 700 661 755 Quid
678 702 810 760 igitur
829 701 899 745 hie
923 700 1130 746 admonet
1150 701 1227 761 qui
1245 709 1411 755 cantat,
1430 699 1507 744 ubi
1529 714 1682 745 vocem
1696 699 1801 743 -nbs-

405 783 519 816 tram
541 787 774 831 agnoscere
807 772 1017 816 debemus
1035 807 1045 826 ,
1072 772 1105 815 si
1133 781 1278 815 tamen
1304 771 1432 831 hujus
1455 770 1571 815 vocis
1593 769 1802 814 aflectum

404 843 682 887 habemusP«
704 846 819 887 Deus
842 852 988 887 noster
1009 842 1227 901 refugium
1251 851 1293 886 et
1310 842 1480 886 virtusss.
1501 860 1520 883 υ
1550 843 1660 886 Sunt
1677 855 1802 900 quae-

406 914 508 958 dam
530 914 693 971 refugia
714 913 791 957 ubi
813 929 902 958 non
925 923 987 958 est
1002 915 1140 958 virtus
1155 950 1165 969 ⁷
1187 929 1275 973 quo
1298 913 1482 973 quisque
1495 928 1595 957 eum
1616 910 1800 971 fugerit,

406 985 541 1043 magis
558 985 804 1029 infirmatur
822 1000 955 1045 quam
975 985 1275 1029 confirmetur.
1296 983 1527 1042 Confugis,
1552 982 1674 1027 verbi
1694 998 1794 1041 gra-

405 1056 490 1111 tia,
514 1055 569 1099 ad
592 1055 782 1116 aliquem
804 1055 849 1099 in
877 1055 1036 1099 saeculo
1060 1070 1290 1114 magnum,
1310 1064 1361 1098 ut
1391 1054 1521 1098 facias
1544 1053 1624 1097 tibi
1646 1061 1802 1113 poten-

407 1136 497 1171 tem
520 1127 737 1185 amicum3
771 1126 989 1186 refugium
1012 1127 1090 1171 tibi
1113 1126 1299 1171 videtur.
1329 1129 1465 1170 Tanta
1505 1135 1653 1169 tamen
1674 1124 1804 1184 hujus

408 1197 556 1242 saeculi
570 1198 735 1242 incerta
749 1208 865 1254 sunt,
883 1207 926 1242 et
941 1199 999 1242 ita
1015 1207 1246 1258 potentum
1263 1197 1400 1241 ruinae
1415 1195 1683 1257 quotidianae
1705 1210 1800 1239 cre-

407 1269 616 1314 brescunt
633 1304 643 1324 ,
669 1278 720 1314 ut
741 1285 842 1314 cum
863 1269 917 1313 ad
954 1269 1038 1314 tale
1065 1268 1282 1328 refugium
1314 1267 1559 1328 perveneris
1576 1303 1586 1323 ,
1621 1266 1719 1326 plus
1740 1266 1804 1310 ibi

409 1340 562 1384 timere
588 1340 946 1400 incipiassAntea
967 1340 1083 1384 enim
1113 1356 1253 1384 eausae
1275 1349 1363 1383 tuae
1393 1348 1562 1383 tantum
1585 1337 1764 1382 timebas
1791 1356 1800 1381 :

409 1410 510 1457 cum
532 1427 635 1457 vero
658 1412 714 1456 ad
737 1411 869 1456 talem
887 1410 1119 1471 refugeris,
1146 1411 1257 1455 etde
1273 1410 1348 1456 illo
1366 1411 1445 1455 tibi
1467 1409 1653 1454 timebis.
1672 1407 1807 1454 Multi

410 1485 529 1529 enim
548 1500 647 1529 cum
662 1484 717 1528 ad
734 1483 836 1528 talia
858 1482 1023 1543 refugia
1042 1482 1353 1542 confugissent,
1370 1481 1626 1527 cadentibus
1648 1479 1731 1524 illis
1748 1478 1806 1524 ad

409 1570 520 1616 quos
538 1555 827 1612 confugerant
847 1591 857 1610 ,
879 1564 922 1599 et
949 1555 1027 1615 ipsi
1043 1554 1211 1614 quaesiti
1229 1562 1331 1598 sunt
1359 1574 1366 1598 :
1393 1569 1502 1613 quos
1526 1567 1655 1596 nemo
1678 1565 1804 1611 quae-

410 1636 551 1681 reret,
586 1625 621 1670 si
654 1640 744 1669 non
775 1625 830 1668 ad
863 1625 963 1669 talia
1000 1625 1312 1684 confugissent.
1352 1627 1450 1669 Non
1484 1632 1547 1667 est
1585 1621 1804 1680 refugium

411 1706 610 1741 nostrum
629 1695 715 1740 tale
731 1731 742 1751 ,
761 1694 835 1739 sed
857 1693 1076 1753 refugium
1099 1705 1297 1739 nostrum
1319 1695 1455 1739 virtus
1467 1702 1546 1738 est.
1571 1694 1684 1739 Cum
1699 1691 1805 1737 illue

411 1767 739 1828 confugerimus
760 1802 771 1822 ,
797 1767 911 1811 firmi
934 1768 1109 1810 erimus.

473 1842 553 1883 ΙΙΙ.
581 1858 600 1881 «
626 1838 812 1899 Adjutor
832 1839 878 1882 in
918 1837 1275 1882 tribulationibus
1301 1853 1400 1897 quae
1437 1837 1698 1881 invenerunt
1727 1851 1807 1881 nos

415 1929 435 1952 >›
459 1909 630 1953 nimis⁴.
658 1927 677 1950 >›
705 1908 856 1954 Multae
875 1918 975 1952 sunt
995 1907 1318 1963 tribulationes,
1346 1917 1389 1951 et
1410 1907 1455 1951 in
1480 1907 1599 1951 omni
1622 1906 1806 1952 tribula-

413 1981 533 2024 tione
556 1978 611 2023 ad
634 1982 771 2023 Deum
791 1978 1134 2036 confugiendum
1153 1987 1215 2022 est
1241 1997 1249 2022 :
1267 1979 1354 2023 sive
1376 1978 1430 2022 sit
1451 1977 1675 2022 tribulatio
1696 1977 1743 2021 in
1760 1992 1806 2022 re

413 2049 632 2106 familiari,
649 2050 737 2095 sive
759 2049 813 2093 sit
834 2049 880 2092 in
902 2049 1039 2093 salute
1059 2049 1249 2108 corporis
1263 2084 1273 2103 ,
1294 2049 1382 2093 sive
1401 2049 1455 2092 de
1483 2048 1678 2107 periculo
1702 2049 1808 2093 cha-

414 2121 682 2165 rissimorum
699 2156 709 2177 ,
730 2121 817 2165 sive
834 2119 888 2163 de
911 2119 1054 2180 aliqua
1074 2136 1117 2163 re
1133 2119 1186 2164 ad
1201 2121 1329 2180 hujus
1345 2120 1445 2164 vitae
1459 2119 1807 2164 sustentaculum

414 2193 651 2237 necessaria
669 2228 679 2248 ,
707 2192 884 2236 omnino
907 2191 1025 2235 aliud
1045 2191 1259 2250 refugium
1275 2207 1364 2236 non
1383 2190 1514 2236 debet
1534 2206 1622 2235 esse
1638 2190 1807 2235 homini

416 2265 652 2309 christiano
673 2279 804 2324 quam
826 2263 1020 2308 Salvator
1033 2264 1145 2323 ejus,
1171 2279 1302 2324 quam
1326 2266 1440 2308 Deus
1453 2263 1564 2323 ejus,
1591 2278 1679 2323 quo
1704 2277 1806 2306 cum

416 2334 687 2395 confugerit,
711 2334 834 2379 fortis
855 2335 923 2379 sit.
949 2337 1045 2380 Non
1071 2335 1183 2378 enim
1208 2335 1298 2394 ipse
1329 2333 1374 2377 in
1393 2349 1436 2377 se
1456 2332 1579 2378 sortis
1602 2333 1703 2388 erit,
1731 2341 1808 2376 aut

416 2406 498 2450 sibi
534 2406 625 2465 ipse
662 2405 876 2451 fortitudo
912 2405 993 2449 erit
1019 2424 1027 2449 ;
1053 2405 1125 2449 sed
1158 2404 1230 2448 ille
1262 2404 1325 2448 illi
1347 2403 1563 2448 fortitudo
1594 2403 1696 2458 erit,
1729 2402 1806 2463 qui

415 2475 636 2535 refugium
661 2477 750 2536 ejus
774 2474 913 2520 factus
935 2484 1012 2519 est.
1040 2477 1375 2530 Verumtamen,
1396 2474 1667 2529 Charissimi,
1691 2473 1808 2518 inter

465 2566 474 2583 ¹
502 2562 593 2592 Joan.
615 2570 679 2601 xiv,
698 2559 731 2600 8,
750 2571 783 2602 9.
804 2577 845 2583 —-
861 2559 988 2600 21d.x‚
1005 2559 1058 2592 30.
1077 2576 1117 2581 -—
1137 2557 1148 2581 3
1166 2557 1246 2590 Psal.
1263 2569 1338 2600 xtv,
1359 2566 1389 2590 2,
1407 2574 1449 2580 —-
1466 2556 1481 2587 4
1500 2557 1581 2590 lbid.
1605 2556 1636 2589 3.
