1841 3223
377 226 621 258 ENARRATm
653 230 700 257 m
733 226 938 257 PsALMUM
968 225 1097 254 xxxv.
1369 212 1425 253 47

46 315 64 337 »
91 303 284 340 nuerunt
304 295 352 339 in
372 296 707 354 cogitationibus
731 294 816 338 suis
833 329 844 349 ,
869 301 912 337 et
939 293 1219 337 obscuratum
1237 299 1301 334 est
1322 290 1429 334 insi-

46 382 67 406 »
93 365 215 424 piens
234 381 309 410 cor
329 380 496 409 eorum.
514 382 535 406 »
552 364 703 408 Unde?
725 367 788 408 De
816 363 1033 423 superbia.
1059 381 1079 404 «
1093 361 1293 407 Dicentes
1311 361 1428 404 enim

43 450 130 479 »se
167 451 256 480 esse
287 436 526 495 sapientes,
553 433 675 479 stulti
698 433 802 478 facti
840 443 955 478 sunt.
984 451 1005 474 »
1035 431 1143 477 Inde
1169 433 1260 493 jam
1287 430 1445 492 sequi-,

41 514 128 561 tur,
144 505 366 550 «Tradidit
383 505 479 551 illos
491 508 606 550 Deus
618 504 664 548 in
672 503 1042 563 concupiscentias
1056 500 1196 547 cordis
1209 503 1395 546 eorum1.
1404 518 1425 543 »

41 577 151 628 Quia
173 591 276 635 ergo
298 575 479 620 fuerunt
492 574 669 635 superbi
685 583 728 619 et
742 573 922 632 ingrati,
948 572 1067 631 digni
1081 572 1221 616 habiti
1242 580 1344 616 sunt
1355 571 1431 632 qui

41 645 320 690 traderentur
350 647 398 691 in
428 645 798 706 concupiscentias
825 643 967 688 cordis
1006 643 1098 698 sui,
1126 651 1170 687 et
1197 642 1302 687 facti
1330 651 1434 687 sunt

42 717 221 775 abyssus
242 717 401 772 multa,
425 726 477 761 ut
498 732 587 762 non
600 715 740 761 solum
757 723 987 776 peccarent
1002 749 1013 770 ‚
1040 713 1116 758 sed
1136 713 1265 758 etiam
1283 712 1433 758 dolose

43 797 242 846 agerent,
266 803 322 831 ne
357 786 652 846 intelligerent
684 786 960 847 iniquitatem
983 800 1105 829 suam
1120 820 1131 840 ,
1156 793 1203 828 et
1223 783 1429 828 odissent.

43 861 129 903 Ista
150 858 424 918 profunditas
446 867 510 902 est
530 857 722 912 malitiae,
740 867 789 902 ut
806 856 975 901 nollent
996 855 1191 900 invenire
1209 864 1253 900 et
1274 854 1430 899 odisse.

45 929 130 975 Sed
152 929 207 974 ad
225 931 350 975 istam
371 927 718 989 profunditatem
742 927 966 990 quomodo
993 927 1178 988 quisque
1207 926 1432 986 pervenit,

43 1000 142 1045 vide
167 1021 176 1045 ε
197 1004 221 1045 J
227 1000 367 1045 udicia
390 1001 467 1045 Dei
485 1000 665 1058 abyssus
688 1000 842 1044 multa.
867 1017 887 1041 »
917 999 1039 1044 Sicut
1055 1007 1226 1042 montes
1242 997 1320 1042 Dei
1337 998 1434 1057 jus—

43 1071 138 1115 titia
153 1072 272 1131 ejus,
301 1074 377 1131 qui
395 1085 474 1130 per
502 1071 683 1129 gratiam
705 1069 836 1130 ipsius
866 1070 980 1113 fiunt
1003 1069 1148 1127 magni
1169 1087 1178 1112 ε
1208 1068 1268 1112 sic
1289 1077 1332 1112 et
1358 1083 1436 1127 per

40 1142 204 1202 judicia
220 1141 352 1201 ipsius
373 1141 487 1185 fiunt
502 1140 548 1184 in
563 1139 806 1201 profundo,
824 1140 901 1200 qui
920 1148 1180 1197 merguntur
1195 1139 1242 1182 in
1261 1138 1433 1183 ultima.

45 1215 136 1258 Hac
154 1227 257 1271 ergo
279 1211 499 1258 delectent
520 1223 563 1257 te
583 1221 754 1256 montes
767 1247 777 1267 ,
802 1212 881 1255 hac
899 1219 1091 1255 avertere
1109 1209 1163 1253 ab
1186 1208 1369 1267 abysso,
1394 1218 1439 1253 et

44 1293 297 1329 convertere
319 1281 375 1327 ad
406 1283 452 1327 id
473 1282 594 1344 quod
609 1283 769 1327 dicitur
793 1302 802 1326 :
831 1301 852 1324 «
871 1281 1094 1326 Auxilium
1129 1295 1278 1324 meum
1300 1295 1324 1323 a
1349 1282 1439 1324 Do-

47 1371 69 1396 »
95 1354 231 1399 mino.
262 1371 282 1395 »
310 1352 396 1398 Sed
416 1353 565 1398 unde?
591 1373 611 1395 «
637 1353 749 1406 Quia
765 1351 904 1397 levavi
926 1351 1075 1397 oculos
1103 1366 1223 1395 meos
1245 1351 1292 1394 in
1311 1366 1440 1395 mon-

49 1443 69 1467 »
91 1434 205 1469 tes.»
243 1424 362 1478 Quid
389 1433 453 1469 est
479 1425 589 1469 hoc?
607 1424 759 1468 Latine
784 1422 927 1467 dicam
949 1442 957 1467 :
986 1426 1038 1466 In
1059 1421 1251 1467 Ecclesia
1278 1421 1441 1474 Christi

46 1495 213 1540 invenis
235 1495 441 1552 abyssum
457 1530 468 1550 ‚
491 1495 660 1539 invenis
691 1503 735 1538 et
767 1502 961 1550 montes3
986 1493 1154 1537 invenis
1177 1492 1236 1536 ibi
1260 1491 1442 1552 paucio-

48 1581 116 1611 res
137 1565 298 1620 bonos,
323 1564 426 1625 quia
442 1573 614 1609 montes
638 1564 766 1623 pauci
791 1572 917 1618 sunt,
951 1563 1133 1620 abyssus
1159 1561 1248 1606 lata
1280 1571 1344 1606 est
1359 1597 1370 1617 ,
1395 1560 1443 1605 id

48 1640 169 1692 est2‚
195 1634 355 1680 multos
387 1635 500 1680 male
520 1635 714 1680 viventes
751 1634 806 1678 ab
829 1634 890 1678 ira
912 1633 1006 1688 Dei,
1043 1633 1145 1694 quia
1169 1633 1228 1677 sic
1261 1641 1444 1691 egerunt

49 1716 102 1751 ut
129 1705 404 1750 traderentur
431 1705 478 1749 in
499 1704 869 1764 concupiscentias
893 1703 1035 1748 cordis
1060 1704 1154 1759 sui,
1185 1713 1236 1747 ut
1255 1705 1346 1763 jam
1363 1703 1443 1747 de-

50 1776 236 1822 fendant
264 1784 442 1836 peccata
465 1791 564 1830 sua,
598 1784 642 1818 et
666 1790 756 1818 non
793 1774 1085 1818 confiteantur
1101 1810 1112 1830 ‚
1153 1773 1229 1818 sed
1256 1773 1405 1818 dicant
1432 1793 1442 1818 :

51 1848 221 1900 Quare?
243 1845 361 1900 Quid
393 1844 509 1889 feci?
538 1847 596 1889 Et
625 1843 697 1888 ille
730 1843 842 1888 illud
874 1842 1006 1902 fecit3
1037 1853 1081 1888 et
1107 1843 1180 1888 ille
1201 1844 1286 1888 hoc
1323 1843 1442 1888 fecit.

52 1920 151 1962 Jam
172 1917 302 1962 etiam
323 1915 558 1960 defendere
579 1915 736 1961 volunt
765 1913 887 1975 quod
910 1916 1051 1973 arguit
1071 1931 1211 1960 sermo
1233 1914 1407 1959 divinus
1433 1934 1442 1959 :

53 1988 234 2045 abyssus
276 1996 354 2031 est.
411 1985 516 2030 Ideo
560 1984 752 2046 quodam
795 1985 892 2030 loco
930 1986 989 2030 ait
1041 1986 1262 2045 Scriptura
1282 2020 1293 2040 ,
1339 1983 1443 2029 audi

54 2059 261 2116 abyssum
291 2074 300 2099 ε
329 2060 609 2111 «Peccator,
643 2056 810 2116 inquit,
847 2071 949 2101 cum
982 2056 1150 2100 venerit
1182 2056 1229 2100 in
1261 2055 1446 2115 prosun-

58 2148 79 2172 »
105 2130 212 2173 dum
240 2127 458 2172 malorum
477 2162 489 2182 ‚
529 2126 812 2171 contemnitss.
847 2143 867 2167 »
898 2128 1012 2170 Ecce
1033 2126 1200 2186 judicia
1227 2135 1301 2170 tua
1338 2127 1450 2170 sicut

58 2218 80 2242 υ
101 2200 280 2257 abyssus
298 2197 452 2242 multa.
471 2214 492 2239 »
513 2197 598 2242 Sed
612 2196 814 2241 nondum
828 2212 872 2239 es
889 2211 1031 2252 mons,
1047 2196 1246 2241 nondum
1261 2212 1305 2240 es
1327 2197 1451 2255 abys-

56 2286 129 2315 sus
152 2290 161 2315 :
186 2269 290 2329 fuge
312 2269 539 2327 abyssum,
560 2266 736 2312 attende
758 2267 802 2310 in
824 2276 993 2310 montes
1008 2288 1019 2324 3
1037 2266 1112 2310 sed
1128 2282 1209 2312 nec
1230 2282 1452 2311 remaneas

59 2341 107 2385 in
127 2340 368 2385 montibus.
395 2338 621 2384 Auxilium
655 2337 772 2381 enim
794 2346 922 2381 tuum
952 2353 977 2381 a
1001 2337 1188 2382 Domino
1205 2372 1217 2393 ,
1243 2337 1320 2398 qui
1348 2337 1452 2383 fecit

59 2411 225 2457 coelum
241 2421 285 2456 et
305 2421 480 2456 terram.

120 2497 200 2540 xl.
221 2514 243 2538 «
269 2494 480 2540 Homines
499 2501 543 2537 et
554 2494 754 2554 jumenta
779 2491 917 2536 salvos
938 2489 1090 2548 facies,
1109 2491 1293 2538 Domine
1307 2527 1320 2550 ,
1339 2492 1449 2538 sicut

115 2585 123 2602 ¹
142 2581 234 2612 Rom.
257 2589 282 2620 1,
296 2576 416 2618 21-24.
440 2594 482 2601 -
498 2584 511 2601 ²
525 2579 621 2610 Forte
637 2576 692 2609 ι’ὁί.
717 2592 760 2599 -
780 2573 794 2599 3
812 2577 907 2608 Prov.
924 2584 1010 2617 xviu,
1032 2575 1062 2607 3.
