1841 3223
397 197 640 227 ERARRATio
670 199 716 225 m
751 197 953 225 PsALMUM
985 199 1103 224 xmv.
1377 185 1462 224 283

72 267 190 321 ritia,
221 266 298 310 sed
328 264 590 309 innocentia.
624 262 692 306 Illi
729 278 832 306 vero
855 277 910 305 ex
936 262 1154 321 imperitia
1190 260 1464 324 insultabant

74 340 232 382 Sancto
250 335 324 379 Dei
350 334 488 390 calvo,
513 343 557 377 et
568 332 816 376 clamabant
833 341 930 391 post
947 347 1064 387 cum,
1081 351 1100 374 «
1117 331 1264 387 Calve,
1280 331 1416 376 calve.
1435 352 1458 374 n

72 409 258 451 Factum
287 414 350 450 est
378 414 427 449 ut
454 403 652 464 aubestiis
673 412 1032 446 consumerentur
1056 422 1064 446 :
1099 411 1142 446 et
1162 402 1464 461 figuraverunt

70 478 272 523 homines
293 478 338 521 in
360 474 511 520 eadem
541 484 688 518 mente
709 473 865 533 puerili
892 472 1023 517 stulte
1050 473 1279 518 irridentes
1307 489 1464 534 quem-

70 547 172 594 dam
201 547 402 604 calvum,
428 546 530 606 quia
550 545 595 589 in
617 543 826 589 Calvariae
849 542 946 588 loco
964 544 1193 587 crucifixus
1215 546 1326 588 est1.
1353 548 1462 589 Pos-

69 619 170 663 sessi
187 627 288 662 sunt
307 632 408 675 ergo
427 616 534 661 tales
555 615 674 659 velut
694 631 718 658 a
739 614 900 669 bestiis,
927 615 1010 658 hoc
1027 623 1106 667 est,
1123 630 1147 658 a
1165 613 1458 670 daemonibus‚

67 705 91 733 a
111 688 287 732 diabolo
309 697 353 732 et
370 686 531 746 angelis
549 687 656 745 ejus,
671 685 747 745 qui
769 693 974 744 operatur
995 684 1041 727 in
1063 682 1161 728 filiis
1183 683 1458 730 diffidentiae.

68 758 188 803 Tales
209 758 333 818 pueri
353 767 492 812 erant,
513 756 705 817 quiante
719 764 933 799 sacratum
951 754 1121 813 lignum
1144 763 1305 799 stantes
1328 765 1460 815 caput

67 829 313 888 agitabant,
348 838 392 873 et
413 827 618 872 dicebant
639 846 647 870 ε
679 846 699 868 «
727 828 768 870 Si
793 825 907 869 filius
932 825 1009 869 Dei
1032 834 1117 880 est,
1147 824 1382 870 descendat
1405 826 1461 871 de

68 914 89 941 ³>
124 915 252 945 cruce
265 903 297 943 ².
318 918 338 941 »
359 899 498 958 Hujus
516 913 593 942 nos
615 897 693 941 filii
711 911 875 951 sumus,
892 896 994 956 quia
1015 895 1092 939 filii
1115 896 1259 955 sponsi
1281 912 1429 941 sumus
1446 916 1455 942 :

69 972 113 1014 e't
133 970 260 1014 nobis
280 969 513 1028 inscriptus
530 977 594 1011 est
617 966 811 1011 Psalmus
830 967 908 1010 iste
922 1001 933 1020 ,
959 967 1082 1026 cujus
1105 965 1259 1010 titulus
1280 965 1455 1022 dicitur,

73 1054 94 1083 ἀ
119 1039 239 1084 Filiis
260 1042 372 1085 Core
387 1075 398 1095 ,
423 1054 502 1098 pro
523 1038 590 1082 his
612 1054 712 1098 quae
735 1037 1168 1081 commutabuntur&
1194 1055 1214 1078 »

124 1113 183 1154 Π.
204 1110 320 1164 Quid
340 1125 421 1169 ego
442 1123 654 1169 exponam
673 1106 780 1167 quid
801 1108 876 1162 sit,
898 1127 917 1149 «
936 1111 1020 1152 Pro
1042 1108 1108 1152 his
1129 1123 1229 1168 quae
1252 1123 1456 1153 commu-

65 1194 97 1222 ›2‘
121 1180 365 1224 'tabunturP
385 1199 405 1222 »
431 1179 549 1233 Quid
576 1195 657 1238 ego
681 1179 851 1223 dicam?
876 1181 968 1223 Hoc
1000 1179 1140 1223 omnis
1164 1188 1356 1223 mutatus
1379 1195 1456 1238 ag-

63 1251 216 1295 noscit.
242 1252 327 1304 Qui
344 1249 467 1295 audit
483 1251 578 1294 haec
593 1285 604 1304 ,
636 1268 655 1291 «
681 1253 763 1293 Pro
787 1250 853 1293 his
876 1266 975 1309 quae
998 1250 1409 1303 commutabuntur,
1431 1270 1451 1293 η

62 1320 207 1367 videat
224 1320 333 1382 quid
354 1330 445 1365 erat
461 1356 472 1376 ,
494 1330 535 1364 ct
557 1319 663 1380 quid
687 1336 805 1364 nunc
827 1321 895 1364 sit.
921 1324 978 1364 Et
999 1321 1140 1379 primo
1162 1322 1304 1381 ipsum
1322 1338 1454 1366 mun-

62 1390 168 1434 dum
190 1390 338 1435 videat
359 1399 676 1434 commutatum
694 1427 704 1446 ,
728 1406 869 1450 nuper
890 1391 1143 1436 adorantem
1161 1391 1276 1436 idola
1291 1427 1302 1447 ,
1322 1392 1455 1438 modo

61 1460 312 1506 adorantem
340 1464 502 1519 Deum,
527 1477 667 1520 nuper
689 1463 949 1506 servientem
971 1463 1019 1506 iis
1045 1478 1144 1522 quae
1166 1461 1294 1518 fecit,
1320 1463 1453 1508 modo

60 1533 99 1577 ei
115 1548 139 1576 a
162 1548 250 1593 quo
273 1532 412 1577 factus
435 1541 513 1577 est.
546 1552 565 1576 «
587 1537 669 1578 Pro
693 1534 759 1577 his
780 1550 880 1594 quae
903 1535 1345 1579 commutabuntur.»
1372 1536 1451 1579 Vi-

58 1604 158 1648 dete
178 1603 356 1665 quando
376 1603 543 1648 dictum
565 1605 632 1649 sit.
656 1605 789 1650 Modo
801 1607 891 1665 jam
916 1606 1077 1650 residui
1100 1606 1263 1665 Pagani
1285 1616 1452 1652 mutata

58 1684 349 1734 expavescunt
370 1694 378 1720 :
403 1684 447 1718 et
463 1676 540 1735 qui
563 1674 721 1720 nolunt
743 1676 925 1731 mutari,
947 1675 1099 1720 vident
1116 1676 1294 1721 refertas
1317 1677 1452 1722 eccle-

56 1746 157 1800 sias,
182 1745 344 1804 templa
367 1745 563 1799 deserta;
598 1747 678 1790 hac
710 1746 1009 1791 celebritatem
1025 1782 1036 1801 ,
1062 1747 1125 1790 ibi
1148 1746 1446 1792 solitudinem.

54 1815 268 1860 Mirantur
290 1823 456 1858 mutata
472 1849 482 1868 ,
507 1813 655 1872 legant
676 1813 885 1873 praedicta
908 1834 916 1859 :
945 1830 1095 1858 aurem
1114 1817 1448 1862 accommodent

56 1885 324 1945 promissori,
350 1884 530 1929 credant
552 1884 797 1928 exhibitori.
827 1884 911 1929 Sed
941 1894 984 1928 et
1012 1885 1316 1946 unusquisque
1344 1903 1448 1932 nos-

57 1965 198 2011 trum,
233 1955 412 2010 fratres,
446 1971 497 1999 ex
523 1965 669 1999 vetere
697 1957 873 2000 homine
896 1957 941 2000 in
964 1972 1126 2000 novum
1150 1967 1370 2016 mutatur,
1395 1975 1448 2003 ex

55 2026 221 2071 infideli
239 2026 378 2070 fidelis
395 2027 469 2080 sit,
494 2041 546 2069 ex
566 2036 738 2086 raptore
761 2027 962 2084 largitor,
989 2037 1131 2072 castus
1153 2044 1204 2072 ex
1226 2028 1443 2085 adultero,

54 2096 274 2141 beneficus
296 2112 347 2141 ex
370 2096 583 2140 malefico.
608 2100 724 2156 Ergo
743 2106 943 2141 cantetur
961 2098 1087 2142 nobis
1103 2134 1113 2153 ,
1143 2118 1162 2140 «
1179 2102 1263 2143 Pro
1283 2100 1348 2143 his
1369 2102 1445 2160 qui

57 2184 78 2208 »
113 2167 504 2212 commutabuntur
527 2187 535 2212 :
565 2186 584 2209 n
612 2179 655 2213 et
677 2168 736 2213 sic
763 2169 940 2228 incipiat
963 2168 1174 2225 describi,
1201 2185 1279 2230 per
1311 2187 1445 2231 quem

53 2248 314 2282 commutata
337 2247 456 2283 sunt.

113 2311 195 2352 III.
227 2310 432 2369 Sequitur
464 2309 604 2363 enim,
636 2329 655 2351 «
681 2313 764 2354 Pro
797 2310 863 2354 his
900 2326 999 2370 quae
1028 2313 1440 2369 commutabuntur,

56 2392 76 2420 ι’)
110 2378 207 2423 filiis
239 2381 374 2435 Core,
404 2380 449 2423 in
480 2379 774 2435 intellectum,
805 2381 1037 2425 Canticum
1070 2397 1149 2440 pro
1185 2381 1386 2428 dilecto&
1416 2403 1438 2425 »

54 2449 163 2494 Nam
181 2448 363 2493 dilectus
386 2449 458 2493 ille
479 2450 591 2493 visus
615 2459 678 2494 est
700 2467 722 2494 a
745 2451 1094 2508 persecutoribus
1117 2451 1202 2496 suis
1220 2488 1230 2508 ,
1253 2453 1328 2497 scd
1351 2470 1440 2499 non

102 2551 110 2565 ¹
129 2545 240 2576 Matth.
262 2556 358 2586 xxvn,
375 2546 426 2578 33.
456 2564 496 2568 —
518 2553 530 2568 2
547 2546 627 2578 lbid.
656 2547 708 2589 39.
730 2564 767 2568 —
789 2545 800 2569 3
819 2547 896 2578 psal.
918 2559 1006 2587 κων,
1030 2560 1056 2579 ι.
1079 2547 1148 2577 -4
1167 2549 1246 2581 lbid.
