1841 3223
395 172 476 209 192
826 179 859 207 S.
897 180 1127 208 Auecsrfflt
1161 181 1342 208 EPISCOPI

390 256 439 290 ut
460 245 620 289 reficiat
645 260 652 285 :
680 259 849 304 pugnos
878 254 1023 304 parat,
1048 245 1197 290 saevire
1216 244 1312 290 vult
1334 245 1379 288 in
1403 244 1637 288 medicum.
1665 248 1721 290 Et
1742 246 1776 290 si

389 316 670 377 percusserit,
705 314 937 373 diligatur3
967 325 1010 359 et
1035 317 1068 360 si
1087 316 1291 376 injuriam
1322 313 1494 370 fecerit,
1526 331 1616 360 non
1645 315 1778 359 relin-

389 397 548 447 quatur
569 403 577 426 :
606 386 823 430 rediturus
846 386 981 431 estad
1002 396 1194 431 mentem
1208 422 1218 442 ‚
1245 387 1399 444 gratias
1418 395 1607 430 acturus.
1635 389 1778 440 Quam

387 458 515 501 multi
538 457 607 501 hie
628 466 899 516 cognoscunt
921 473 982 513 se,
1007 458 1158 502 vident
1178 473 1222 501 se
1243 457 1446 512 invicem,
1473 466 1516 501 et
1533 457 1778 517 loquuntur

384 529 439 573 dc
451 544 494 572 se
511 529 556 572 in
574 528 764 573 Ecclesia
779 530 855 574 Dei
872 550 883 586 3
903 529 947 573 in
960 529 1164 574 Ecclesiae
1182 538 1342 574 sanctae
1359 529 1524 587 gremio
1542 528 1779 573 attendunt

384 600 528 645 studia
556 617 632 645 sua
663 601 753 661 jam
786 601 901 646 bona
927 602 1040 646 eirea
1072 601 1258 646 verbum
1288 600 1393 655 Dei,
1425 600 1537 645 eirea
1560 600 1702 645 officia
1735 610 1778 646 et

385 671 593 732 obsequia
615 672 849 727 eharitatis,
870 671 925 717 ad
939 670 1308 732 frequentandum
1320 686 1492 729 gregem
1511 671 1671 716 Christi
1689 687 1779 734 non

385 742 587 787 recedere
609 742 663 787 de
685 743 876 788 Ecclesia
894 779 904 799 ‚
928 744 1080 788 vident
1097 752 1140 786 et
1167 742 1411 802 loquuntur
1435 741 1491 785 ad
1513 742 1698 786 invicem
1720 742 1776 787 de

384 814 588 859 invicem.
615 814 720 867 Quis
738 824 802 858 est
822 817 899 858 istc
922 814 1212 858 circissarius?
1233 814 1329 874 quis
1352 822 1416 857 est
1448 813 1529 857 iste
1549 823 1714 858 amator
1735 823 1779 858 et

385 884 587 929 laudator
608 884 722 929 illius
751 885 968 929 venatoris
990 887 1097 942 (11),
1119 883 1234 928 illius
1255 885 1501 929 histrionis?
1520 888 1581 929 De
1604 883 1688 929 alio
1708 884 1778 929 lo·-

385 956 550 1015 quituJ,
572 965 615 999 ct
632 954 703 998 ille
727 956 781 999 de
803 955 911 1015 ipso.
939 958 1065 1000 Certe
1086 955 1164 999 ista
1182 965 1304 1011 sunt,
1326 965 1441 999 certe
1461 954 1699 1013 gaudemus
1722 955 1778 1000 de

385 1026 559 1070 talibus.
589 1026 628 1071 Si
655 1026 892 1084 gaudemus
915 1026 970 1070 de
992 1025 1151 1070 talibus
1168 1062 1178 1081 ⁷
1205 1042 1294 1070 non
1327 1025 1604 1085 desperemus
1631 1024 1686 1069 de
1710 1035 1778 1070 ta-

383 1097 514 1141 libus.
547 1099 729 1141 Orcmus
752 1113 830 1157 pro
855 1097 954 1157 ipsis
971 1133 981 1153 ‚
1010 1096 1161 1142 fratres
1189 1097 1426 1141 charissimi
1456 1116 1464 1140 :
1492 1096 1595 1141 inde
1627 1097 1780 1142 erescit

384 1185 593 1213 numerus
611 1178 859 1213 sanctorum
874 1205 884 1224 ,
910 1169 964 1213 de
986 1184 1170 1214 numero
1192 1171 1268 1229 qui
1289 1178 1380 1213 erat
1401 1168 1650 1228 impiorum.
1681 1188 1701 1211 «
1722 1172 1779 1213 Et

389 1258 409 1280 »
445 1255 533 1284 non
562 1239 747 1299 respexit
775 1240 820 1282 in
850 1240 1061 1283 vanitates
1089 1249 1132 1283 et
1158 1239 1343 1283 insanias
1378 1238 1622 1283 mendaces.
1653 1257 1672 1280 »
1699 1238 1778 1283 Ille

384 1310 504 1366 vicit,
528 1311 658 1355 talem
682 1327 843 1371 equum
863 1312 1033 1370 junxit,
1060 1311 1329 1371 pronuntiat,
1350 1310 1474 1370 quasi
1496 1310 1667 1354 divinus
1685 1309 1780 1354 vult

386 1396 506 1425 esse:
533 1382 709 1426 affectat
742 1381 1013 1425 divinitatem
1043 1380 1284 1426 amittendo
1311 1380 1479 1425 fontem
1509 1379 1745 1425 divinitatis
1767 1400 1776 1425 :

386 1461 429 1495 et
451 1467 565 1511 saepe
587 1453 842 1512 pronuntiat
860 1488 869 1507 ,
891 1462 934 1496 et
955 1468 1068 1512 saepe
1090 1451 1268 1496 fallitur.
1292 1454 1435 1505 Quare
1453 1452 1563 1495 hoc?
1583 1451 1694 1504 Quia
1711 1451 1779 1495 in-

385 1523 515 1566 saniae
534 1523 761 1567 mendaces
784 1532 899 1567 sunt.
922 1526 1065 1576 Quare
1088 1532 1234 1567 autem
1257 1521 1490 1582 aliquando
1513 1522 1781 1581 proveniunt

385 1610 485 1653 qua·
504 1592 684 1638 dicunt?
700 1596 756 1638 Ut
777 1594 1000 1638 abducant
1022 1594 1210 1648 insanos,
1236 1603 1286 1638 ut
1308 1592 1494 1637 amando
1511 1592 1572 1636 ibi
1593 1592 1780 1651 speciem

384 1664 574 1708 veritatis
590 1700 600 1719 ,
626 1665 851 1708 incurrant
877 1664 1086 1725 laqueum
1115 1664 1308 1708 falsitatis
1330 1679 1338 1704 :
1366 1673 1480 1707 retro
1509 1663 1619 1717 sint,
1645 1662 1780 1706 relin-

385 1740 593 1791 quantur,
627 1744 924 1789 amputentur.
963 1735 1004 1778 Si
1033 1734 1228 1778 membra
1251 1743 1396 1779 nostra
1429 1741 1577 1788 erant,
1605 1734 1781 1777 mortiti-

386 1811 541 1847 centur
565 1821 573 1845 :
605 1820 624 1843 «
650 1801 910 1846 Mortificate
927 1835 937 1855 ‚
974 1800 1119 1861 inquit
1135 1836 1146 1855 ,
1173 1800 1367 1844 membra
1389 1812 1529 1844 vestra
1558 1820 1657 1860 qua:
1679 1812 1781 1846 sunt

388 1891 408 1914 »
445 1887 574 1931 super
597 1873 799 1915 terram1.
824 1889 843 1911 n
873 1871 936 1915 Sit
957 1886 1051 1930 spes
1072 1880 1219 1914 nostra
1247 1874 1360 1914 Deus
1384 1879 1544 1914 noster.
1571 1871 1656 1924 Qui
1677 1871 1782 1917 fecit

387 1943 549 1997 omnia,
566 1942 718 1985 melior
731 1951 794 1985 est
810 1941 1038 1997 omnilms3
1057 1941 1131 2000 qui
1147 1941 1328 2000 pulchra
1347 1940 1463 1995 fecit,
1478 1940 1701 2000 pulchrior
1717 1953 1781 1988 est

386 2012 618 2069 omnibus;
638 2012 714 2072 qui
736 2010 888 2065 fortia,
915 2011 1068 2055 sortior
1090 2020 1183 2069 cst3
1214 2011 1290 2071 qui
1313 2026 1490 2071 magna,
1517 2013 1655 2072 major
1684 2024 1776 2059 cst:

385 2083 603 2145 quidquid
621 2084 847 2138 amaveris,
875 2083 947 2127 ille
976 2083 1056 2127 'tibi
1081 2083 1175 2127 erit.
1206 2084 1329 2128 Disce
1353 2100 1495 2128 amare
1518 2084 1563 2128 in
1585 2096 1780 2130 creatura

386 2159 658 2211 Creatorem,
680 2164 724 2199 et
744 2155 790 2198 in
812 2153 978 2199 factura
1002 2152 1211 2199 factorem
1234 2173 1243 2199 z
1273 2170 1328 2198 ne
1350 2164 1494 2199 teneat
1515 2165 1556 2199 te
1579 2155 1698 2216 quod
1722 2156 1778 2200 ab

384 2225 461 2271 illo
483 2225 649 2270 factum
672 2234 736 2269 est
760 2245 768 2269 :
807 2234 850 2269 et
881 2225 1050 2269 amittas
1073 2241 1173 2269 eum
1196 2241 1218 2269 a
1242 2242 1331 2285 quo
1358 2235 1400 2270 et
1434 2226 1525 2285 ipse
1546 2227 1687 2271 faetus
1714 2242 1773 2271 es.

386 2300 502 2356 Ergo
521 2333 531 2352 ‚
562 2316 582 2338 «
608 2300 764 2341 Beatus
785 2296 851 2340 vir
868 2297 991 2356 eujus
1013 2304 1077 2340 est
1100 2311 1261 2340 nomen
1283 2295 1456 2340 Domini
1477 2311 1572 2355 spes
1594 2298 1684 2358 ejus
1698 2333 1708 2353 ,
1735 2307 1779 2342 et

389 2385 409 2409 )›
446 2383 534 2412 non
553 2367 739 2426 respexit
759 2367 804 2410 in
820 2368 1030 2412 vanitates
1052 2376 1095 2410 et
1111 2366 1295 2410 insanias
1316 2365 1560 2410 mendaces.
1586 2385 1606 2408 »

449 2442 525 2482 IX.
555 2442 684 2482 Forte
707 2439 831 2483 nobis
857 2438 1052 2484 dicturus
1082 2447 1167 2494 est,
1199 2438 1274 2498 qui
1296 2453 1420 2482 versu
1447 2438 1528 2482 isto
1551 2455 1777 2498 percussus
1840 2462 1841 2469 ¹

438 2530 446 2545 ¹
468 2523 587 2556 (juloss.
606 2535 652 2564 xit,
668 2523 698 2555 5,
