1841 3223
214 252 453 284 x-:NARRATIO
485 256 500 282 1
532 255 578 283 m
611 252 814 283 PsALML'M
845 253 1037 292 xxxvrrr,
1072 250 1198 280 SERM.
1234 253 1265 279 1.
1339 240 1422 280 169

44 322 240 380 nit3non
252 320 370 366 vides
392 337 500 382 qua,
525 319 602 364 sed
624 319 751 364 crede
773 319 878 363 mihi
895 354 905 373 ,
928 319 1004 379 qui
1021 316 1254 362 fabricavi?
1268 317 1424 361 Fabri-
1454 359 1457 362 i

44 393 158 438 cavit
170 393 286 437 enim
301 407 378 452 per
393 395 522 452 quem
542 389 654 435 facta
667 399 769 434 sunt
785 390 947 445 omnia,
964 389 1208 433 mansiones
1221 388 1424 433 omnibus

44 456 209 508 nobis':
241 461 345 507 illuc
365 461 461 507 vult
487 459 732 521 praecedere
762 460 883 520 quod
907 459 1119 504 habemus
1135 494 1146 515 ,
1181 474 1236 503 ne
1267 459 1351 503 hoc
1378 459 1426 503 in

46 543 159 581 terra
179 533 423 594 perdamus.
448 534 561 577 Cum
583 541 731 576 autem
751 530 982 575 servaveris
997 531 1041 574 in
1063 539 1194 585 terra,
1226 529 1295 574 dic
1317 530 1426 574 mihi

45 606 117 652 cui
134 604 414 664 congregabis
439 605 514 648 ea?
533 603 664 648 Filios
684 602 840 647 habes:
866 617 1006 645 unum
1027 601 1124 661 plus
1154 616 1356 656 numera,
1383 610 1428 645 ct

45 675 101 721 da
118 674 283 736 aliquid
296 684 339 720 et
359 674 545 720 Christo.
576 693 596 716 «
612 673 887 718 Thesaurizat
903 708 914 728 ‚
937 681 981 717 et
1002 687 1092 717 non
1114 672 1337 731 cognoscit
1357 673 1426 718 cui

48 764 70 790 »
105 746 388 806 congregabit
408 762 457 791 ea
482 760 620 791 :vane
635 744 937 789 conturbatur.
962 761 982 784 n

104 820 232 863 XIII.
271 836 292 860 «
314 820 371 862 Et
390 833 508 862 nune
534 836 542 862 :
578 835 598 858 »
624 815 810 871 Quando
827 851 838 872 ,
866 815 1011 876 inquit
1030 815 1109 859 iste
1133 813 1315 858 Idithun
1336 829 1428 858 res-

45 889 208 949 piciens
221 888 455 933 vanitatem
476 888 709 950 quamdam
726 922 737 942 ,
762 886 997 947 suspiciens
1023 886 1249 930 veritatem
1271 900 1430 945 quam-

47 959 147 1004 dam
163 994 174 1015 ,
201 959 248 1003 in
270 958 414 1004 medio
433 960 598 1019 positus
616 957 827 1020 quiddam
848 958 929 1002 sub
947 972 991 1001 se
1012 956 1198 1010 habens,
1219 954 1430 1016 quiddam

47 1046 176 1090 supra
197 1044 242 1075 se
259 1049 267 1074 :
287 1030 369 1074 sub
390 1045 435 1074 se
452 1030 587 1074 habet
602 1029 720 1073 unde
736 1028 979 1083 transilivit,
995 1042 1123 1087 supra
1136 1042 1180 1071 se
1192 1026 1325 1071 habet
1342 1041 1431 1086 quo

47 1115 92 1145 se
122 1099 315 1145 extendit
340 1119 348 1145 :
379 1119 400 1143 «
424 1103 482 1145 Et
502 1115 620 1144 nunc
636 1135 646 1154 ‚
682 1118 702 1141 n
737 1099 822 1154 ait,
847 1099 1023 1159 quando
1042 1096 1252 1158 quiddam
1273 1097 1431 1141 transi-

46 1168 148 1227 livi,
192 1170 368 1231 quando
393 1170 534 1216 multa
564 1169 754 1225 calcavi,
792 1167 971 1230 quando
1005 1167 1318 1228 temporalibus
1340 1168 1432 1226 jam

47 1257 139 1287 non
174 1251 346 1298 teneor,
390 1241 589 1287 nondum
625 1256 722 1286 sum
750 1238 991 1301 perfectus,
1031 1239 1230 1284 nondum
1267 1238 1428 1298 accepi.

51 1330 72 1356 «
102 1315 186 1373 Spe
207 1313 324 1358 enim
353 1312 460 1358 salvi
490 1312 593 1358 facti
619 1327 767 1357 sumus
795 1331 804 1356 ε
830 1326 924 1371 spes
950 1320 1096 1354 autem
1120 1325 1219 1371 quac
1240 1309 1436 1364 videtur,

49 1401 71 1426 »
106 1400 196 1429 non
222 1393 286 1429 est
313 1399 423 1444 spes.
455 1382 585 1438 Quod
608 1384 725 1427 enim
747 1382 867 1427 videt
902 1382 1024 1443 quis,
1050 1381 1155 1442 quid
1187 1382 1354 1440 sperat?
1390 1380 1433 1424 Si

50 1472 72 1497 »
108 1464 254 1499 autem
285 1455 406 1515 quod
437 1470 528 1500 non
558 1453 757 1499 videmus
791 1468 1039 1514 speramus,
1076 1468 1153 1512 per
1179 1450 1435 1511 patientiam

50 1542 72 1568 »
106 1533 383 1585 expectamus
402 1526 433 1570 ¹.
462 1543 482 1566 »
507 1527 650 1583 Ergo,
680 1543 700 1567 «
725 1527 782 1568 Et
809 1539 928 1567 nunc
963 1539 1064 1583 quae
1097 1531 1160 1567 est
1194 1520 1435 1581 expectatio

51 1613 72 1638 »
107 1611 202 1640 mea
233 1610 243 1637 τ
284 1610 430 1640 nonne
463 1594 714 1639 Dominus?
751 1613 771 1635 »
806 1597 904 1654 Ipse
936 1602 999 1638 est
1029 1592 1272 1653 expectatio
1306 1606 1432 1645 mea,

48 1667 125 1728 qui
152 1666 274 1711 dedit
303 1667 450 1711 omnia
482 1667 563 1711 ista
584 1682 682 1726 quae
717 1675 996 1711 contemnam
1025 1685 1034 1710 :
1069 1665 1160 1724 ipse
1182 1663 1290 1708 mihi
1313 1662 1437 1706 dabit

49 1746 92 1782 et
119 1753 190 1793 se,
218 1737 295 1798 qui
326 1746 389 1782 est
409 1752 539 1797 super
561 1736 726 1790 omnia,
753 1745 794 1780 et
815 1750 893 1794 per
920 1749 1051 1794 quem
1075 1733 1188 1777 facta
1217 1742 1320 1776 sunt
1343 1747 1438 1776 om-

47 1808 142 1863 nia,
167 1817 211 1852 et
233 1823 256 1852 a
286 1822 375 1868 quo
404 1808 546 1865 factus
578 1821 675 1849 sum
709 1805 823 1849 inter
846 1805 991 1849 omnia
1010 1839 1021 1859 ,
1056 1804 1149 1863 ipse
1185 1812 1250 1848 est
1279 1819 1437 1863 expec-

48 1879 154 1924 tatio
174 1894 270 1923 mea
291 1877 518 1923 Dominus.
540 1875 707 1920 Videtis
731 1876 912 1920 ldithun
928 1910 939 1931 ,
965 1875 1132 1929 l'ratres,
1157 1874 1312 1919 videtis
1331 1890 1440 1935 quo-

47 1949 181 1995 modo
203 1958 415 2010 expectet.
439 1951 577 1994 Nemo
597 1962 698 2006 ergo
717 1963 762 1992 se
783 1947 898 1992 dicat
929 1947 1173 2007 perfectum
1196 1946 1266 1990 hic
1291 1966 1300 1991 2
1325 1945 1441 1990 dcci-

30 2021 114 2082 ,pit
133 2037 199 2077 se,
225 2019 337 2065 fallit
354 2035 416 2075 se,
441 2018 609 2064 seducit
630 2034 674 2063 se
689 2055 700 2074 ,
721 2034 811 2063 non
830 2027 974 2078 potest
994 2018 1065 2062 hic
1080 2017 1243 2061 habere
1264 2017 1438 2077 perfec-

49 2092 228 2138 tionem.
254 2093 312 2136 Et
338 2090 447 2152 quid
474 2090 672 2150 prodest,
698 2090 800 2150 quia
823 2089 964 2149 perdit
991 2088 1308 2133 humilitatem:
1338 2109 1359 2132 «
1383 2092 1441 2133 Et

52 2180 74 2204 »
108 2177 228 2206 nunc
249 2177 349 2222 quae
371 2170 436 2205 est
455 2160 697 2220 expec'satio
721 2175 835 2204 mea:
861 2175 1008 2204 nonne
1026 2159 1235 2204 Dominus
1254 2173 1264 2200 τ
1293 2177 1312 2200 n
1326 2161 1438 2203 Cum

49 2231 241 2288 venerit,
273 2232 365 2292 jam
398 2246 489 2276 non
521 2239 799 2291 expectatur,
830 2239 936 2274 tunc
973 2230 1055 2273 erit
1090 2228 1163 2273 illa
1191 2227 1400 2289 perfectio
1427 2248 1436 2274 :

50 2318 170 2348 nunc
191 2311 337 2346 autem
363 2311 771 2362 quantumcumque
798 2300 1044 2344 transilierit
1064 2298 1269 2354 Idithun,
1297 2299 1441 2344 adhuc

52 2381 266 2432 expectat.
300 2391 321 2414 «
342 2374 399 2416 Et
420 2371 660 2416 substantia
690 2386 786 2415 mea
807 2380 907 2415 ante
933 2379 975 2414 te
998 2379 1061 2414 est
1082 2384 1266 2429 semper.
1296 2388 1315 2411 »
1342 2372 1440 2414 Jam

51 2443 280 2504 proficiens
296 2477 307 2498 ,
326 2444 417 2503 jam
440 2442 495 2487 ad
521 2443 665 2502 ipsum
681 2441 887 2497 tendens,
909 2450 950 2485 et
969 2455 1058 2484 esse
1077 2440 1350 2500 aliquantum
1368 2441 1440 2484 in-

53 2514 216 2575 cipiens
237 2532 246 2559 :
275 2532 295 2556 «
318 2517 433 2559 Ante
455 2523 497 2558 te
519 2523 584 2558 est
603 2529 772 2574 semper
791 2512 1030 2558 substantia
1049 2526 1158 2556 mea.
1187 2511 1438 2557 Substantia

103 2606 111 2622 ¹
134 2601 224 2632 Rom.
244 2609 311 2641 vm,
332 2598 387 2641 24,
407 2599 463 2631 25.
