1841 3223
299 221 540 249 ENARRATIO
570 223 584 248 Ι
617 222 663 249 ΙΝ
694 222 895 249 PsALMUM
929 222 1093 259 XXXIV,
1127 219 1253 249 SEnM.
1290 222 1320 248 1.
1469 210 1495 248 5

112 283 253 328 solum
273 301 352 330 nos
372 285 541 330 muniat
555 321 566 340 ,
591 285 666 330 sed
689 286 818 331 etiam
847 287 1063 347 percutiat
1082 286 1301 341 inimicos,
1326 285 1359 330 si
1382 285 1496 330 bene

109 355 436 415 profecerimus,
452 352 495 401 et
507 372 586 402 nos
607 357 780 402 erimus.
800 357 920 402 Sicut
936 359 1050 402 enim
1073 373 1167 412 nos,
1187 367 1238 402 ut
1256 372 1491 413 armemur,

108 426 165 470 ab
195 426 272 471 illo
299 428 511 473 habemus
530 461 541 483 ,
567 429 626 472 sic
645 429 736 488 ipse
758 437 950 473 armatur
971 427 1026 472 de
1047 428 1189 473 nobis.
1217 428 1301 474 Sed
1323 428 1415 487 ipse
1437 427 1493 489 de

106 497 171 541 his
192 507 384 543 armatur
403 514 514 560 quos
535 497 664 554 fecit,
694 514 773 543 nos
805 498 860 542 de
878 498 944 543 his
966 514 1185 543 armamur
1205 514 1306 560 quae
1327 498 1383 543 ab
1398 498 1491 558 ipso

105 571 348 631 accepimus
377 572 454 632 qui
481 587 560 616 nos
593 570 710 615 fecit.
749 570 863 616 Dicit
888 571 984 615 haec
1015 571 1209 632 quodam
1241 569 1340 614 loco
1371 585 1491 614 arma

103 651 249 687 nostra
270 642 525 702 Apostolus,
554 661 575 685 (ε
606 644 789 687 Seutum
808 641 932 697 fidei,
973 651 1016 685 et
1050 640 1217 701 galeam
1247 640 1421 697 salutis,
1447 649 1491 685 et

105 729 126 753 »
161 712 354 772 gladium
389 713 565 774 spiritus
578 748 589 768 ,
626 712 747 773 quod
779 722 843 756 est
872 712 1060 756 verbum
1095 712 1173 756 Dei
1187 713 1219 755 ¹.
1244 730 1264 753 »
1294 711 1491 756 Armavit

98 798 178 827 nos
199 783 359 829 talibus
381 785 509 829 armis
523 820 538 840 ,
566 782 771 844 qualibus
801 782 979 827 audistis
999 818 1010 835 ,
1035 781 1331 826 laudabilibus
1353 791 1397 826 et
1417 781 1490 825 in·-

97 853 246 910 victis,
267 854 633 916 insuperabilibus
650 863 694 898 et
714 852 953 914 splendidis
972 875 983 911 3
1007 852 1272 914 spiritalibus
1295 868 1397 898 sane
1419 862 1488 897 at-

96 939 184 984 que
207 924 518 980 invisibilibus,
555 925 657 985 quia
679 934 722 969 et
742 925 887 969 hostes
907 923 1145 969 invisibiles
1168 925 1485 984 expugnamus.

98 996 142 1040 Si
171 994 292 1039 vides
317 995 489 1040 hostem
509 1004 665 1050 tuum,
702 994 935 1039 videantur
967 1010 1086 1040 arma
1121 1004 1213 1040 tua.
1254 999 1488 1040 Armamur

95 1080 247 1109 earum
266 1081 414 1110 rerum
444 1064 530 1110 fide
553 1080 658 1126 quas
677 1080 768 1109 non
787 1065 1007 1120 videmus,
1033 1074 1076 1110 et
1093 1066 1325 1110 sternimus
1341 1067 1487 1111 hostes

93 1152 202 1197 quos
220 1152 310 1182 non
325 1136 538 1181 videmus.
555 1139 886 1190 Verumtamen,
908 1137 1168 1192 charissimi,
1193 1152 1311 1181 arma
1333 1137 1413 1182 ista
1430 1153 1487 1182 ne

91 1207 252 1267 putetis
284 1195 482 1263 sic”esse⁸,
515 1217 566 1252 ut
585 1208 708 1269 quasi
730 1208 852 1268 quod
871 1216 1045 1252 scutum
1064 1217 1127 1252 est
1141 1243 1151 1262 ,
1177 1223 1348 1267 semper
1382 1223 1484 1252 scu-

90 1287 185 1322 tum
207 1279 261 1323 sit
281 1300 292 1337 3
317 1288 394 1323 aut
414 1278 534 1340 quod
557 1278 676 1337 galea
699 1276 763 1323 e'st
778 1314 788 1333 ,
814 1294 983 1338 semper
1003 1277 1123 1336 galea
1153 1279 1234 1336 sit3
1265 1288 1340 1323 aut
1362 1278 1481 1339 quod

87 1347 221 1392 lorica
242 1358 306 1393 est
323 1384 334 1404 ,
361 1364 531 1409 semper
551 1349 685 1394 lorica
707 1349 776 1392 sit.
805 1351 856 1392 In
878 1349 967 1393 istis
988 1349 1107 1392 enim
1125 1348 1252 1392 armis
1273 1364 1480 1408 corpora-

86 1417 202 1462 libus
218 1419 278 1463 ita
296 1428 374 1474 est,
401 1435 652 1480 quanquam
672 1429 715 1464 et
737 1419 792 1464 de
814 1418 930 1463 ferro
947 1434 1047 1479 quae
1069 1419 1182 1462 fiunt
1199 1419 1360 1463 mutari
1377 1435 1480 1479 pos-

86 1489 198 1543 sint,
234 1498 284 1533 ut
315 1504 367 1533 ex
398 1488 542 1548 gladio
563 1491 639 1534 fiat
660 1490 850 1534 securis:
878 1498 1025 1533 tamen
1043 1489 1188 1548 ipsum
1219 1488 1481 1549 Apostolum

82 1559 282 1604 videmus
304 1560 457 1604 dixisse
478 1560 671 1622 quodam
693 1560 814 1616 loeo,
839 1559 1019 1605 loricam
1041 1558 1144 1603 fidei
1158 1563 1192 1614 ²,
1213 1569 1257 1604 et
1278 1559 1363 1605 alio
1380 1559 1479 1606 loco

85 1628 238 1675 dixisse
261 1640 435 1675 scutum
463 1631 580 1675 fidei.
602 1634 720 1690 Ergo
748 1632 841 1691 ipsa
863 1630 993 1685 fides,
1014 1639 1058 1674 et
1073 1629 1206 1675 lorica
1224 1639 1367 1690 potest
1389 1647 1479 1676 esse

84 1710 127 1746 et
153 1712 357 1748 scutum:
383 1712 557 1747 scutum
579 1712 668 1758 est,
697 1703 799 1764 quia
821 1702 908 1747 tela
929 1702 1207 1746 inimieorum
1245 1703 1402 1763 excipit
1434 1713 1478 1748 et

83 1772 256 1832 repellit
276 1793 285 1818 ε
310 1773 443 1818 lorica
472 1782 560 1829 est,
580 1774 683 1834 quia
706 1773 911 1818 interiora
933 1782 1008 1816 tua
1030 1772 1223 1831 transfigi
1245 1788 1335 1817 non
1358 1774 1472 1818 sinit.

83 1845 189 1888 Haec
222 1859 341 1889 arma
364 1854 512 1890 nostra
536 1865 544 1890 :
570 1846 648 1889 Dei
671 1854 816 1889 autem
839 1846 970 1905 quae?
992 1844 1195 1902 Legimus
1216 1845 1410 1904 quodam
1430 1846 1477 1890 in

82 1912 180 1958 loco
196 1949 207 1968 ,
237 1933 257 1956 «
281 1917 398 1959 Erue
415 1915 470 1959 ab
492 1916 633 1975 impiis
656 1915 844 1959 animam
862 1930 1020 1969 meam,
1044 1913 1252 1958 stanneam
1276 1924 1394 1959 tuam
1420 1916 1476 1960 ab

88 2002 109 2025 »
143 1984 330 2030 inimicis
351 2001 507 2030 manus
524 1995 612 2031 tuae
626 1988 658 2029 3.
683 2004 703 2026 υ
730 1985 859 2039 Quod
881 1985 1078 2045 superius
1100 1984 1233 2030 dixit:
1264 2005 1284 2027 «
1303 1986 1372 2030 Ab
1393 1987 1476 2031 im-

82 2073 104 2096 »
142 2055 250 2114 piis3
277 2073 298 2096 »
325 2056 408 2100 hoc
429 2057 628 2117 sequenti
649 2072 798 2111 versu,
821 2055 925 2100 «Ab
942 2055 1125 2100 inimicis
1146 2071 1300 2100 manus
1322 2066 1430 2102 tuae:
1450 2075 1471 2100 »

80 2134 125 2169 et
146 2125 272 2186 quod
293 2127 489 2186 superius
505 2126 614 2171 dixit
638 2146 648 2171 ι
678 2146 697 2170 «
718 2127 921 2171 Animam
943 2142 1083 2170 meam
1101 2147 1111 2183 3
1134 2145 1154 2168 n
1174 2127 1259 2171 hoc
1275 2129 1474 2188 sequenti

79 2211 206 2240 versu
225 2215 233 2239 :
270 2215 290 2239 «
313 2200 541 2242 Frameam
563 2207 681 2242 tuam
698 2233 709 2252 ,
738 2216 758 2238 »
782 2197 828 2241 id
850 2206 913 2241 est
929 2233 939 2253 ,
965 2197 1159 2255 gladium
1182 2207 1324 2241 tuum.
1356 2201 1472 2258 Ergo

81 2265 291 2310 frameam
314 2267 407 2323 Dei,
425 2266 532 2312 dixit
555 2268 742 2312 animam
762 2283 883 2312 suam
902 2287 911 2313 ε
936 2287 957 2310 «
976 2271 1108 2323 Erue,
1134 2268 1298 2328 inquit,
1320 2268 1375 2313 ab
1392 2269 1471 2313 im-

82 2355 103 2378 »
138 2337 218 2396 piis
241 2337 430 2381 animam
451 2353 610 2394 meam,
633 2338 679 2384 id
701 2348 780 2394 est,
806 2339 861 2382 ab
880 2339 1063 2383 inimicis
1079 2354 1234 2383 manus
1255 2347 1344 2382 tuae
1365 2354 1469 2384 erue

82 2426 104 2449 »
139 2406 346 2452 frameam
369 2418 503 2453 tuam.
523 2428 544 2451 »
573 2409 874 2470 Apprehendis
896 2411 1012 2454 enim
1031 2410 1220 2454 animam
1240 2426 1401 2466 meam,
1423 2420 1468 2456 et

79 2478 272 2524 debellas
291 2480 486 2526 inimicos
508 2497 641 2526 meos.
666 2484 724 2526 Et
745 2482 853 2542 quid
874 2492 939 2527 est
960 2482 1100 2526 anima
1124 2491 1285 2538 nostra,
1308 2497 1465 2543 quam-

120 2575 128 2591 ι
154 2563 278 2606 §phos
300 2576 348 2605 vr,
370 2564 423 2606 16,
446 2576 496 2609 ¹7·
520 2583 561 2588 —
580 2573 593 2590 ²
615 2567 723 2598 Thess.
742 2577 777 2608 v,
801 2566 832 2599 8.
848 2583 890 2589 -—
910 2564 923 2588 3
942 2565 1020 2599 Psal.
1038 2577 1104 2608 xxi,
1119 2575 1171 2599 2¹.
