1841 3223
389 178 473 218 366
815 190 848 216 s.
885 187 1115 217 Ancus-nm
1148 191 1331 219 EPISCOPI

387 270 494 315 quas
517 254 654 311 misit3
673 262 717 297 et
734 251 931 298 videmus
952 254 1070 298 hune
1089 253 1307 299 Psalmum
1329 256 1405 316 qui
1428 266 1529 301 ante
1548 273 1635 302 non
1661 260 1772 304 reci-

391 326 563 369 tabatur
584 324 664 367 nisi
681 323 726 367 in
749 339 835 367 una
857 333 980 381 gente
1002 325 1048 368 in
1065 339 1284 384 synagoga
1307 329 1330 369 J
1338 325 1578 384 udaeorum,
1607 329 1776 374 recitari

387 411 464 455 per
486 404 628 439 totum
651 394 802 439 orbem
822 403 1033 439 terrarum
1050 431 1060 451 ,
1087 411 1164 455 per
1185 411 1334 441 omnes
1366 397 1599 454 Ecclesias,
1625 399 1777 459 imple-

389 475 572 524 tumque
594 480 683 509 esse
704 463 826 525 quod
847 465 917 508 hic
949 465 1116 509 dictum
1148 475 1212 510 est
1238 486 1245 510 ;
1276 486 1296 508 «
1322 466 1484 512 Audite
1510 469 1604 514 haec
1627 484 1777 515 omnes

391 553 411 576 η
448 544 612 595 gentes.
648 553 668 577 »
709 534 778 579 Ad
806 536 889 581 hoe
917 535 1058 580 solum
1092 535 1191 580 volo
1222 536 1411 581 intentos
1441 537 1579 582 faeere
1612 540 1777 585 animos

388 615 574 661 vestros,
595 621 650 649 ne
666 615 844 666 propter
864 606 1059 651 laborem
1082 606 1351 665 corporalem
1373 623 1462 651 non
1484 609 1656 668 erigatis
1679 610 1775 654 ani-

388 692 510 722 mum
527 712 537 732 ‚
561 686 746 722 terrente
765 693 840 723 vos
864 676 1142 736 longitudine
1166 677 1323 722 Psalmi
1344 678 1490 738 hujus.
1506 680 1548 724 Si
1568 681 1774 740 potuerit,

390 748 566 792 finietur
599 748 758 792 hodie:
783 748 817 791 si
845 763 956 802 non,
995 747 1176 792 restabit
1203 747 1329 792 nobis
1361 748 1527 810 aliquid
1558 750 1601 794 in
1626 752 1778 796 crasti-

389 833 498 862 num
521 817 661 876 diem3
679 827 823 862 tamen
837 833 913 862 vos
935 832 1102 877 semper
1116 817 1271 862 intenti
1291 827 1442 863 estote.
1460 822 1648 865 Tantum
1663 821 1779 865 enim

390 888 594 943 audietis,
621 888 654 932 si
676 888 886 932 Dominus
908 887 1122 939 voluerit,
1152 898 1367 949 quantum
1393 905 1469 934 vos
1492 906 1582 935 non
1605 901 1776 951 gravet,

389 960 465 1004 sed
495 957 670 1003 relevet.
697 977 716 1000 «
742 958 903 1003 Audite
924 959 1020 1002 haec
1041 974 1191 1004 omnes
1213 970 1362 1018 gentes
1388 980 1397 1005 ε
1429 980 1446 1003 »
1473 961 1592 1006 unde
1615 963 1713 1007 estis
1737 972 1782 1007 et

391 1046 482 1075 vos.
510 1050 528 1070 «
554 1030 744 1075 Auribus
764 1030 973 1090 percipite
996 1045 1146 1075 omnes
1169 1031 1245 1091 qui
1268 1031 1471 1076 habitatis
1493 1032 1659 1077 orbem.
1686 1036 1780 1078 Hoc

390 1102 550 1146 iterum
570 1101 745 1146 videtur
763 1102 987 1161 repetisse,
1013 1101 1136 1162 quasi
1152 1103 1315 1162 'parum
1336 1101 1469 1147 fuerit
1497 1104 1618 1164 quod
1640 1103 1749 1149 dixit
1765 1139 1777 1160 ,

396 1193 414 1215 «
440 1173 615 1218 Audite.
647 1194 663 1215 »
691 1172 822 1227 Quod
845 1171 966 1229 dieo,
990 1173 1160 1233 inquit,
1186 1191 1203 1213 «
1229 1173 1412 1230 Audite,
1440 1175 1617 1219 auribus
1639 1176 1781 1235 perci-

397 1263 415 1286 »
450 1245 562 1304 pite,
589 1264 607 1286 »
633 1245 717 1289 hoc
745 1254 834 1300 est,
868 1243 1002 1289 nolite
1032 1253 1308 1288 transeunter
1337 1244 1501 1288 audire.
1534 1245 1652 1299 Quid
1683 1255 1778 1302 est,

395 1333 414 1355 «
441 1316 632 1360 Auribus
653 1316 886 1375 percipite?
900 1336 916 1357 »
930 1314 1060 1368 Quod
1082 1315 1294 1359 Dominus
1316 1314 1491 1360 dicebat
1512 1335 1520 1360 :
1551 1335 1568 1356 «
1596 1317 1681 1370 Qui
1702 1317 1782 1361 ha-

397 1405 415 1426 »
452 1385 527 1431 bet
548 1402 671 1430 aures
693 1385 920 1441 audiendi,
946 1384 1094 1429 audiat
1111 1388 1122 1410 ¹
1141 1405 1150 1430 2
1168 1406 1184 1427 »
1203 1400 1305 1430 cum
1328 1401 1476 1430 omnes
1499 1387 1576 1446 qui
1599 1386 1643 1431 in
1659 1403 1783 1432 eons-

393 1465 524 1515 pectu
554 1457 643 1516 ejus
661 1465 784 1500 erant
800 1491 811 1511 ,
838 1457 992 1516 utique
1017 1456 1232 1500 haberent
1253 1471 1376 1499 aures
1402 1475 1411 1500 z
1438 1472 1545 1516 quas
1566 1456 1638 1501 ille
1659 1472 1782 1502 aures

393 1526 619 1586 quaerebat
640 1527 721 1571 nisi
743 1525 906 1581 cordis,
931 1541 1032 1570 cum
1051 1525 1214 1570 diceret
1233 1545 1242 1571 :
1267 1545 1284 1566 «
1306 1527 1392 1579 Qui
1408 1527 1543 1571 habet
1559 1543 1682 1572 aures
1706 1543 1783 1572 au-

397 1596 607 1655 »Jdiendt
622 1597 797 1641 audiat?
812 1618 828 1639 »
844 1600 929 1641 Has
943 1605 986 1640 et
998 1596 1075 1640 iste
1090 1596 1285 1640 Psalmus
1299 1611 1424 1640 aures
1440 1596 1598 1657 pulsat.
1617 1616 1634 1638 «
1649 1597 1783 1642 Auri-

398 1685 416 1707 »
450 1666 532 1711 bus
549 1667 759 1727 percipite
782 1682 930 1711 omnes
953 1667 1030 1726 qui
1051 1667 1255 1711 habitatis
1271 1667 1439 1711 orbem.
1460 1686 1478 1709 »
1496 1670 1627 1711 Forte
1648 1677 1692 1712 et
1712 1667 1783 1712 hic

393 1746 457 1782 est
479 1737 624 1799 aliqua
648 1739 883 1783 distinctio.
904 1740 1003 1783 Non
1024 1738 1201 1798 quidem
1220 1754 1298 1783 nos
1316 1748 1533 1783 coarctare
1555 1738 1780 1795 debemus,

391 1808 468 1852 sed
484 1808 594 1853 nihil
617 1809 720 1852 mali
743 1819 807 1853 est
823 1809 952 1853 etiam
969 1808 1095 1852 istam
1119 1808 1334 1867 explicare
1355 1809 1629 1853 sententiam.
1651 1813 1783 1855 Forte

392 1878 559 1939 aliquid
585 1879 717 1923 distat
741 1880 854 1922 inter
875 1879 921 1922 id
942 1878 1062 1938 quod
1085 1878 1193 1921 dixit
1215 1896 1224 1922 z
1261 1897 1278 1918 ‹<
1306 1880 1467 1922 Omnes
1497 1889 1667 1937 gentes,
1696 1900 1714 1922 ι)
1740 1890 1784 1924 et

391 1948 512 2008 quod
534 1948 644 1993 dixit
666 1968 675 1993 ι
706 1950 899 1992 «Omnes
921 1949 998 2008 qui
1015 1948 1219 1991 habitatis
1235 1948 1399 1992 orbem.
1426 1968 1444 1990 »
1463 1949 1782 2007 Significantius

390 2019 509 2063 enim
529 2019 709 2064 fortasse
741 2018 880 2064 voluit
911 2034 989 2063 nos
1014 2018 1258 2076 intelligere
1289 2017 1410 2078 quod
1438 2018 1574 2075 dixit,
1604 2038 1622 2060 «
1650 2021 1783 2065 Inha-

393 2107 415 2132 »
450 2090 640 2134 bitabitis
656 2125 668 2146 ,
691 2108 710 2132 »
743 2099 794 2134 ut
817 2098 966 2148 gentes
994 2088 1286 2147 intelligamus
1308 2104 1458 2133 omnes
1480 2089 1675 2150 iniquos,
1700 2091 1782 2135 ha-

390 2161 596 2206 bitatores
626 2170 773 2206 autem
795 2161 910 2205 orbis
939 2175 1087 2204 omnes
1098 2160 1254 2219 justos.
1281 2159 1360 2203 Ille
1378 2159 1496 2203 enim
1514 2160 1683 2205 habitat
1705 2161 1784 2221 qui

391 2246 482 2276 non
503 2241 704 2276 tenetur:
730 2246 832 2275 nam
854 2230 931 2291 qui
952 2239 1126 2274 tenetur
1143 2265 1154 2285 ,
1192 2229 1416 2274 habitatur
1432 2265 1444 2286 ,
1481 2246 1571 2275 non
1592 2231 1777 2275 habitat.

392 2301 624 2355 Quomodo
652 2301 724 2346 ille
756 2300 949 2361 possidet
973 2315 1265 2362 quaecumque
1287 2300 1441 2355 babet,
1482 2300 1559 2360 qui
1579 2299 1782 2345 dominus

391 2382 456 2417 est
472 2388 617 2417 rerum
638 2388 814 2418 suarum
837 2392 845 2416 :
873 2371 1076 2416 dominus
1100 2380 1245 2415 autem
1268 2381 1358 2427 est,
1382 2371 1458 2431 qui
1481 2387 1570 2415 non
1587 2381 1651 2416 est
1672 2372 1780 2416 irre-

390 2445 495 2489 titus
517 2444 753 2504 cupiditate
775 2463 784 2489 :
816 2444 893 2505 qui
916 2453 1062 2489 autem
1086 2443 1325 2502 eupiditate
1348 2451 1537 2499 tenetur,
1562 2457 1779 2503 possessus

440 2535 449 2553 ¹
470 2528 581 2561 Mattl».
600 2539 644 2571 xi,
664 2529 718 2561 25.
