1841 3223
238 189 274 214 ,α’

341 197 393 230 fr.)
779 204 810 230 s.
850 205 1078 229 metsnm
1114 204 1291 229 isriseori

340 288 358 309 »
396 269 574 327 cimam,
609 278 651 311 ct
674 284 833 312 nomen
857 267 1028 311 Domini
1051 267 1303 311 invocabol.
1335 268 1486 323 »Ergo
1502 299 1513 319 ,
1537 265 1689 309 fratres
1704 299 1718 318 ,

333 339 464 381 simus
489 338 563 381 tilii
600 339 850 392 hominum,
884 347 927 381 et
954 353 1173 396 speremus
1211 336 1292 381 sub
1330 336 1517 395 tegmine
1555 334 1721 378 alarum

334 410 449 468 ejus,
485 418 526 451 et
550 409 816 451 inebriemur
844 408 898 451 ab
927 408 1126 454 ubertate
1159 408 1315 452 domus
1346 408 1452 467 ejus.
1490 405 1722 459 Quomodo

333 479 455 538 potui
480 477 588 531 dixi,
608 486 650 520 et
672 477 895 537 quomodo
919 494 1094 537 possum
1116 478 1244 523 video
1260 513 1270 532 ‚
1292 486 1335 521 ct
1356 475 1578 537 quomodo
1596 475 1722 520 video

333 548 475 593 (licere
498 563 587 592 non
612 564 800 607 possum.
834 569 854 591 «
883 549 1225 594 Inebriabuntur
1247 550 1301 593 ab
1339 549 1536 592 ubertate
1568 546 1723 591 domus

337 637 356 659 >›
394 628 506 662 tuae:
534 627 577 662 et
602 627 790 663 torrente
813 618 1048 679 voluptatis
1074 630 1157 664 tuae
1185 619 1354 679 potabis
1381 635 1466 662 cos.
1492 637 1512 659 »
1540 620 1724 661 Torrens

333 687 493 733 dicitur
515 705 626 749 aqua
648 691 825 734 veniens
847 706 946 734 cum
971 691 1153 749 impetu.
1178 693 1371 749 Impetus
1389 689 1471 732 erit
1486 687 1725 732 misericor-

333 760 416 803 diae
435 760 510 804 Dei
525 795 536 814 ⁷
563 759 616 803 ad
640 761 878 818 irrigandos
899 770 941 804 et
963 760 1242 804 inebriandos
1261 795 1271 813 ‚
1297 760 1372 819 qui
1398 758 1529 802 modo
1553 766 1726 817 ponunt

333 846 454 890 spem
470 831 551 874 sub
574 830 832 875 umbraculo
856 831 1022 875 alarum
1046 832 1151 891 ejus.
1180 829 1391 889 Voluptas
1414 828 1487 873 illa
1510 845 1610 889 quae
1631 830 1725 872 est?

335 901 466 952 Quasi
484 910 649 944 torrens
669 901 886 944 inebrians
903 900 1109 944 sitientes.
1127 899 1260 945 Modo
1276 915 1376 957 ergo
1390 900 1465 959 qui
1480 899 1582 950 sitit,
1604 913 1725 957 spem

334 980 469 1028 ponat
490 990 497 1014 :
530 971 605 1030 qui
628 971 742 1025 sitit,
768 971 928 1015 habeat
948 986 1092 1030 spem,
1117 970 1357 1014 inebriatus
1392 969 1575 1013 habebit
1604 984 1722 1026 rem3

332 1050 568 1102 antequam
592 1042 749 1085 habeat
771 1058 860 1086 rem
876 1077 886 1096 ,
924 1042 1041 1087 sitiat
1062 1043 1106 1085 in
1129 1057 1218 1101 spe.
1249 1061 1269 1083 «
1288 1041 1407 1085 Beati
1432 1040 1508 1100 qui
1531 1039 1727 1084 esuriunt

335 1129 356 1153 »
393 1120 436 1154 et
453 1111 834 1171 sitiuntjixstitiam
852 1147 863 1167 ‚
893 1112 1102 1173 quoniam
1118 1112 1197 1171 ipsi
1220 1111 1578 1155 saturabuntur2.
1608 1128 1627 1150 »

392 1183 489 1225 XV.
527 1183 623 1234 Quo
647 1197 750 1240 ergo
773 1180 895 1226 fonte
918 1182 1164 1239 irrigaberis
1181 1217 1192 1236 ,
1218 1190 1261 1225 et
1283 1180 1401 1225 unde
1423 1180 1559 1224 currit
1583 1189 1727 1224 tantus

336 1261 503 1296 torrens
534 1252 768 1311 voluptatis
800 1253 891 1312 ejus
907 1257 924 1296 ἰ’
957 1253 1205 1305 «Quoniam
1238 1251 1293 1295 ad
1328 1261 1390 1307 te,
1426 1251 1593 1310 inquit,
1628 1251 1728 1296 fons

337 1341 360 1364 >›
395 1322 510 1366 vitae.
533 1341 552 1364 »
585 1322 690 1376 Quis
710 1331 774 1367 est
790 1323 887 1367 fons
903 1324 1025 1378 vitae,
1049 1324 1129 1368 nisi
1151 1323 1376 1368 Christus?
1399 1322 1529 1366 Venit
1543 1321 1598 1365 ad
1621 1331 1660 1365 te
1682 1321 1727 1365 in

335 1408 464 1438 carne
481 1428 491 1448 ‚
517 1403 566 1438 ut
593 1393 796 1438 irroraret
815 1393 960 1438 fauces
989 1403 1082 1438 tuas
1111 1394 1327 1451 sitientes3
1359 1392 1533 1437 satiabit
1554 1407 1729 1451 speran-

336 1473 446 1518 tem,
468 1464 545 1524 qui
562 1464 761 1508 irroravit
773 1465 1003 1507 sitientem.
1029 1484 1046 1505 «
1065 1464 1279 1517 Quoniam
1300 1463 1418 1522 apud
1438 1471 1476 1507 te
1490 1462 1588 1507 fons
1609 1462 1722 1518 vitae,

339 1552 359 1575 >›
395 1533 440 1577 in
462 1532 628 1577 lumine
652 1543 728 1577 tuo
746 1533 992 1578 videbimus
1006 1533 1198 1576 lumenb'.
1229 1551 1247 1573 »
1277 1534 1355 1576 Hic
1381 1531 1499 1576 aliud
1516 1541 1580 1576 est
1601 1531 1697 1576 fons
1713 1567 1724 1587 ‚

337 1604 457 1649 aliud
478 1603 653 1649 lumen:
677 1605 736 1648 ibi
759 1605 939 1650 nonita.
966 1604 1095 1657 Quod
1113 1605 1228 1648 enim
1253 1613 1315 1648 est
1343 1604 1441 1647 fons
1459 1638 1469 1658 ⁷
1495 1604 1580 1647 hoc
1605 1612 1730 1648 estet

336 1675 489 1719 lumen
516 1694 523 1718 :
553 1684 596 1718 et
619 1674 837 1735 quidquid
859 1675 945 1729 vis,
972 1673 1082 1717 illud
1103 1689 1254 1729 vocas,
1282 1673 1384 1734 quia
1406 1689 1496 1717 non
1524 1683 1587 1717 est
1608 1673 1730 1734 quod

337 1760 463 1791 vocas
480 1767 491 1802 3
512 1744 613 1804 quia
632 1760 720 1788 non
737 1754 858 1804 potes
875 1759 1118 1802 congruum
1139 1759 1300 1788 nomen
1316 1744 1510 1787 invenire
1525 1779 1535 1799 ‚
1557 1760 1647 1788 non
1669 1760 1729 1789 re-

338 1824 485 1859 manet
500 1817 545 1858 in
567 1830 656 1859 uno
675 1815 866 1859 nomine.
897 1815 938 1859 Si
961 1814 1146 1869 diceres,
1177 1814 1278 1873 quia
1303 1813 1454 1857 lumen
1475 1823 1539 1858 est
1561 1814 1725 1869 solum,

339 1886 558 1930 diceretur
583 1885 659 1928 tibi
683 1904 691 1928 ε
723 1885 823 1929 Sine
845 1900 971 1929 causa
993 1899 1094 1942 ergo
1126 1884 1232 1927 mihi
1254 1883 1420 1928 dictum
1443 1894 1507 1928 est
1522 1920 1532 1939 ,
1559 1894 1607 1928 ut
1629 1900 1730 1929 esu-

337 1958 445 2002 riam
471 1966 513 2001 et
529 1957 667 2000 sitiam
687 1975 694 2000 ε
716 1956 812 2016 quis
829 1956 944 1999 enim
963 1964 1048 2010 est,
1069 1956 1145 2015 qui
1163 1955 1397 2000 manducet
1415 1955 1593 2000 lumen?
1614 1955 1730 2000 lllud

340 2027 469 2087 plane
492 2036 607 2070 recte
632 2026 738 2069 mihi
758 2026 924 2069 dictum
950 2035 1014 2069 est
1040 2045 1048 2069 ε
1079 2026 1237 2069 «Beati
1262 2026 1414 2071 mundi
1431 2025 1586 2075 corde,
1615 2042 1729 2086 quo-

343 2116 362 2138 »
399 2097 517 2140 niam
533 2096 614 2155 ipsi
629 2099 767 2139 Deum
783 2095 1021 2139 videbunt*
1050 2115 1058 2140 ;
1079 2113 1099 2135 ³>
1120 2096 1154 2138 si
1176 2095 1326 2139 lumen
1349 2105 1428 2150 est,
1449 2095 1596 2140 oculos
1612 2112 1730 2141 meos

340 2183 503 2228 parem.
524 2171 630 2212 Para
653 2176 696 2211 et
716 2167 861 2211 fauces
890 2186 898 2211 ι
920 2167 1020 2227 quia
1038 2166 1148 2209 illud
1170 2166 1289 2226 quod
1305 2166 1456 2211 lumen
1474 2177 1552 2220 est,
1570 2177 1613 2211 et
1635 2167 1730 2212 fons

341 2248 404 2282 cst
439 2258 448 2283 ε
482 2237 607 2293 fons,
644 2238 745 2297 quia
776 2238 900 2281 satiat
928 2237 1140 2293 sitientes3
1175 2236 1349 2292 lumen,
1384 2237 1484 2296 quia
1513 2236 1730 2282 illuminat

343 2324 494 2352 caecos.
526 2308 607 2352 Hic
636 2306 873 2368 aliquando
893 2307 997 2351 alibi
1018 2307 1189 2361 lumen,
1214 2306 1319 2350 alibi
1339 2308 1453 2351 fons.
1480 2306 1729 2368 Aliquando

341 2379 458 2423 enim
472 2388 655 2423 currunt
672 2377 814 2422 fontes
836 2388 879 2422 et
895 2379 939 2422 in
958 2377 1146 2422 tenebris
1168 2397 1176 2422 :
1199 2387 1242 2421 et
1261 2377 1496 2438 aliquando
1517 2378 1561 2421 in
1584 2395 1728 2424 eremo

342 2449 498 2509 pateris
520 2449 654 2493 solem
670 2484 681 2504 ,
708 2464 797 2493 non
819 2448 985 2492 invenis
1011 2446 1173 2492 sontem
1199 2467 1206 2492 :
1231 2448 1302 2492 hic
1323 2463 1426 2507 ergo
1450 2458 1628 2507 possunt
1648 2449 1727 2495 ista

394 2541 402 2556 ⁴
423 2533 499 2565 vral.
513 2544 584 2573 cxv,
610 2544 660 2564 12.
682 2532 729 2565 13.
743 2540 805 2555 -2
821 2532 939 2564 Manli.
957 2544 989 2572 v,
1003 2532 1035 2564 6.
1051 2547 1090 2554 -
1109 2530 1208 2563 31ἐίι1.
1234 2543 1331 2573 xxxv,
1355 2543 1404 2565 10.
1423 2530 1620 2564 —4tt1atth.
1644 2544 1673 2573 v,
1693 2533 1723 2565 8.
