1841 3223
401 222 485 260 380
822 232 857 257 s.
893 229 1124 258 Aucusrtut
1156 230 1339 257 Emscom

402 298 629 358 iniquitate
647 294 886 355 acquisisti3
907 304 981 339 aut
998 294 1174 340 fortasse
1188 310 1235 339 ea
1250 296 1339 355 ipsa
1361 302 1425 338 est
1442 292 1671 353 iniquitas,
1688 294 1793 354 quia

405 378 451 412 tu
474 367 606 411 habes
631 374 673 409 et
691 365 799 410 alter
817 382 905 410 non
929 367 1087 424 habet3
1110 376 1158 410 tu
1182 365 1376 410 abundas
1400 372 1442 408 et
1463 362 1572 408 alter
1593 373 1706 423 eget.
1734 367 1795 408 De

402 440 481 482 ista
510 452 756 481 mammona
779 437 1039 497 iniquitatis,
1065 436 1120 481 de
1142 437 1301 482 divitiis
1320 436 1409 480 istis
1429 451 1536 496 quas
1558 435 1695 495 iniqui
1717 451 1796 480 vo-

403 517 504 553 cant
521 506 716 561 divitias,
742 506 809 551 fae
835 508 914 551 tibi
943 508 1123 562 amicos,
1150 516 1193 551 et
1217 506 1409 566 prudens
1429 505 1510 549 eris
1537 525 1546 550 ;
1572 520 1796 565 comparas

404 578 538 633 til›i‚n
560 593 616 621 on
634 575 861 621 fraudaris.
890 577 1023 621 Modo
1045 578 1160 621 enim
1184 576 1340 621 videris
1357 576 1551 636 perdere.
1571 575 1798 636 Numquid

403 647 557 709 perdes
572 648 613 691 in
632 648 904 692 thesaurario
917 664 1083 708 ponens
1095 650 1112 691 P
1123 650 1230 692 Nam
1243 647 1382 707 pueri,
1399 646 1565 702 fratres,
1584 646 1701 690 unde
1714 646 1798 691 sibi

406 727 553 762 emant
578 718 722 762 nescio
756 717 885 778 quid,
912 717 1041 761 simul
1065 718 1292 761 inveniunt
1315 732 1538 772 nummos,
1564 726 1607 760 et
1627 726 1800 777 ponunt

404 789 450 833 in
474 788 756 842 thesaurario,
783 797 825 831 et
843 804 931 831 non
947 788 1148 847 aperiunt
1171 788 1249 831 nisi
1272 797 1414 844 postea
1434 808 1444 844 3
1469 787 1685 847 numquid
1699 787 1801 847 quia

406 874 494 903 non
512 858 662 903 vident
680 857 801 918 quod
817 857 1046 915 colligunt,
1062 856 1162 902 ideo
1178 857 1490 917 perdiderunt?
1504 856 1601 901 Noli
1618 857 1770 900 timere
1788 876 1796 901 :

406 937 578 989 ponunt
609 928 733 987 pueri
767 929 812 972 in
836 928 1100 972 thesaurario
1117 963 1127 983 ,
1155 937 1197 971 et
1219 928 1357 971 securi
1386 936 1514 985 sunt3
1540 927 1664 987 ponis
1689 935 1734 970 tu
1756 926 1800 970 in

406 1015 541 1043 manu
563 999 749 1054 Christi,
777 1008 819 1042 et
843 999 991 1043 times?
1015 1001 1120 1043 Esto
1137 998 1329 1058 prudens
1347 1033 1357 1053 ‚
1379 1007 1422 1042 et
1443 998 1640 1057 prospice
1665 997 1739 1041 tibi
1757 998 1802 1041 in

407 1079 630 1130 posterum
653 1069 698 1113 in
721 1068 852 1113 coelo.
879 1071 984 1113 Esto
1002 1084 1104 1128 ergo
1122 1069 1338 1128 prudens,
1363 1068 1534 1112 imitare
1556 1067 1799 1123 formicam,

407 1142 518 1185 sicut
556 1140 660 1185 dicit
700 1140 921 1200 Scriptura
941 1142 950 1165 ¹
972 1161 982 1197 ς
1020 1140 1210 1184 reconde
1257 1148 1426 1194 aestate,
1471 1154 1526 1182 ne
1562 1138 1721 1183 esurias
1757 1138 1802 1182 in

410 1212 565 1269 hyeme
606 1230 614 1256 :
652 1211 805 1268 hyems
839 1219 902 1254 est
929 1209 1019 1254 dies
1050 1210 1310 1254 novissimus
1327 1244 1337 1264 ‚
1364 1208 1454 1253 dies
1478 1208 1769 1252 tribulationis
1788 1243 1799 1262 ,

410 1282 562 1339 hyems
585 1290 648 1325 est
670 1281 761 1325 dies
779 1279 1083 1325 scandalorum
1101 1289 1144 1324 et
1162 1278 1459 1324 amaritudinis
1483 1299 1491 1324 ς
1513 1278 1668 1337 collige
1683 1277 1804 1338 quod

410 1351 469 1395 ibi
489 1351 567 1395 tibi
590 1351 644 1396 sit
662 1351 705 1395 in
728 1360 976 1411 posterum3
1000 1352 1034 1394 si
1057 1359 1311 1395 autemnon
1335 1349 1436 1394 facis
1457 1384 1467 1405 ‚
1493 1347 1619 1393 simul
1641 1348 1804 1409 impru-

411 1422 519 1466 dens
542 1431 585 1465 et
606 1422 811 1481 insipiens
833 1421 1009 1481 peribis.

468 1495 596 1536 Xlll.
634 1491 717 1537 Sed
743 1501 940 1537 mortuus
969 1501 1032 1539 est
1049 1491 1121 1536 ille
1142 1491 1260 1536 dives
1281 1512 1292 1550 3
1311 1500 1354 1535 et
1376 1489 1461 1535 tale
1480 1489 1543 1534 illi
1563 1488 1695 1535 funus
1717 1489 1804 1534 fac-

411 1573 507 1608 tum
529 1571 606 1607 cst.
633 1565 746 1607 Ecce
767 1579 856 1623 quo
883 1579 926 1607 se
954 1571 1265 1607 converterunt
1290 1562 1487 1607 homines
1514 1581 1522 1606 :
1548 1576 1636 1605 non
1660 1570 1804 1605 atten-

411 1634 524 1678 dunt
546 1648 678 1693 quam
696 1631 856 1677 malam
879 1634 1012 1677 vitam
1026 1633 1231 1677 habuerit
1253 1649 1353 1677 cum
1370 1632 1549 1685 viveret,
1574 1630 1650 1675 sed
1671 1646 1804 1691 quam

411 1717 618 1764 pompam
649 1719 751 1748 cum
780 1712 1037 1748 moreretur.
1064 1706 1101 1747 Ο
1124 1702 1226 1746 felix
1259 1717 1391 1763 quem
1417 1702 1524 1746 tanti
1560 1701 1800 1761 plangunt!

412 1777 496 1820 Iste
527 1790 630 1819 vero
652 1774 710 1818 sic
733 1774 838 1818 vixit
859 1782 908 1817 ut
931 1773 1057 1834 pauci
1080 1772 1306 1833 plangant.
1333 1773 1494 1816 Omnes
1522 1772 1638 1815 enim
1667 1771 1805 1815 debe-

413 1856 510 1890 rent
532 1846 738 1906 plangere
761 1855 849 1889 tam
868 1845 980 1889 male
997 1845 1230 1889 viventem.
1255 1842 1339 1888 Sed
1361 1858 1518 1902 pompa
1535 1850 1599 1885 est
1620 1843 1802 1898 funeris,

412 1917 625 1976 excipitur
646 1914 846 1975 sepulcro
865 1915 1053 1974 pretioso
1069 1950 1080 1969 ,
1106 1912 1342 1958 involvitur
1363 1912 1558 1972 pretiosis
1577 1912 1769 1956 vestibus
1789 1948 1801 1968 ,

413 1987 620 2046 sepelitur
643 1985 878 2044 unguentis
897 1994 939 2031 et
957 1984 1174 2028 aromatis.
1187 1983 1352 2027 Deinde
1362 1982 1613 2027 memoriam
1628 1981 1805 2042 qualem

413 2057 567 2101 habet!
594 2072 727 2116 quam
750 2055 1078 2099 marmoratam!
1107 2054 1275 2098 Vivitur
1298 2054 1341 2097 in
1360 2054 1448 2113 ipsa
1473 2054 1708 2096 memoria?
1725 2052 1804 2097 Ille

413 2127 474 2171 ibi
503 2137 700 2171 mortuus
728 2135 805 2170 est.
836 2129 917 2169 Ista
948 2133 1151 2184 putantes
1181 2124 1380 2169 homines
1405 2123 1542 2178 bona,
1574 2123 1804 2167 aberrave-

414 2207 518 2244 runt
540 2215 563 2242 a
587 2201 701 2253 Deo,
728 2213 807 2242 nee
829 2197 1093 2257 quaesierunt
1116 2212 1215 2240 vera
1237 2231 1247 2251 ‚
1273 2205 1315 2239 et
1338 2195 1508 2254 decepti
1529 2203 1631 2238 sunt
1649 2193 1763 2238 falsis
1791 2214 1800 2240 :

416 2269 524 2314 adeo
552 2269 649 2313 vide
671 2269 780 2330 quid
809 2268 1019 2328 sequitur.
1050 2266 1128 2311 llle
1151 2267 1227 2327 qui
1253 2282 1341 2310 non
1370 2265 1492 2309 dedit
1513 2264 1701 2324 pretium
1734 2280 1803 2309 re-

416 2340 679 2400 demptionis
702 2339 856 2384 animae
874 2355 983 2393 suae,
1005 2338 1183 2398 quinon
1202 2336 1412 2381 intellexit
1431 2335 1654 2379 interitum
1671 2370 1681 2390 ,
1703 2336 1804 2396 quia

416 2410 527 2454 vidit
559 2411 771 2470 sapientes
805 2410 1066 2462 morientes,
1111 2406 1249 2452 factus
1280 2415 1344 2450 est
1376 2404 1630 2465 imprudens
1661 2414 1704 2449 et
1735 2406 1803 2449 in·-

417 2482 589 2541 sipiens,
610 2491 659 2526 ut
680 2480 809 2525 simul
830 2481 1005 2541 periret.
1027 2483 1083 2525 Et
1104 2478 1328 2539 quomodo
1350 2477 1556 2537 peribunt
1576 2477 1652 2537 qui
1679 2496 1698 2518 «
1717 2479 1804 2519 Re-

467 2565 704 2608 ¹P1·ov.v1‚6‚
726 2569 757 2597 et
772 2576 847 2606 xxx,
864 2566 917 2597 25.
