1841 3223
418 222 658 254 ENAnnAno
691 227 733 253 111
767 223 969 253 PsALMUM
1001 227 1118 253 xtvr.
1360 214 1444 253 337

64 286 205 331 {hctus
220 295 283 331 est
301 287 517 332 terribilis.
541 308 561 331 «
576 293 668 333 Rex
679 305 863 349 magnus
879 305 1008 349 super
1021 303 1196 334 omnem
1211 297 1367 334 terram
1383 291 1392 315 ¹
1405 307 1442 332 .»

63 359 160 402 Non
188 367 358 402 tantum
383 373 513 417 super
533 362 557 402 J
563 359 708 404 udaeos
734 379 743 404 t
769 376 868 404 nam
897 370 940 404 et
960 375 1090 420 super
1110 358 1205 403 illos
1227 374 1315 403 rex.
1339 358 1447 403 Inde

64 427 178 471 enim
199 436 243 471 et
263 427 461 487 Apostoli
482 426 784 484 erediderunt,
804 428 906 472 inde
928 438 971 473 et
994 428 1132 473 multa
1152 427 1287 473 millia
1306 427 1449 473 homi-

64 512 172 542 num
194 513 260 542 res
280 513 376 542 suas
402 497 723 554 vendiderunt,
755 508 799 542 et
821 499 957 559 pretia
980 499 1035 543 ad
1061 498 1192 559 pedes
1213 499 1448 559 Apostolo-

66 583 164 613 rum
185 571 448 629 posuerunt²
482 588 491 614 ε
524 578 566 613 et
592 568 822 629 impletum
851 579 913 613 est
939 570 983 613 in
1014 568 1118 623 illis⁷
1145 570 1267 630 quod
1294 570 1450 614 eratin

66 638 195 683 titulo
228 638 366 684 crucis
397 639 692 699 conscriptum
720 658 729 682 ε
763 641 887 683 «Rex
912 642 935 683 J
942 638 1208 683 udaeorumss.
1229 658 1249 680 >›
1276 643 1367 684 Rex
1388 650 1452 685 est

67 707 182 752 enim
206 717 250 753 et
272 708 543 753 Judaeorum.
574 709 765 753 «Omnes
796 718 942 766 gentes
972 708 1168 768 plaudite
1197 710 1399 754 manibus
1440 730 1448 755 :

70 797 91 821 »
125 779 333 840 quoniam
354 795 427 824 rex
449 779 588 824 omnis
610 789 734 824 terrae
756 783 886 824 Deus.
912 798 932 821 ³>
958 783 1054 825 Non
1077 780 1194 824 enim
1217 779 1277 823 illi
1293 782 1453 826 sufficit

0 889 6 894 .
67 866 200 895 unam
224 859 396 909 gentem
418 850 581 895 habere
603 851 684 895 sub
706 866 751 895 se
777 870 785 895 z
805 849 903 895 ideo
925 860 1097 895 tantum
1119 852 1307 911 pretium
1326 867 1375 896 ex
1393 852 1453 897 la-

68 930 159 966 tere
180 920 322 977 dedit,
349 931 398 966 ut
417 930 579 966 emeret
605 922 754 966 orbem
776 931 1003 966 terrarum.
1029 925 1151 966 «Rex
1177 937 1355 981 magnus
1380 939 1453 967 su-

70 1010 91 1034 »
125 1007 204 1052 per
224 1007 399 1037 omnem
422 1000 597 1036 terram.
624 1013 641 1033 »

127 1064 181 1107 V.
221 1081 238 1102 «
259 1062 452 1123 Subjecit
472 1062 621 1123 plebes
638 1063 783 1117 nobis,
809 1072 853 1107 et
876 1073 1024 1122 gentes
1045 1063 1125 1107 sub
1147 1062 1332 1123 pedibus
1346 1080 1452 1120 ‚nos-

72 1151 93 1174 »
127 1132 203 1176 tris
220 1133 252 1176 ⁴.
278 1153 296 1174 »
322 1135 438 1185 Quas
458 1133 662 1193 subjecit,
684 1143 727 1177 et
747 1133 930 1193 quibus?
952 1134 1033 1186 Qui
1055 1142 1157 1177 sunt
1177 1134 1253 1194 qui
1266 1133 1455 1194 loquun-

71 1204 171 1247 tur?
194 1206 323 1247 Forte
345 1203 514 1246 Judaei?
535 1202 668 1246 Plane
689 1204 722 1247 si
745 1203 966 1263 Apostoli,
998 1202 1126 1262 plane
1145 1204 1179 1247 si
1201 1205 1352 1248 sancti.
1379 1205 1454 1249 His

71 1273 188 1317 enim
208 1275 322 1317 Deus
342 1272 526 1332 subjecit
542 1273 690 1332 plebes
717 1282 758 1317 et
782 1282 950 1331 gentes,
972 1282 1022 1317 ut
1038 1273 1168 1317 hodie
1184 1274 1456 1319 honorentur

71 1343 118 1387 in
144 1343 344 1402 gentibus
360 1378 371 1398 ⁷
407 1343 483 1403 qui
515 1359 539 1387 a
565 1343 650 1387 suis
673 1342 838 1387 civibus
866 1342 1004 1387 occidi
1027 1353 1282 1388 meruerunt
1306 1364 1314 1389 ;
1340 1361 1453 1404 quo-

71 1411 203 1458 modo
220 1413 428 1457 Dominus
451 1428 602 1457 eorum
623 1413 786 1457 occisus
803 1422 866 1457 est
888 1429 911 1457 a
933 1413 1099 1457 civibus
1114 1449 1124 1468 ‚
1156 1424 1199 1458 et
1215 1406 1457 1459 honoratur

72 1499 96 1527 a
117 1483 346 1542 gentibus,
386 1483 615 1527 crucifixus
651 1499 675 1527 a
702 1483 813 1538 suis,
851 1483 1056 1527 adoratur
1093 1485 1146 1528 ab
1179 1484 1347 1540 alienis,
1380 1485 1456 1530 sed

71 1553 209 1613 pretio
231 1553 354 1597 factis
374 1553 475 1598 suis.
498 1553 602 1598 Ideo
625 1553 740 1597 enim
764 1554 868 1597 emit
889 1569 982 1609 nos,
1003 1563 1054 1598 ut
1071 1554 1198 1598 alieni
1221 1555 1276 1598 ab
1297 1570 1347 1599 eo
1366 1572 1456 1600 non

71 1639 273 1668 essemus.
303 1625 434 1668 Putas
458 1638 559 1681 ergo
581 1639 706 1668 voces
734 1640 823 1668 esse
844 1624 1153 1684 Apostolorum
1185 1644 1194 1669 ε
1225 1644 1241 1665 «
1262 1626 1459 1686 Suhjecit

77 1715 94 1736 »
128 1694 276 1754 plebes
299 1695 423 1739 nobis
439 1730 450 1750 ‚
487 1704 530 1738 et
554 1704 702 1754 gentes
723 1695 804 1739 sub
829 1695 1014 1754 pedibus
1034 1696 1215 1740 nostris?
1242 1717 1259 1737 »
1284 1698 1452 1743 Nescio.

41 1822 43 1824 ι
71 1765 232 1810 Mirum
251 1766 284 1810 si
306 1765 503 1825 Apostoli
526 1774 614 1809 tam
631 1765 817 1825 superbe
834 1765 1134 1826 loquerentur,
1154 1776 1204 1810 ut
1217 1768 1456 1825 gauderent

74 1844 222 1894 gentes
246 1850 334 1879 esse
359 1835 518 1894 positas
538 1835 619 1879 sub
644 1835 828 1894 pedibus
860 1836 967 1890 suis,
993 1835 1039 1880 id
1071 1846 1159 1892 est,
1191 1838 1459 1883 Christianos

73 1905 154 1949 sub
169 1905 352 1965 pedibus
371 1904 694 1964 Apostolorum.
717 1904 889 1949 Etenim
912 1905 1104 1964 gaudent
1116 1922 1193 1951 nos
1206 1922 1353 1951 secum
1370 1923 1460 1952 esse.

73 1975 154 2019 sub
184 1974 368 2035 pedibus
399 1974 513 2019 illius
549 1974 625 2034 qui
650 1983 846 2019 mortuus
874 1984 937 2019 est
965 1991 1043 2034 pro
1071 1976 1211 2021 nobis.
1238 1979 1347 2022 Nam
1376 1979 1459 2022 sub

73 2045 205 2104 pedes
233 2044 357 2090 Pauli
380 2045 641 2100 currebant,
667 2045 742 2104 qui
765 2045 971 2090 volebant
992 2062 1082 2090 esse
1104 2046 1252 2104 Pauli3
1280 2057 1324 2092 et
1344 2046 1460 2093 diee-

75 2115 150 2160 bat
178 2115 237 2159 eis
269 2134 279 2159 :
316 2115 572 2175 «Numquid
596 2114 755 2164 Paulus
783 2131 861 2175 pro
890 2115 1012 2160 vobis
1041 2117 1271 2161 crucifixus
1292 2122 1411 2163 est⁵P
1438 2140 1457 2161 »

76 2184 192 2239 Quid
220 2200 320 2243 ergo
349 2186 446 2229 hic?
474 2184 581 2246 quid
604 2186 821 2244 accepturi
858 2187 1033 2229 sumus?
1060 2205 1080 2228 «
1100 2186 1292 2247 Suhjecit
1312 2189 1464 2247 plebes

81 2274 100 2296 »
134 2255 282 2310 nobis,
316 2264 360 2300 et
382 2263 530 2313 gentes
559 2254 641 2298 sub
665 2255 851 2314 pedibus
879 2256 1048 2300 nostris.
1079 2276 1096 2297 »
1131 2258 1293 2300 Omnes
1326 2260 1461 2317 perti-

77 2333 228 2369 nentes
245 2323 300 2368 ad
320 2324 622 2369 haereditatem
646 2324 806 2369 Christi
827 2325 872 2368 in
895 2325 1096 2369 omnibus
1116 2326 1317 2384 gentibus
1336 2339 1459 2385 sunt,

78 2403 121 2439 et
143 2410 292 2440 omnes
306 2410 394 2439 non
412 2395 676 2454 pertinentes
696 2393 751 2439 ad
763 2395 1063 2439 haereditatem
1076 2395 1236 2440 Christi
1252 2398 1298 2440 in
1316 2400 1461 2444 omni-

127 2498 136 2514 ¹
158 2491 236 2524 Psal.
259 2491 389 2534 xtv1,3.
405 2508 447 2514 —-
462 2497 475 2514 ²
495 2493 565 2524 Act.
587 2502 633 2533 ιν,
651 2490 703 2533 34.
725 2508 765 2514 —
781 2490 792 2514 3
806 2492 920 2524 Mauh.
945 2502 1042 2533 xxvn,
1067 2492 1118 2534 37.
1140 2509 1180 2515 —
1197 2491 1302 2525 4Psal.
1323 2497 1459 2539 xtv1‚4.

81 2563 122 2570 -
141 2545 155 2570 5
184 2559 195 2579 1
211 2550 283 2581 Cor.
304 2558 328 2588 1,
352 2547 402 2578 13.

265 2610 372 2641 cxv.
508 2580 511 2587 Α
1224 2606 1274 2642 22
