1841 3223
373 268 615 297 ENAnnATm
647 270 693 297 m
723 268 926 297 PSALMUM
957 269 1099 296 xxxix,
1332 259 1415 297 199

31 343 76 379 et
110 335 201 395 ipse
233 333 336 379 fecit
355 334 626 379 voluntatem
661 335 814 378 Patris.
844 334 927 379 Sed
953 335 999 378 in
1022 350 1110 394 quo
1137 333 1277 394 capite
1294 328 1415 378 Libri
1469 360 1473 363 κ

29 405 241 465 scriptum
271 413 336 450 est
357 404 412 448 de
433 404 540 448 illo?
562 407 759 449 Fortasse
787 404 833 448 in
857 405 995 464 capite
1017 404 1118 449 libri
1141 406 1272 466 hujus
1294 405 1417 449 Psal-

28 491 216 521 morum.
242 475 355 529 Quid
376 475 492 519 enim
506 474 634 533 longe
650 484 849 535 petamus
866 510 877 530 ,
898 484 973 518 aut
988 475 1092 520 alios
1114 472 1248 520 libros
1267 475 1419 537 inqui-

28 549 200 591 ramus?
231 549 340 590 Ecce
362 545 409 589 in
440 545 581 605 capite
610 545 710 589 libri
740 545 871 605 hujus
906 545 1176 590 Psalmorum
1209 545 1417 607 scriptum

26 625 90 662 est
128 636 137 662 :
177 619 369 660 «Beatus
390 616 456 659 vir
487 615 562 677 qui
583 631 674 660 non
694 615 801 660 abiit
821 616 867 659 in
890 615 1073 661 consilio
1092 616 1351 676 impiorum,
1377 627 1422 662 et

29 705 51 729 ῃ
84 687 130 731 in
145 687 214 731 via
234 691 514 746 peccatorum
536 702 626 730 non
646 687 789 741 stetit3
814 695 858 730 et
876 687 922 730 in
935 685 1138 730 cathedra
1153 687 1422 745 pestilentia-

32 778 51 801 »
86 772 185 802 rum
203 772 294 802 non
315 755 446 812 sedit,
467 756 543 801 sed
559 757 605 801 in
627 756 724 817 lege
744 757 920 802 Domini
937 756 1139 802 voluntas
1151 757 1244 817 ejus
1262 756 1346 802 fuit
1365 777 1374 803 ε
1399 777 1418 800 »

27 828 112 872 hoc
121 836 210 889 est:
236 846 256 870 «
266 830 382 871 Deus
399 825 520 871 volui
531 861 542 880 ‚
558 836 601 871 et
612 826 754 886 legem
769 836 888 871 tuam
902 827 948 871 in
961 826 1106 872 medio
1119 827 1260 872 cordis
1273 828 1381 872 mei:
1400 847 1419 869 »

26 899 112 944 hoc
132 907 196 943 est
221 917 230 943 :
255 915 272 938 «
291 900 350 942 Et
370 897 416 941 iri
436 896 533 957 lege
557 899 650 958 ejus
670 896 954 942 meditabitur
973 897 1044 941 die
1067 913 1115 942 ac
1137 899 1330 942 nocte¹.»

86 970 184 1013 XV.
205 970 354 1012 «Bene
365 967 563 1012 nuntiavi
571 967 784 1028 justitiam
796 977 916 1012 tuam
929 968 975 1012 in
983 968 1175 1013 Ecclesia
1189 971 1388 1027 magna2.
1398 986 1420 1010 n

28 1039 280 1100 Alloquitur
300 1039 497 1083 membra
523 1054 600 1083 sua
616 1074 627 1094 ‚
661 1039 862 1083 hortatur
885 1038 1006 1100 quod
1034 1038 1137 1084 fecit
1165 1048 1216 1084 ut
1244 1039 1420 1084 faciant.

29 1110 319 1157 Annuntiavit
335 1145 346 1166 ‚
394 1110 703 1154 annuntiemus
723 1130 733 1167 3
766 1125 916 1170 passus
957 1120 1042 1166 est,
1081 1111 1424 1171 compatiamur3

31 1181 296 1242 glorificatus
313 1191 392 1237 est,
419 1181 859 1239 conglorificabimur.
892 1182 1194 1226 «Annuntiavi
1212 1182 1424 1242 justitiam

32 1271 55 1294 ³)
89 1262 208 1297 tuam
230 1252 276 1296 in
294 1247 486 1296 Ecclesia
507 1267 679 1310 magna.
696 1272 713 1293 »
732 1256 869 1305 Quam
889 1254 1072 1310 magna?
1091 1256 1200 1297 Toto
1214 1253 1319 1297 orbe
1337 1262 1426 1297 ter-

30 1326 194 1367 rarum.
221 1326 359 1375 Quam
380 1323 564 1381 magna?
581 1324 633 1366 In
654 1322 855 1366 omnibus
874 1322 1091 1381 gentibus.
1109 1327 1249 1376 Quare
1271 1323 1316 1366 in
1335 1339 1426 1368 om-

31 1395 160 1439 nibus
184 1394 414 1453 gentibus?
441 1393 549 1447 Quia
577 1409 725 1438 semen
755 1402 819 1438 est
841 1394 1029 1439 Abrahae
1046 1430 1056 1450 ,
1096 1395 1141 1438 in
1170 1411 1259 1455 quo
1288 1395 1425 1438 bene-

31 1464 233 1510 dicentur
263 1480 413 1511 omnes
446 1475 594 1525 gentes
615 1467 648 1510 3.
686 1471 827 1519 Quare
870 1467 915 1511 in
958 1467 1162 1512 omnibus
1200 1467 1428 1525 gentibus?

35 1554 57 1578 «
89 1535 196 1589 Quia
210 1536 254 1579 in
272 1551 447 1580 omnem
462 1545 621 1581 terram
644 1537 773 1581 exivit
794 1553 925 1581 sonus
944 1552 1094 1580 eorum
1106 1540 1136 1581 4.
1160 1540 1212 1581 In
1233 1537 1427 1582 Ecclesia

33 1624 55 1648 »
90 1620 262 1664 magna.
302 1605 416 1651 Ecce
447 1606 563 1651 labia
590 1622 687 1651 mea
716 1621 806 1651 non
833 1607 1111 1666 prohibebo,
1147 1609 1352 1664 Domine,
1379 1618 1427 1652 tu

34 1696 55 1720 »
91 1677 347 1736 cognovisti.
376 1695 396 1719 »
422 1678 558 1722 Labia
579 1693 677 1721 mea
701 1677 962 1738 loquuntur,
999 1694 1089 1723 non
1111 1694 1159 1723 ea
1181 1679 1427 1739 prohibebo

31 1746 168 1808 loqui.
201 1749 366 1792 Sonant
387 1747 566 1807 quidem
585 1746 700 1791 labia
721 1763 818 1791 mea
840 1747 894 1792 ad
918 1763 1041 1792 aures
1064 1749 1294 1793 hominum
1310 1784 1321 1804 ,
1353 1749 1428 1793 sed

32 1828 82 1863 tu
116 1817 354 1877 cognovisti
388 1833 463 1862 cor
493 1833 657 1862 meum.
694 1818 859 1862 «Labia
900 1834 995 1863 mea
1025 1835 1115 1864 non
1155 1820 1425 1879 prohibebo,

37 1907 58 1932 »
91 1888 278 1934 Domine
293 1923 304 1944 ‚
349 1897 399 1932 tu
439 1888 692 1947 cognovisti.
720 1908 737 1929 ›)
779 1888 913 1933 Aliud
945 1889 1068 1933 audit
1105 1891 1266 1946 homo,
1307 1889 1428 1934 aliud

35 1959 229 2018 agnoscit
245 1961 374 2003 Deus.
394 1961 458 2004 Ne
473 1959 519 2003 in
538 1957 663 2003 labiis
681 1958 781 2003 solis
799 1969 909 2003 esset
931 1961 1223 2016 annuntiatio,
1249 1969 1292 2005 et
1310 1960 1427 2005 dice-

35 2039 155 2075 retur
175 2029 230 2073 de
259 2029 384 2074 nobis
411 2049 420 2073 :
451 2033 590 2083 «Quae
612 2028 767 2074 dicunt
798 2029 949 2085 vobis,
978 2029 1130 2085 facite,
1161 2048 1260 2092 quae
1283 2041 1427 2076 autem

38 2118 60 2143 »
95 2099 289 2155 faciunt,
321 2098 462 2143 facere
495 2099 681 2144 nolite⁵z
704 2119 725 2141 »
766 2109 842 2144 aut
878 2101 974 2160 ipsi¹
996 2101 1189 2160 populo,
1229 2101 1429 2146 laudanti

4 2206 16 2218 x
36 2173 177 2215 Deum
191 2185 280 2225 ore,
300 2185 393 2214 non
406 2169 536 2214 corde
553 2205 564 2225 ‚
590 2170 808 2214 diceretur
833 2190 842 2214 :
872 2189 892 2212 «
909 2170 1101 2231 Populus
1123 2172 1193 2216 hic
1210 2172 1335 2216 labiis
1359 2188 1428 2217 me

42 2260 60 2282 »
93 2241 302 2296 honorat,
332 2255 408 2284 cor
430 2249 574 2285 autem
609 2255 761 2284 eorum
783 2240 914 2300 longe
937 2250 1001 2285 est
1023 2257 1046 2285 a
1068 2243 1162 2285 me⁶
1186 2262 1195 2286 2
1220 2258 1324 2288 sona
1360 2242 1427 2287 la-

37 2311 134 2366 biis,
149 2311 396 2371 propinqua
417 2309 562 2355 corde.
592 2310 770 2356 «Corde
784 2312 898 2354 enim
917 2310 1108 2355 creditur
1125 2310 1179 2355 ad
1193 2313 1419 2372 justitiam,

40 2395 62 2423 >5
97 2396 171 2425 ore
193 2390 340 2425 autem
359 2381 573 2426 confessio
595 2382 645 2425 fit
666 2380 720 2425 ad
742 2379 969 2425 salutem7.
1000 2400 1019 2422 >›
1046 2381 1190 2436 Qualis
1212 2382 1285 2427 ille
1314 2384 1424 2430 latro

38 2451 240 2495 inventus
261 2459 345 2506 est,
379 2450 574 2511 pendens
595 2451 642 2495 in
663 2466 791 2496 cruce
812 2466 913 2495 cum
942 2451 1149 2507 Domino,
1186 2469 1423 2512 agnoscens

88 2552 99 2568 ¹
120 2545 199 2578 Psal.
218 2557 242 2587 1,
269 2557 299 2587 1,
318 2555 350 2578 2.
371 2563 413 2568 —
429 2542 508 2579 '²1d.
529 2558 638 2588 xxxix,
659 2559 708 2579 10.
729 2564 770 2569 —
787 2545 800 2569 3
815 2549 894 2579 Gen.
910 2558 970 2588 ΧΠ,
988 2547 1020 2589 3,
1042 2553 1075 2580 ct
1092 2559 1172 2591 xxu,
1195 2550 1245 2582 18.
1260 2550 1327 2580 —4
1342 2552 1423 2584 Psal.

42 2611 132 2642 xvm,
153 2601 183 2633 5
205 2618 246 2623 —
262 2599 278 2623 ⁵
298 2600 411 2633 Matth.
429 2612 522 2644 xxm,
543 2603 572 2634 3.
592 2619 632 2624 —
647 2600 749 2634 ⁶1sai.
769 2612 857 2643 xxix,
880 2601 931 2634 13.
948 2619 989 2625 -—-
1008 2610 1022 2635 7
1039 2605 1128 2635 Rom.
1151 2614 1184 2645 x,
1209 2614 1263 2636 10.
