1841 3223
206 269 447 298 ENARRATIO
481 273 495 297 1
529 272 572 297 m
608 269 810 298 PsALMUM
844 270 1012 306 xxxxi,
1048 267 1173 295 SEnM.
1210 270 1240 294 1.
1360 257 1413 294 67

28 342 92 378 est
113 333 158 378 in
175 333 260 379 illis
281 336 354 395 qui
379 335 459 379 tibi
477 335 686 389 serviunt,
715 335 791 379 sed
813 335 1040 379 infirmitas
1063 343 1136 378 tua
1158 333 1417 378 diuturnum

26 412 154 462 putat
183 405 305 464 quod
340 405 427 449 cito
456 405 617 464 agitur.
651 407 768 463 Ergo
801 405 944 449 videte
968 404 1189 449 medicum
1221 412 1419 448 nostrum

26 474 328 520 blandientem
347 476 522 521 infirmo
545 476 707 520 dicenti
735 495 744 520 ε
770 475 977 529 Quandiu
999 475 1196 520 durabo?
1222 473 1427 535 quandiu

27 546 135 590 erit?
166 550 264 592 «Et
293 547 439 592 adhue
465 547 698 608 pusillum,
729 556 773 610 et
793 563 884 592 non
906 547 988 591 erit
1008 556 1225 606 peccator.
1252 564 1274 588 ³)
1299 549 1421 590 Inter

27 625 276 676 peccatores
291 626 409 662 certe
427 618 575 677 gemi5‚
601 617 656 662 de
679 627 907 678 peccatore
927 618 1060 676 gemis
1085 636 1094 662 z
1120 616 1327 677 pusillum
1344 640 1356 671 ‚v
1377 623 1422 659 et

28 701 119 744 non
135 687 231 731 erit.
253 690 319 733 Ne
340 686 454 732 forte
474 688 576 749 quia
593 688 674 732 tibi
696 687 808 733 dixi:
830 707 850 731 «
878 687 1147 733 Sustinentes
1169 696 1314 731 autem
1338 689 1425 730 Do-

33 775 54 800 »
88 759 256 803 minum
272 794 283 815 ‚
309 759 390 820 ipsi
410 759 666 804 haereditate
684 759 970 820 possidebunt
993 768 1153 803 terram
1171 778 1180 803 :
1209 776 1230 799 >›
1251 773 1306 802 ne
1327 773 1422 802 sus-

30 829 259 874 tinentiam
281 830 405 875 istam
418 830 712 889 longissimam
730 840 877 891 putes·‚
892 829 1115 875 modicum
1137 828 1316 883 sustine,
1333 828 1425 872 sine

31 900 119 946 fine
146 903 328 962 accipies
354 902 476 963 quod
501 903 698 948 sustines.
732 903 888 947 Adhuc
918 901 1124 963 pusillum
1150 920 1159 946 ε
1185 900 1421 945 modicum.

33 972 194 1018 Recole
220 990 357 1019 annos
383 975 438 1019 ab
467 974 607 1019 Adam
635 991 773 1036 usque
796 975 840 1019 in
864 975 1127 1019 hodiernum
1157 972 1273 1017 diem
1291 1008 1301 1028 ‚
1326 988 1428 1032 per-

33 1060 159 1090 curre
183 1045 423 1106 Scripturas
453 1064 462 1090 :
488 1046 581 1090 heri
602 1061 715 1106 pene
741 1045 815 1089 ille
843 1045 898 1090 de
920 1045 1119 1106 paradiso
1146 1044 1292 1105 lapsus
1314 1052 1378 1088 est
1393 1046 1424 1089 ¹.

37 1119 120 1161 Tot
150 1116 306 1162 saecula
335 1132 509 1161 emensa
539 1126 582 1161 et
606 1116 780 1162 evoluta
811 1127 927 1162 sunt.
961 1118 1046 1163 Ubi
1078 1126 1180 1161 sunt
1210 1116 1429 1177 praeterita

34 1189 256 1247 tempora?
275 1188 342 1233 Sic
359 1203 494 1248 pauca
508 1204 608 1248 quae
627 1197 804 1243 restant,
825 1188 978 1249 utique
996 1188 1261 1232 transibunt.
1282 1188 1324 1232 Si
1338 1196 1429 1231 toto

35 1259 112 1305 illo
139 1269 335 1320 tempore
356 1261 546 1316 viveres,
580 1277 632 1306 ex
656 1277 745 1322 quo
771 1260 910 1306 Adam
933 1261 987 1306 de
1009 1260 1209 1320 paradiso
1231 1259 1431 1305 dimissus

38 1340 102 1376 est
133 1347 274 1392 usque
300 1333 343 1376 in
368 1331 631 1376 hodiernum
661 1332 804 1389 diem3
841 1344 957 1377 certe
986 1332 1153 1376 videres
1183 1332 1318 1376 vitam
1343 1347 1434 1377 non

27 1400 169 1447 »fuisse
191 1394 462 1460 diuturnam,
479 1419 579 1464 quae
593 1403 651 1447 sic
666 1403 891 1448 avolasset.
910 1403 1044 1448 Unius
1062 1413 1208 1447 autem
1222 1403 1434 1463 cujusque

38 1473 226 1518 hominis
243 1474 332 1519 vita
366 1483 529 1534 quanta
553 1477 644 1518 est?
675 1474 802 1519 Adde
831 1474 1128 1536 quantoslibet
1159 1490 1321 1529 annos,
1347 1473 1435 1519 duc

39 1544 332 1603 longissimam
353 1554 644 1600 senectutem,
663 1544 772 1606 quid
793 1547 886 1589 est?
906 1548 1062 1590 Nonne
1085 1561 1189 1590 aura
1212 1555 1275 1590 est
1291 1554 1436 1589 matu-

39 1613 157 1659 tina?
179 1617 296 1674 Ergo
328 1614 459 1674 longe
486 1615 539 1660 sit
566 1615 657 1659 dies
681 1614 858 1676 judicii,
892 1615 1071 1676 quando
1095 1616 1176 1660 erit
1204 1616 1436 1660 retributio

40 1686 304 1747 injustorum
321 1695 365 1730 et
373 1687 593 1747 justorum
613 1705 621 1730 ;
640 1695 742 1730 tuus
760 1695 876 1730 certe
897 1686 989 1730 dies
1006 1686 1185 1730 ultimus
1207 1686 1336 1744 longe
1358 1687 1438 1730 ab-

42 1772 133 1801 esse
150 1773 242 1802 non
262 1765 419 1817 potest.
444 1756 513 1800 Ad
530 1757 650 1801 hunc
673 1766 716 1800 te
738 1771 949 1816 praepara.
977 1755 1128 1809 Qualis
1149 1756 1265 1800 enim
1289 1757 1437 1801 exieris

43 1826 98 1872 de
114 1828 196 1873 hac
215 1828 325 1883 vita,
351 1826 448 1871 talis
470 1826 663 1872 redderis
684 1827 746 1872 illi
773 1828 888 1872 vitae.
913 1831 1015 1872 Post
1035 1828 1167 1872 vitam
1190 1829 1316 1872 istam
1339 1843 1439 1888 par-

43 1914 143 1944 vam
165 1898 364 1943 nondum
385 1898 466 1943 eris
485 1898 563 1942 ubi
581 1908 711 1943 erunt
726 1899 884 1954 sancti,
910 1899 1072 1959 quibus
1095 1898 1284 1945 dicetur:
1310 1919 1329 1942 «
1347 1902 1437 1944 Ve—

47 1987 69 2011 »
103 1969 209 2024 nite,
234 1967 454 2013 benedicti
474 1969 610 2013 Patris
630 1969 731 2024 mei,
748 1969 957 2029 percipite
974 1985 1157 2029 regnum
1176 1970 1297 2030 quod
1313 1970 1438 2014 vobis

50 2056 70 2082 >›
105 2031 306 2100 paratum
329 2049 393 2084 est
415 2039 469 2084 ab
491 2039 615 2084 initio
639 2039 837 2084 mundi2.
863 2058 882 2080 η
904 2039 1111 2085 Nondum
1133 2040 1196 2083 ibi
1219 2041 1320 2096 eris,
1342 2041 1440 2102 quis

48 2111 214 2156 nescit?
234 2110 320 2156 Sed
335 2112 424 2170 jam
444 2110 605 2170 poteris
622 2111 684 2154 ibi
703 2125 815 2166 esse,
841 2110 919 2154 ubi
938 2110 1063 2155 illum
1084 2110 1307 2172 quondam
1329 2111 1443 2157 ulce-

49 2196 196 2226 rosum
213 2195 451 2240 pauperem
465 2215 476 2232 ,
497 2179 615 2225 dives
646 2178 718 2224 ille
740 2180 952 2240 superbus
976 2190 1018 2224 et
1039 2181 1192 2225 sterilis
1213 2182 1260 2225 in
1287 2182 1441 2228 mediis

50 2252 137 2297 suis
153 2250 381 2295 tormentis
401 2249 512 2295 vidit
533 2265 556 2294 a
576 2249 705 2308 longe
727 2250 1112 2311 requiescentemss.
1132 2254 1184 2296 In
1199 2250 1273 2296 illa
1291 2253 1441 2313 requie

51 2323 217 2383 positus
233 2357 243 2375 ,
269 2330 386 2366 certe
407 2336 584 2366 securus
603 2329 800 2381 expectas
816 2320 971 2381 judieii
999 2320 1114 2365 diem
1132 2357 1142 2377 ,
1169 2322 1348 2384 quando
1370 2340 1440 2369 re·-

53 2393 185 2454 cipias
217 2402 261 2438 et
289 2408 472 2453 corpus,
502 2393 680 2453 quando
707 2392 945 2437 immuteris
971 2401 1021 2436 ut
1044 2393 1211 2452 Angelo
1238 2396 1437 2456 aequeris.

54 2467 173 2523 Ergo
193 2473 410 2525 quantum
425 2464 492 2508 vest
513 2462 634 2524 quod
656 2462 927 2518 festinamus,
949 2472 992 2507 et
1013 2462 1200 2509 dicimus
1218 2484 1227 2510 t
1253 2467 1442 2519 Quando

57 2535 164 2580 erit?
183 2535 375 2584 Tardum
395 2534 508 2578 erit?
530 2537 623 2580 Hoc
645 2533 803 2578 dicturi
825 2533 903 2578 filii
930 2534 1090 2589 nostri,
1118 2544 1161 2579 et
1178 2536 1261 2581 hoc
1282 2535 1441 2583 dicturi

107 2626 116 2643 ¹
133 2619 215 2652 Gen.
236 2630 283 2661 ιιι,
300 2618 335 2651 6.
357 2635 398 2642 ·-·
413 2625 427 2642 2
445 2618 560 2651 Matth.
580 2629 657 2660 xxv,
677 2615 730 2657 34.
755 2634 796 2640 -
817 2614 831 2640 3
852 2619 930 2650 Luc.
952 2627 1019 2660 ΠΙ,
1039 2617 1091 2650 23.

1242 2677 1279 2713 5.
