1841 3223
450 225 690 255 ENARRATio
723 227 768 253 ΙΝ
802 227 1003 253 PSALMUM
1037 229 1092 253 LI.
1364 214 1447 253 467

66 290 199 333 mixta
229 299 331 334 sunt
362 290 441 334 ista
473 306 630 348 genera
664 291 908 334 hominum.
942 290 1192 334 Invenimus
1226 289 1357 333 modo
1386 290 1457 349 ci<

66 368 163 404 vem
191 361 454 416 Jerusalem,
482 362 620 405 civem
651 363 768 419 regni
798 362 1010 405 coelorum
1044 361 1342 406 administrare
1375 360 1452 404 ali-

66 430 175 490 quid
210 433 255 474 in
291 441 431 488 terra,
471 441 521 475 ut
561 441 691 490 puta,
726 447 964 490 purpuram
1003 432 1140 490 gerit,
1179 432 1453 490 magistratus

67 510 150 556 est,
181 500 317 545 aedi‘lis
342 510 426 556 est,
457 501 690 561 proconsul
716 511 799 555 est,
831 502 1066 560 imperator
1088 510 1173 556 est,
1210 499 1453 560 rempubli-

62 587 162 617 cam
186 572 294 631 gerit
321 581 538 616 terrenam
561 592 569 617 :
603 573 679 616 sed
712 587 786 616 cor
814 587 984 615 sursum
1007 572 1164 627 habet,
1192 572 1224 615 si
1247 572 1457 616 Christia-

66 659 148 688 nus
171 653 260 698 est,
285 642 321 686 si
358 642 497 687 fidelis
526 652 609 697 est,
641 643 675 687 si
706 642 824 702 pius,
857 642 890 686 si
924 651 1207 686 contemnens
1228 642 1274 685 in
1297 643 1457 702 quibus

66 723 151 768 est,
185 723 229 757 et
257 723 400 773 sperat
429 714 476 756 in
507 729 596 773 quo
631 713 831 757 nondum
863 722 940 756 est.
972 715 1034 757 De
1067 728 1154 772 quo
1187 727 1341 770 genere
1372 712 1458 757 fuit

65 784 140 829 illa
167 794 314 829 sancta
346 784 504 829 mulier
530 786 712 840 Esther,
740 801 838 845 quae
866 800 969 828 >cum
1004 793 1114 828 esset
1148 800 1254 828 uxor
1286 784 1423 842 regis1
1441 819 1454 840 ‚

66 864 248 900 ventum
282 865 346 900 est
375 855 430 899 ad
458 856 701 915 periculum
736 854 998 915 deprecandi
1031 871 1109 914 pro
1142 855 1308 899 civibus
1343 855 1456 913 suis,

67 935 111 970 et
132 941 233 970 cum
256 935 398 970 oraret
419 942 564 970 coram
604 930 692 970 Deo
711 962 721 981 ,
763 926 841 970 ubi
876 925 1049 970 mentiri
1082 941 1172 970 non
1206 934 1378 985 posset,
1409 925 1457 970 in

63 996 262 1041 oratione
292 1013 369 1041 sua
397 997 529 1053 dixit,
564 997 624 1041 ita
657 997 736 1041 sibi
770 996 899 1040 fuisse
932 996 1004 1040 illa
1043 1006 1296 1041 ornamenta
1333 1011 1458 1054 rega-

65 1066 153 1122 lia,
195 1067 306 1111 sicut
339 1082 534 1127 pannum
575 1076 872 1111 menstruatae.
913 1069 1010 1112 Non
1048 1082 1150 1125 ergo
1182 1066 1459 1126 desperemus

65 1135 122 1181 de
143 1136 310 1181 civibus
343 1137 466 1196 regni
499 1137 740 1192 coelorum,
775 1135 953 1196 quando
985 1152 1056 1181 eos
1087 1136 1284 1180 videmus
1313 1135 1459 1197 aliqua

68 1223 216 1267 gerere
236 1208 489 1266 Babyloniae
511 1209 706 1266 negotia,
733 1208 898 1268 aliquid
920 1218 1140 1252 terrenum
1167 1208 1211 1252 in
1234 1208 1458 1267 republica

66 1288 236 1323 terrena
261 1298 270 1322 ε
295 1293 376 1323 nec
405 1295 552 1323 rursus
584 1279 794 1323 continuo
829 1279 1099 1337 gratulemur
1132 1278 1337 1324 omnibus
1373 1280 1456 1324 ho·—

65 1349 257 1394 minibus
286 1365 395 1411 quos
423 1350 622 1395 videmus
649 1365 774 1408 agere
817 1350 988 1407 negotia
1025 1349 1217 1394 coelestia
1242 1371 1252 1406 3
1280 1351 1382 1410 quia
1413 1361 1458 1396 et

64 1420 143 1464 filii
167 1419 422 1480 pestilentiae
446 1419 599 1464 sedent
623 1420 861 1480 aliquando
889 1420 932 1464 in
967 1420 1172 1465 cathedra
1204 1421 1374 1478 Moysi,
1400 1420 1454 1466 de

60 1491 227 1551 quibus
264 1490 424 1535 dieitur
451 1510 461 1535 2
492 1509 509 1531 «
531 1495 636 1544 Quae
664 1490 839 1545 dicunt,
872 1490 1031 1548 facit03
1074 1507 1173 1551 quae
1211 1502 1357 1537 autem
1390 1492 1458 1537 fa-

66 1580 89 1604 »
124 1562 262 1617 ciunt,
277 1561 420 1606 facere
430 1561 566 1606 nolite
588 1561 767 1606 :dicunt
784 1562 915 1615 enim,
939 1571 982 1606 et
1001 1578 1090 1607 non
1108 1562 1273 1607 faciunt
1290 1568 1322 1607 ².
1351 1564 1456 1608 »Illi

66 1634 111 1677 in
137 1634 318 1678 terrenis
344 1633 474 1677 rebus
495 1632 644 1678 levant
667 1649 741 1677 cor
758 1634 803 1677 in
829 1632 989 1678 coelum
1005 1669 1016 1689 ‚
1043 1634 1111 1678 isti
1134 1634 1179 1678 in
1205 1634 1456 1681 coelestibus

65 1705 209 1750 verbis
231 1706 413 1749 trahunt
433 1720 508 1749 cor
529 1704 575 1747 in
601 1713 729 1748 terra.
761 1704 917 1748 Veniet
941 1714 1087 1748 autem
1119 1715 1290 1765 tempus
1310 1708 1454 1750 venti-

66 1775 205 1831 labri,
237 1776 414 1836 quando
450 1785 689 1834 utrumque
723 1775 1046 1834 diligentissime
1073 1776 1365 1832 discernatur,
1399 1794 1455 1822 ne

68 1862 251 1906 granum
266 1845 445 1906 aliquod
459 1855 645 1890 transeat
657 1847 702 1889 in
720 1860 923 1890 acervum
936 1845 1071 1904 paleae
1086 1847 1451 1904 comburendum,

68 1932 124 1961 ne
141 1932 227 1961 una
237 1915 396 1976 stipula
409 1924 597 1960 transeat
609 1913 664 1959 ad
672 1931 855 1959 massam
866 1915 912 1958 in
926 1916 1080 1960 horreo
1094 1917 1453 1964 recondendam3.

66 1987 274 2042 Quandiu
288 2001 389 2045 ergo
404 2002 522 2030 nunc
534 1985 798 2045 permixtum
820 1995 904 2041 est,
930 1985 1156 2030 audiamus
1172 1988 1276 2032 hinc
1302 2004 1455 2033 vocem

69 2068 260 2103 nostram
276 2058 350 2113 ,id
370 2067 456 2113 est,
481 2057 640 2101 civium
667 2057 788 2115 regni
808 2056 1042 2113 coelorum3
1067 2058 1150 2100 hoc
1178 2059 1292 2103 enim
1316 2060 1454 2104 affec-

70 2138 160 2173 tare
181 2128 415 2183 debemus,
440 2127 621 2172 tolerare
646 2127 716 2170 hic
729 2125 887 2180 malos,
914 2141 1046 2185 quam
1070 2125 1244 2170 tolerari
1262 2142 1285 2169 a
1300 2126 1451 2173 bonis:

65 2209 114 2244 'et
141 2200 460 2260 'conjungamus
494 2213 573 2242 nos
604 2197 705 2241 huic
737 2196 860 2252 voci,
892 2205 935 2239 et
966 2211 1095 2249 aure,
1126 2205 1169 2240 et
1199 2195 1375 2255 lingua,
1411 2209 1456 2242 et

66 2269 226 2326 eorde,
251 2279 295 2314 et
323 2285 467 2328 opere.
493 2267 625 2322 Quod
645 2268 679 2312 si
698 2266 950 2321 fecerimus,
976 2282 1054 2311 nos
1075 2267 1146 2310 hic
1167 2266 1390 2327 loquimur
1411 2269 1456 2312 in

70 2342 137 2385 his
158 2357 255 2401 quae
284 2339 499 2384 audimus.
535 2339 713 2383 Dicatur
744 2353 846 2396 ergo
875 2337 1014 2397 primo
1046 2336 1100 2380 de
1133 2352 1313 2397 corpore
1340 2338 1455 2384 malo

67 2411 193 2469 regni
206 2411 382 2454 terreni.

120 2508 236 2543 ¹⁴Es‘th.
259 2518 323 2551 τιν,
349 2509 401 2541 16.
421 2519 463 2532 ⁶⁶-
481 2514 495 2531 ²
516 2506 630 2540 matth.
657 2517 746 2548 xxm,
767 2506 798 2556 3,
819 2521 860 2528 -
879 2502 892 2528 ³
911 2505 957 2538 id.
985 2516 1032 2548 ιιι,
1065 2513 1116 2539 12.

1229 2574 1294 2614 30.
