1841 3223
0 2661 2 2730 i

0 2815 3 2896 l

431 239 674 269 ENAnnAzrio
705 242 749 269 m
783 241 985 270 PsALMnM
1019 241 1111 268 Lm.
1378 231 1459 269 503

78 305 132 352 ad
158 305 319 351 vulnus
339 306 465 366 posui
492 325 500 350 :
527 305 704 366 quando
726 307 942 365 posuerim
977 306 1104 360 novi,
1131 306 1310 366 quando
1337 306 1476 353 aufer

76 376 262 422 rendum
284 377 338 421 sit
354 377 472 421 novi.
497 379 594 421 Non
617 376 791 421 recedat
811 386 1000 435 {egrotus
1016 392 1039 420 a
1060 376 1263 421 manibus
1284 376 1456 432 medici,

75 464 164 493 non
184 447 259 492 det
285 446 512 492 consilium
535 446 720 492 medico.
744 451 810 491 Ita
832 457 934 492 sunt
962 448 1043 492 ista
1067 448 1211 492 omnia
1239 457 1460 508 tempora-

73 520 145 564 lia.
173 517 491 562 Tribulationes
514 527 642 576 sunt3
669 519 704 561 si
724 518 837 562 bene
860 517 964 562 colis
987 524 1145 574 Deum,
1170 520 1340 563 noveris
1358 520 1460 579 quia

73 590 196 635 novit
222 590 330 650 quid
358 590 516 649 cuique
547 588 746 649 expediat
778 609 786 633 ε
820 589 1123 649 prosperitates
1157 599 1292 645 sunt3
1324 590 1460 649 magis

73 676 199 716 cave,
230 676 286 704 ne
307 662 411 720 ipsae
439 669 724 719 corrumpant
745 660 938 703 animum
974 669 1122 714 tuum,
1147 669 1198 703 ut
1224 660 1279 704 ab
1303 675 1354 705 eo
1381 662 1459 721 qui

71 732 167 776 haec
187 730 309 776 dedit
330 730 520 775 recedat.
541 733 658 790 Ergo
680 731 758 774 iste
780 729 1024 788 intelligens
1046 729 1154 790 quid
1176 730 1268 774 ait?
1287 750 1304 770 «
1331 736 1455 786 Deus,

77 823 95 844 »
129 801 286 846 exaudi
310 800 551 846 orationem
583 816 724 845 meam
744 836 754 856 ‚
789 801 968 845 auribus
1002 800 1177 860 percipe
1211 800 1342 845 verba
1374 802 1459 846 oris

76 892 94 915 »
129 872 232 917 mei.
261 892 279 914 »

128 945 204 987 VI.
240 961 259 983 «
285 941 499 995 Quoniam
523 940 651 985 alieni
673 941 999 986 insurrexerunt
1027 942 1255 986 adversum
1278 956 1348 985 me
1363 942 1394 985 ¹.
1434 961 1454 983 n

69 1013 151 1066 Qui
167 1011 328 1057 alieni?
347 1015 503 1058 Nonne
525 1012 616 1071 ipse
639 1012 772 1057 David
794 1014 818 1056 J
823 1012 972 1056 udaeus
989 1021 1081 1056 erat
1099 1011 1154 1055 de
1174 1012 1295 1055 tribu
1312 1014 1336 1055 J
1341 1011 1458 1056 uda?

69 1087 167 1143 Ipse
198 1092 346 1127 autem
372 1082 494 1128 locus
524 1082 633 1142 Ziph
671 1081 727 1126 ad
747 1082 910 1126 tribum
933 1082 1046 1127 Juda
1066 1083 1334 1142 pertinebat,
1376 1085 1457 1126 Ju-

68 1152 266 1198 daeorum
297 1162 404 1197 erat.
437 1152 666 1207 Quomodo
690 1168 793 1212 ergo
823 1152 982 1197 alieni?
1011 1155 1107 1197 Non
1135 1153 1334 1207 civitate,
1365 1168 1456 1197 non

66 1224 208 1276 tribu,
232 1240 320 1269 non
343 1224 603 1282 cognatione
619 1259 630 1278 ,
669 1223 745 1267 sed
768 1223 888 1267 flore.
920 1226 1029 1268 Nam
1051 1224 1114 1268 vis
1147 1239 1271 1268 nosse
1294 1222 1456 1268 alienos

65 1295 201 1339 istos?
228 1297 281 1338 In
298 1293 382 1339 alio
406 1293 576 1338 Psalmo
606 1293 683 1336 filii
708 1293 838 1337 alieni
869 1293 974 1338 dicti
996 1303 1118 1349 sunt,
1150 1313 1166 1334 «
1195 1298 1389 1347 Quorum
1407 1310 1454 1346 os

71 1384 90 1406 »
123 1364 322 1409 locutum
354 1373 418 1408 est
443 1365 702 1418 vanitatem,
728 1373 772 1407 et
793 1363 971 1407 dextera
1000 1380 1148 1408 eorum
1169 1363 1342 1408 dextera
1367 1364 1453 1408 ini-

67 1453 88 1478 »
124 1435 316 1496 quitatis.
345 1453 365 1476 n
390 1437 448 1479 Et
464 1445 691 1479 enumerat
713 1435 864 1479 florem
888 1436 1179 1494 Ziphaeorum.
1211 1454 1231 1477 «
1257 1439 1453 1487 Quorum

67 1523 90 1547 »
123 1504 200 1549 filii
217 1520 368 1550 eorum
381 1503 504 1549 velut
519 1503 703 1549 novellae
725 1505 1010 1549 constabilitae
1030 1506 1075 1548 in
1094 1507 1325 1565 juventute
1347 1521 1449 1550 sua:

67 1595 89 1618 »
123 1576 223 1620 filiae
244 1591 396 1621 eorum
413 1575 664 1635 compositae
687 1585 729 1620 et
752 1585 931 1631 ornatae,
953 1577 1065 1621 sicut
1082 1576 1320 1621 similitudo
1337 1586 1452 1621 tem-

67 1665 88 1690 »
121 1646 213 1708 pli:
244 1646 417 1692 cellaria
453 1662 605 1691 eorum
636 1647 765 1706 plena
782 1682 792 1701 ‚
819 1648 1058 1691 eructantia
1087 1664 1137 1691 ex
1160 1648 1244 1692 hoc
1266 1648 1312 1690 in
1334 1648 1417 1692 hoc
1439 1667 1447 1692 :

65 1736 87 1759 »
122 1733 222 1762 oves
244 1733 396 1762 eorum
415 1716 635 1762 foecundae
654 1752 665 1772 ‚
696 1716 1032 1776 multiplicantes
1054 1718 1099 1761 in
1122 1717 1306 1761 exitibus
1337 1719 1448 1775 suis3

65 1806 86 1829 »
120 1788 254 1833 boves
280 1803 432 1832 eorum
454 1788 582 1832 crassi
612 1807 620 1832 ;
653 1802 742 1831 non
765 1796 827 1831 cst
857 1788 982 1831 ruina
1005 1788 1136 1847 sepis,
1173 1803 1253 1832 nec
1283 1788 1446 1843 exitus,

65 1877 85 1900 »
119 1873 263 1919 neque
281 1857 446 1902 clamor
470 1858 515 1902 in
541 1857 694 1916 plateis
721 1873 888 1902 eorum.
918 1877 938 1899 n
973 1859 1057 1903 Sed
1086 1858 1186 1903 vide
1221 1859 1418 1918 Ziphaeos
1435 1894 1446 1914 ,

0 1955 1 1959 =
62 1928 165 1973 vide
182 1927 238 1972 ad
262 1937 431 1988 tempus
450 1928 668 1972 florentes.
689 1930 906 1971 «Beatum
928 1928 1131 1972 dixerunt
1150 1928 1361 1988 populum
1378 1930 1450 1974 cui

63 2017 86 2041 »
118 2000 213 2044 liaec
234 2008 350 2044 sunt.
379 2017 400 2040 »
420 1999 576 2043 Merito
600 1998 678 2042 filii
701 1997 844 2042 alieni.
873 2002 938 2043 Tu
960 1999 1067 2059 quid
1088 1999 1226 2044 latens
1248 2001 1360 2044 inter
1380 2002 1450 2045 Zi-

60 2071 242 2131 phaeos?
269 2089 289 2113 «
314 2072 472 2114 Beatus
502 2069 690 2129 populus
712 2070 836 2130 cujus
858 2071 1068 2115 Dominus
1090 2074 1204 2115 Deus
1225 2071 1398 2130 ipsius².
1422 2091 1442 2113 »

0 2158 2 2167 ’
60 2144 125 2186 Ex
145 2142 229 2186 hoc
251 2141 413 2186 affectu
434 2142 528 2186 haec
555 2141 693 2185 oratio
710 2141 897 2185 mittitur
919 2141 973 2185 ad
991 2157 1114 2186 aures
1132 2142 1318 2197 Domini,
1345 2159 1446 2187 cum

60 2212 242 2257 dicitur:
263 2231 284 2255 (t
301 2212 492 2257 Auribus
508 2212 682 2272 percipe
699 2211 830 2255 verba
853 2213 937 2256 oris
956 2213 1040 2256 mei
1063 2232 1071 2257 :
1089 2213 1296 2273 quoniam
1318 2213 1448 2258 alieni

68 2300 88 2323 »
123 2284 448 2327 insurrexerunt
470 2282 696 2326 adversum
721 2298 804 2326 me.
835 2302 853 2324 »

118 2356 217 2398 VII.
242 2373 262 2396 «
286 2357 344 2398 Et
362 2363 562 2414 potentes
583 2354 848 2414 quaesierunt
868 2353 1055 2398 animam
1077 2369 1219 2398 meam
1234 2355 1265 2398 ³.
1281 2373 1301 2395 »
1322 2357 1445 2401 Novo

59 2424 176 2468 enim
197 2424 328 2469 modo
346 2460 357 2479 ‚
384 2424 536 2468 fratres
558 2424 642 2468 mei
658 2460 669 2478 ,
704 2424 859 2469 volunt
894 2423 1075 2483 perdere
1113 2440 1247 2484 genus
1269 2435 1444 2471 sancto-

57 2510 155 2539 rum
177 2503 221 2539 et
241 2495 297 2539 ab
318 2495 447 2555 hujus
468 2494 615 2539 saeculi
633 2510 707 2555 spe
726 2495 1040 2539 abstinentium
1056 2510 1206 2541 omnes
1220 2496 1297 2556 qui
1320 2512 1439 2556 spem

107 2586 115 2601 ¹
139 2578 218 2611 Psal.
240 2589 305 2621 ιιιι,
326 2579 356 2611 5.
381 2596 422 2602 -—
442 2586 454 2602 ²
473 2579 519 2612 111.
541 2590 651 2620 cum,
672 2579 757 2620 7-15.
786 2595 826 2600 -
847 2576 859 2602 3
882 2579 927 2610 Id.
948 2589 1016 2618 Lm,
1038 2580 1067 2611 5.
