1841 3223
354 181 437 219 308
793 187 827 215 s.
864 188 1094 214 Aceusnm
1130 187 1308 214 El‘tscort

330 256 454 298 ,bere
489 263 648 297 vestem
685 250 955 309 nuptialem,
988 250 1102 294 illius
1131 251 1367 304 honorem,
1410 249 1524 293 illius
1560 248 1741 307 gloriam

350 340 561 384 quierere.
602 320 836 379 intelligite
868 320 998 365 etiam
1036 321 1144 364 filias
1176 336 1349 380 regum,
1384 320 1605 374 civitates,
1643 335 1743 379 quac

350 393 633 440 erediderunt
650 392 694 434 in
715 391 963 446 Christum,
989 400 1032 435 et
1053 407 1076 434 a
1099 391 1271 449 regibus
1299 389 1487 435 conditae
1510 398 1612 434 sunt
1639 408 1647 434 ε
1674 398 1735 444 et,

353 484 373 506 «
408 467 445 508 Α
487 461 687 507 domibus
733 461 937 505 eburneis
952 496 963 516 ,
994 479 1013 502 n
1061 461 1292 516 divitibus,
1335 460 1555 520 superbis,
1602 458 1740 503 elatis.

352 554 373 577 «
410 532 531 578 Filiae
555 547 705 592 regum
725 531 1054 577 delectaverunt
1069 541 1110 575 te
1133 533 1176 575 in
1195 532 1361 576 honore
1374 541 1451 576 tuo
1473 547 1481 572 ε
1501 549 1520 572 »
1542 530 1745 590 quianon

349 605 616 667 quaesierunt
653 605 866 649 honorem
910 613 1086 663 patrum
1129 619 1330 659 suorum,
1369 602 1445 647 sed
1477 601 1746 662 quaesierunt

348 677 561 722 honorem
587 685 728 720 tuum.
753 674 1020 719 Ostendatur
1042 673 1150 718 mihi
1168 677 1320 718 Romae
1348 673 1394 717 in
1426 672 1593 716 honore
1621 681 1744 727 tanto

347 747 562 806 templum
585 745 786 800 Romuli,
806 746 851 789 in
864 753 1030 804 quanto
1053 743 1114 787 ibi
1133 743 1316 788 ostendo
1331 743 1585 787 memoriam
1610 741 1741 786 Petri.

348 822 402 864 In
425 822 553 863 Petro
577 817 673 876 quis
705 816 965 870 honoratur,
998 814 1080 859 nisi
1109 813 1183 858 ille
1212 814 1448 859 defunctus
1482 828 1560 872 pro
1589 811 1747 856 nobis?

350 891 508 934 Sumus
521 887 638 931 enim
650 885 900 940 Christiani,
918 900 1007 929 non
1022 884 1227 929 Petriani.
1247 887 1304 929 Et
1326 884 1359 928 si
1377 899 1429 927 na
1439 883 1466 927 ti
1483 899 1559 943 per
1573 881 1746 926 fratrem

346 959 570 1012 defuncti,
593 967 739 1002 tamen
765 956 1061 1015 cognominati
1078 956 1255 1000 nomine
1281 954 1494 999 defuncti.
1524 958 1603 999 Per
1621 952 1746 997 illum

346 1031 463 1085 nati,
493 1029 568 1074 scd
589 1028 651 1072 illi
671 1028 775 1072 nati.
803 1030 915 1072 Eece
940 1031 1101 1082 Roma,
1128 1043 1226 1072 eece
1250 1027 1497 1085 Carthag03
1523 1041 1622 1070 ecee
1651 1024 1747 1069 alioe

347 1112 392 1146 et
409 1101 504 1146 aliae
522 1100 717 1146 civitates
735 1098 836 1143 filiae
854 1114 1005 1158 regum
1022 1108 1150 1156 sunt3
1181 1108 1225 1142 et
1249 1097 1578 1142 delectaverunt
1600 1111 1746 1156 regem

348 1189 476 1218 suum
488 1173 711 1217 inhonore
722 1171 871 1231 ipsius,
884 1181 984 1215 etex
998 1171 1201 1215 omnibus
1212 1171 1259 1214 fit
1269 1186 1355 1214 una
1367 1169 1569 1230 quaedam
1580 1169 1722 1227 regina
1732 1202 1741 1211 .

406 1245 572 1288 XXIV.
609 1241 751 1295 Quale
770 1257 946 1286 carmen
971 1241 1193 1300 nuptiale?
1216 1243 1329 1285 Eece
1352 1240 1465 1284 inter
1488 1239 1655 1283 cantica
1678 1238 1747 1282 hi-

347 1313 529 1358 laritatis
553 1312 681 1373 plena
699 1348 709 1367 ,
735 1312 933 1372 procedit
951 1322 993 1356 et
1013 1312 1102 1371 ipsa
1124 1327 1294 1370 sponsa.
1324 1313 1513 1370 Sponsus
1539 1310 1653 1353 enim
1675 1324 1751 1353 ve-

347 1383 525 1439 niebat,
558 1383 649 1443 ipse
684 1383 1029 1437 describebatur,
1056 1381 1102 1426 in
1132 1381 1257 1425 illum
1288 1390 1379 1425 crat
1400 1381 1539 1425 omnis
1567 1379 1751 1424 intentio

347 1464 496 1499 nostra
516 1473 524 1499 :
552 1452 761 1514 procedat
783 1462 826 1498 et
847 1453 941 1497 ista.
968 1452 1147 1497 «Astitit
1169 1452 1315 1511 regina
1344 1467 1367 1495 a
1390 1450 1552 1496 dextris
1576 1451 1660 1495 tuis
1675 1452 1705 1494 1.
1727 1467 1747 1491 »

350 1529 460 1578 Quae
483 1540 506 1568 a
531 1525 735 1580 sinistris,
761 1540 851 1569 non
874 1524 1036 1583 regina.
1063 1523 1203 1568 Stabit
1222 1524 1336 1567 enim
1359 1521 1562 1583 quaedam
1584 1531 1627 1566 et
1647 1537 1669 1566 a
1692 1519 1751 1564 si-

351 1594 495 1639 nistris
512 1629 523 1648 ,
549 1593 619 1637 eui
643 1592 814 1636 dicetur
836 1613 845 1635 ε
879 1593 1035 1638 «Vade
1059 1594 1103 1637 in
1126 1593 1272 1653 ignem
1290 1603 1520 1637 (eternum.
1544 1612 1561 1633 1>
1593 1595 1630 1636 Α
1653 1591 1754 1635 dex-

352 1666 427 1709 tris
451 1673 598 1708 autem
621 1662 778 1716 stabit,
813 1661 885 1706 eui
907 1661 1077 1705 dicetur
1104 1683 1112 1705 ε
1147 1663 1341 1708 «Venite
1367 1663 1586 1707 benedicti
1616 1662 1753 1705 Patris

355 1756 373 1778 »
410 1734 522 1790 mei,
548 1732 758 1793 percipite
780 1747 966 1790 regnum
989 1730 1111 1792 quod
1128 1730 1252 1775 vobis
1276 1740 1475 1790 paratum
1496 1740 1559 1775 est
1583 1731 1636 1774 ab
1666 1731 1752 1774 ini-

352 1825 374 1849 »
411 1805 472 1849 tio
496 1803 695 1848 mundi2.
719 1802 868 1846 Astitit
896 1802 1044 1861 regina
1077 1818 1099 1845 a
1120 1801 1278 1845 dextris
1308 1802 1417 1857 tuis,
1438 1801 1596 1847 vestitu
1615 1800 1752 1846 deau-

354 1894 375 1917 »
412 1885 532 1930 rato,
569 1873 891 1918 circumamicta
917 1873 1135 1917 varietate.
1160 1891 1179 1913 »
1215 1872 1404 1916 Vestitus
1435 1871 1594 1929 reginae
1622 1872 1752 1931 hujus

351 1946 448 2007 quis
466 1948 554 1990 est?
580 1947 635 1988 Et
657 1943 870 2004 pretiosus
890 1952 979 1998 est,
1013 1951 1056 1986 et
1077 1942 1219 1987 varius
1243 1951 1304 1986 est
1331 1961 1339 1986 :
1366 1951 1633 1986 sacramenta
1651 1942 1753 1986 doe-

351 2017 478 2061 trinae
513 2016 560 2059 in
596 2014 756 2073 linguis
793 2013 996 2058 omnibus
1028 2013 1170 2057 variis.
1208 2011 1304 2056 Alia
1338 2011 1487 2071 lingua
1516 2011 1631 2067 afra,
1670 2011 1752 2056 alia

350 2103 476 2146 syra,
507 2085 587 2129 alia
616 2100 783 2144 graeca,
821 2083 903 2128 alia
939 2083 1138 2138 haebrea,
1174 2082 1256 2127 alia
1292 2082 1365 2126 illa
1388 2092 1430 2126 ct
1452 2082 1525 2126 illa
1551 2102 1560 2127 :
1587 2081 1753 2128 faciunt

350 2160 445 2204 istae
467 2157 630 2216 linguae
648 2156 902 2200 varietatem
919 2155 1048 2199 vestis
1071 2155 1231 2213 reginae
1255 2154 1400 2214 liujus.
1419 2154 1651 2207 Quomodo
1673 2171 1752 2198 au-

352 2238 441 2274 tem
464 2229 605 2273 omnis
622 2228 806 2272 varietas
824 2226 951 2271 vestis
974 2225 1018 2269 in
1041 2225 1208 2269 unitate
1227 2225 1490 2280 concordat,
1516 2225 1574 2269 sie
1595 2235 1638 2270 et
1661 2240 1752 2270 om-

352 2316 430 2345 nes
451 2299 613 2357 linguae
635 2297 689 2342 ad
713 2312 846 2342 unam
876 2295 1023 2340 fidem.
1052 2299 1101 2339 In
1128 2304 1244 2339 veste
1267 2296 1448 2340 varietas
1471 2296 1544 2351 sit,
1570 2295 1751 2340 scissura

355 2386 446 2415 nou
468 2370 537 2414 sit.
556 2372 668 2413 Ecce
685 2368 937 2412 varietatem
951 2364 1242 2410 intelleximus
1256 2364 1310 2410 de
1325 2364 1751 2425 diversitatelingua-

354 2456 453 2486 rum
476 2449 520 2485 et
541 2449 703 2484 vestem
726 2438 1016 2483 intellixemus
1040 2447 1216 2497 propter
1236 2438 1447 2482 unitatem
1470 2457 1478 2482 ;
1501 2437 1544 2482 in
1567 2438 1750 2498 ipsa-au-

405 2533 413 2549 ¹
433 2526 514 2557 1³:01.
539 2537 754 2566 xtiv,10.—-
782 2533 791 2546 ²
815 2523 926 2556 nuth.
951 2535 1025 2565 xxV,
1047 2522 1102 2565 34,
1126 2527 1155 2555 el
1183 2521 1234 2564 ji.
