1841 3223
416 250 497 287 188
857 260 888 285 s.
927 256 1155 286 Auens‘mm
1190 258 1370 286 Emscom

408 325 540 369 nostis
557 360 566 378 ,
590 323 739 367 fratres
756 359 765 378 ,
787 334 830 367 et
850 339 963 384 sa‘pe
981 323 1214 368 dicendum
1233 334 1296 368 est
1310 360 1320 379 ,
1347 324 1542 369 Christus
1560 321 1795 383 aliquando

407 396 604 455 loquitur
619 411 668 438 ex
682 411 741 448 se,
758 394 801 438 id
821 404 898 449 est,
917 410 965 438 ex
981 395 1120 454 eapite
1138 404 1300 439 nostro.
1318 398 1395 439 Est
1417 395 1530 437 enim
1548 394 1638 454 ipse
1655 392 1798 437 Salva-

406 476 474 510 tor
489 467 721 525 eorporis¹,
744 475 874 526 eaput
898 475 1110 519 nostrum,
1133 466 1267 510 Filius
1285 467 1361 510 Dei
1383 475 1510 509 natus
1529 481 1580 508 ex
1599 465 1792 523 Virgine,
1840 489 1841 511 ι

405 553 553 597 passus
568 553 645 596 pro
665 537 809 592 nobis,
834 554 1059 597 resurgens
1080 538 1134 582 ad
1149 553 1225 581 nos
1242 537 1559 597 justificandos,
1575 535 1727 580 sedens
1742 535 1796 579 ad

405 607 625 652 dexteram
645 608 723 653 Dei
746 607 800 653 ad
822 608 1189 668 interpellandum
1210 623 1289 668 pro
1313 607 1479 662 nobis‘2,
1506 607 1798 650 retributurus

405 679 551 723 omnia
573 678 802 739 injudicio
829 682 941 723 bona
972 679 1119 734 bonis,
1142 678 1253 722 mala
1275 677 1413 722 malis.
1440 680 1583 737 Caput
1600 686 1793 723 nostrum

405 750 493 804 ille,
516 760 646 810 caput
665 750 868 809 dignatus
887 760 949 794 est
967 751 1158 810 eorporis
1174 750 1281 805 lieri,
1298 765 1473 795 earnem
1494 749 1753 794 assumendo
1775 763 1797 792 a

404 820 546 873 nobis,
566 821 609 863 in
624 837 708 881 qua
725 830 966 864 moreretur
976 836 1054 880 pro
1068 821 1213 865 nobis:
1232 836 1364 881 quam
1383 820 1512 864 etiam
1531 819 1800 863 resuscitavit

404 901 582 952 propter
602 907 700 949 uos,
725 901 774 935 ut
795 891 840 934 in
854 890 926 934 illa
950 907 1079 935 earne
1097 892 1420 936 resurrectionis
1438 891 1562 934 uobis
1584 889 1800 950 praeberet

405 962 671 1021 exemplum,
698 971 746 1005 ut
769 977 939 1021 sperare
958 962 1219 1006 disceremus
1238 961 1356 1022 quod
1378 961 1730 1021 desperabamus,
1756 968 1800 1004 et

405 1032 665 1076 haberemus
681 1033 771 1092 jam
794 1032 924 1092 pedes
946 1033 990 1076 iu
1014 1042 1132 1093 petra
1155 1069 1164 1087 ,
1201 1033 1523 1076 ambularemus
1544 1032 1590 1075 iu
1608 1032 1796 1076 Christo.

406 1103 622 1162 Loquitur
655 1118 755 1161 ergo
785 1102 1020 1162 aliquando
1055 1119 1105 1146 ex
1127 1104 1267 1163 eapite
1299 1111 1446 1147 nostro
1463 1138 1473 1157 ,
1498 1101 1695 1162 loquitur
1719 1102 1799 1146 ali-

406 1173 584 1234 quando
609 1183 651 1217 et
673 1190 725 1217 ex
747 1174 896 1229 nobis,
922 1174 966 1217 id
989 1183 1067 1229 est,
1101 1190 1151 1217 ex
1171 1174 1377 1218 membris
1401 1174 1485 1217 suis
1506 1192 1514 1218 :
1544 1173 1644 1233 quia
1669 1173 1800 1217 etiam

406 1243 584 1303 quando
611 1244 717 1288 dixit
739 1263 747 1288 ε
779 1264 798 1286 (ι
825 1245 1021 1299 Esurivi,
1049 1254 1092 1288 et
1113 1243 1290 1288 dedistis
1315 1244 1419 1288 mihi
1443 1242 1747 1287 manducaress.
1775 1261 1795 1283 »

407 1330 459 1357 ex
482 1315 689 1359 membris
703 1315 788 1358 suis
810 1315 1094 1375 loquebatur,
1127 1331 1216 1359 non
1237 1331 1287 1359 ex
1309 1331 1367 1359 se.
1384 1318 1441 1358 Et
1462 1314 1640 1375 quaudo
1661 1313 1768 1357 dixit
1787 1332 1796 1358 :

411 1405 431 1427 «
456 1385 582 1429 Saule
597 1422 607 1438 ,
638 1385 786 1441 Saule,
811 1387 918 1446 quid
942 1403 1009 1431 me
1027 1387 1354 1447 persequeris⁴P
1375 1405 1393 1427 »
1416 1395 1547 1446 caput
1563 1401 1642 1445 pro
1664 1400 1806 1428 mem-

407 1455 495 1499 hris
523 1456 740 1500 clamabat
767 1477 775 1501 :
802 1466 844 1501 et
873 1466 1018 1501 tamen
1041 1473 1129 1501 non
1166 1457 1273 1501 dixit
1296 1476 1304 1502 ς
1336 1477 1355 1499 ‹<
1389 1456 1504 1510 Quid
1532 1455 1803 1516 persequeris

406 1527 603 1570 membra
627 1530 753 1571 mea?
774 1546 792 1568 »
820 1527 893 1572 sed
907 1564 916 1581 ,
948 1527 1099 1581 «Quid
1122 1544 1191 1571 me
1210 1528 1503 1588 persequeris?
1519 1546 1537 1567 n
1560 1527 1601 1571 Si
1620 1526 1664 1569 in
1678 1526 1802 1570 nobis

406 1597 498 1656 ipse
520 1599 705 1657 patitur,
733 1608 775 1642 et
798 1615 876 1643 nos
899 1600 942 1642 in
965 1598 1040 1643 illo
1061 1599 1386 1644 coronabimur.
1415 1602 1519 1643 Haee
1538 1607 1602 1642 est
1618 1597 1805 1642 charitas

407 1669 581 1710 Christi.
608 1669 724 1719 Ouid
748 1671 850 1714 huie
876 1671 1117 1730 comparari
1140 1674 1307 1731 potest?
1332 1672 1470 1731 Hujus
1500 1670 1560 1713 rei
1586 1664 1825 1725 hymnum⁴

407 1738 586 1781 immisit
604 1738 649 1780 in
671 1753 716 1781 os
734 1747 930 1781 nostrum
945 1773 955 1791 ,
977 1753 1019 1780 ct
1041 1743 1147 1781 dicit
1168 1743 1252 1782 hoe
1276 1758 1327 1785 exi
1350 1741 1557 1786 membris
1580 1741 1681 1785 suis.

466 1810 541 1851 VI.
574 1807 833 1852 «Videbunt
850 1808 972 1867 justi,
998 1817 1041 1851 et
1067 1808 1306 1862 timebunt,
1332 1818 1375 1852 et
1397 1809 1636 1868 sperabunt
1653 1810 1697 1853 in
1715 1813 1803 1854 Do-

406 1897 427 1919 »
462 1879 647 1922 minum.
685 1879 910 1923 Videbunt
939 1879 1059 1939 justi.
1089 1897 1109 1920 >›
1137 1880 1221 1932 Qui
1247 1880 1381 1939 justi?
1406 1880 1576 1924 Fideles
1603 1900 1611 1925 :
1643 1900 1663 1922 «
1692 1882 1801 1934 Quia

405 1967 425 1990 »
457 1951 600 2009 justus
623 1966 672 1992 ex
695 1948 781 1992 fide
804 1950 950 1993 vivit5.
974 1968 993 1990 n
1012 1950 1186 1993 Etenim
1209 1950 1254 1994 in
1277 1950 1467 1994 Ecclesia
1490 1951 1569 1994 iste
1590 1951 1697 1995 ordo
1718 1960 1798 2006 est,

403 2019 471 2064 alii
493 2019 762 2079 praecedunt,
779 2020 849 2063 alii
865 2030 1134 2080 sequuntur:
1155 2030 1196 2065 et
1214 2021 1290 2081 qui
1305 2020 1578 2081 prfeeedunt,
1601 2021 1800 2082 exemplo

402 2107 446 2136 se
485 2091 684 2150 praebent
724 2092 1030 2151 sequentibus,
1074 2101 1117 2136 et
1159 2093 1235 2152 qui
1270 2103 1537 2153 sequuntur,
1574 2093 1801 2138 imitantur

402 2162 710 2222 praecedentes.
742 2162 825 2207 Sed
849 2171 892 2206 et
914 2161 975 2205 illi
999 2163 1073 2222 qui
1095 2179 1139 2205 se
1163 2162 1362 2223 exemplo
1385 2163 1587 2223 praebent
1614 2179 1802 2223 sequen-

402 2232 542 2287 tibus,
577 2232 796 2292 numquid
830 2232 1051 2276 neminem
1085 2235 1361 2293 sequuntur?
1397 2234 1439 2278 Si
1474 2234 1693 2277 nemiuem
1730 2249 1798 2277 se-

402 2313 616 2363 quuntur,
637 2304 862 2347 errabunt.
892 2306 1143 2363 Sequuntur
1156 2319 1259 2362 ergo
1281 2313 1323 2348 et
1338 2304 1398 2347 illi
1416 2304 1633 2363 aliquem,
1654 2305 1798 2364 ipsum

403 2375 640 2419 Christum.
676 2373 877 2419 Meliores
910 2374 1074 2434 quique
1097 2373 1142 2417 in
1164 2373 1354 2419 Ecclesia
1375 2409 1386 2428 ‚
1413 2374 1576 2433 quibus
1610 2390 1699 2418 non
1728 2390 1799 2418 re-

404 2445 562 2488 mansit
574 2445 810 2504 jamhomo
831 2460 962 2505 quem
978 2444 1218 2499 imitentur,
1243 2444 1345 2504 quia
1363 2459 1512 2488 omnes
1527 2445 1797 2504 proficiendo

453 2547 462 2563 ¹
486 2540 601 2582 Eplws.
621 2552 654 2582 v,
670 2541 724 2573 23.
745 2557 787 2563 —-
803 2547 815 2562 ²
834 2543 924 2572 Rom.
944 2540 1085 2582 v111,23.
1109 2557 1150 2563 --
1171 2538 1404 2582 ³Maul1.xxv‚
1429 2540 1482 2573 35.
1496 2558 1538 2565 --
1555 2538 1570 2571 4
1590 2543 1663 2573 Act.
1684 2541 1787 2583 1x‚4.

405 2614 447 2620 —-
468 2595 482 2621 5
502 2598 622 2630 Habac.
645 2608 683 2638 n,
699 2594 733 2639 4,
754 2601 789 2630 et
807 2599 898 2630 Rom.
916 2608 939 2637 1,
963 2607 1013 2638 ¹7-
