1841 3223
241 238 482 286 finitumve
514 259 529 284 1
562 259 608 285 nv
641 256 843 286 PsALMuM
874 257 1059 296 xxxvm,
1095 256 1220 284 sitast.
1257 259 1286 285 1.
1386 242 1468 283 165

82 337 181 366 nem
205 323 320 383 ejus,
346 333 386 366 et
399 323 499 367 vide
522 322 555 366 si
578 338 667 366 non
692 331 754 366 est
782 338 891 367 vana
913 342 922 368 ε
942 331 994 367 ut
1013 321 1148 367 calces
1166 337 1287 378 eam,
1310 320 1474 365 transi—

82 392 158 436 lias
180 408 299 448 eam,
325 401 369 437 et
389 392 559 437 habites
582 392 628 435 in
651 391 826 437 excelsis
841 428 852 448 ‚
877 393 954 436 ubi
985 409 1075 437 non
1097 402 1160 437 est
1180 393 1259 437 ista
1283 391 1466 437 vanitas.

81 465 190 516 Quae
210 463 406 508 vanitas?
427 482 448 505 «
464 463 760 518 Thesaurizat‚
786 472 830 507 et
845 478 935 508 non
958 464 1180 522 cognoscit
1197 464 1267 508 cui
1292 477 1470 521 congre-

83 551 103 575 »
126 533 246 592 gabit
266 549 330 577 ea.
349 551 369 574 »
386 534 424 577 0
443 532 594 577 insana
609 531 800 578 vanitas!
827 551 847 574 (ι
867 535 1024 577 Beatus
1041 535 1166 593 cujus
1184 542 1246 578 est
1258 532 1470 577 Dominus

85 624 101 645 »
123 619 217 663 spes
238 604 352 664 ejus,
378 612 421 647 et
443 619 531 647 non
555 603 738 663 respexit
760 603 805 646 in
826 602 1037 647 vanitates
1065 613 1108 647 et
1129 603 1314 648 insanias
1344 618 1471 647 men-

82 692 102 715 »
121 674 288 718 daces1.
301 694 318 715 »
330 673 520 719 Delirare
532 673 613 717 tibi
625 672 790 727 videor,
807 688 948 729 avare,
965 689 1064 718 cum
1079 674 1172 718 haec
1185 673 1342 734 loquor
1355 693 1362 719 :
1375 674 1472 718 ani-

78 743 240 789 cularia
263 745 343 789 tibi
364 743 569 789 videntur
596 745 691 789 haec
712 744 860 789 verba.
887 747 953 788 Tu
974 744 1091 788 enim
1112 742 1314 788 videlicet
1336 744 1471 788 homo

76 815 224 874 magni
257 815 425 861 consilii
453 829 710 875 magnaeque
740 814 1012 875 prudentiae,
1039 815 1254 874 excogitas
1276 813 1470 875 quotidie

76 900 233 944 genera
260 886 537 947 acquirendae
560 886 756 946 pecuniae
771 922 782 942 ,
798 886 853 930 de
874 886 1048 945 negotio
1066 922 1077 941 ‚
1103 886 1158 931 de
1181 886 1466 945 agricultura,

75 956 263 1001 fortassis
278 967 321 1001 et
342 957 397 1002 de
419 957 616 1018 eloquio,
643 958 697 1001 de
715 956 1187 1018 juris-consultatione‚
1209 957 1264 1001 de
1283 956 1436 1001 militia
1453 991 1466 1013 ‚

75 1026 196 1072 addis
214 1036 257 1071 et
278 1026 333 1071 de
351 1027 537 1072 foeno're.
557 1030 698 1072 Homo
714 1027 916 1072 cordatus
934 1027 1044 1072 nihil
1061 1027 1356 1087 praetermittis
1371 1042 1469 1071 om·-

74 1099 179 1143 nino
196 1134 207 1153 ‚
232 1097 353 1143 unde
374 1114 580 1143 nummus
603 1114 734 1158 super
756 1114 1010 1155 nummum,
1036 1109 1079 1144 et
1100 1100 1145 1143 in
1168 1099 1340 1144 occulto
1363 1098 1468 1144 dili-

74 1169 244 1228 gentius
266 1170 514 1228 castigetur,
532 1169 801 1229 Depraedaris
823 1170 1070 1225 hominem,
1092 1185 1216 1216 caves
1239 1169 1468 1229 depraeda-

73 1249 212 1284 torem
236 1259 244 1284 :
268 1238 389 1300 quod
403 1238 506 1284 facis
524 1240 650 1284 times
673 1256 728 1284 nc
745 1240 942 1300 patiaris,
963 1250 1006 1285 et
1028 1241 1074 1284 in
1097 1256 1148 1285 eo
1170 1239 1289 1301 quod
1308 1241 1468 1300 pateris

71 1325 162 1354 non
182 1319 226 1354 te
247 1310 438 1369 corrigis.
462 1310 548 1355 Sed
569 1326 660 1355 non
680 1311 839 1371 pateris
860 1328 868 1353 z
889 1310 1082 1371 prudens
1104 1311 1220 1355 enim
1238 1312 1371 1356 homo
1393 1326 1462 1370 es;

72 1381 184 1426 bene
207 1397 370 1438 servas,
403 1398 493 1427 non
516 1381 657 1427 solum
681 1382 794 1427 bene
813 1382 977 1441 colligis
1008 1403 1017 1428 :
1042 1383 1178 1428 habes
1195 1383 1273 1427 ubi
1295 1399 1431 1443 ponas
1450 1417 1462 1439 ‚

73 1453 143 1497 cui
162 1452 434 1509 committas,
458 1452 682 1514 quomodo
700 1454 809 1498 nihil
823 1462 973 1513 pereat
994 1469 1046 1498 ex
1069 1469 1120 1498 eo
1137 1454 1259 1514 quod
1281 1470 1467 1514 congre-

71 1524 193 1582 gasti.
236 1526 462 1582 Interrogo
488 1540 563 1569 cor
595 1533 746 1585 tuum,
772 1524 957 1570 discutio
985 1525 1265 1585 prudentiam
1297 1535 1420 1570 tuam
1451 1544 1461 1572 :

70 1596 183 1639 Ecce
204 1594 414 1653 collegisti
433 1631 444 1650 ‚
476 1611 577 1640 ecce
598 1595 656 1639 ita
679 1597 882 1651 servasti,
907 1604 959 1640 ut
979 1595 1087 1640 nihil
1110 1596 1244 1655 possis
1267 1597 1466 1642 amittere

69 1679 221 1709 eorum
238 1681 338 1725 quae
355 1665 546 1721 servasti,
568 1664 638 1710 dic
660 1666 782 1720 mihi,
799 1666 870 1710 cui
891 1668 1059 1710 servas?
1080 1669 1178 1711 Non
1196 1676 1343 1711 tecum
1361 1683 1460 1726 ago,

68 1751 157 1794 non
174 1751 484 1790 commemoro,
503 1751 593 1780 non
606 1751 815 1794 exaggero
833 1735 1051 1795 quidquid
1070 1735 1189 1779 aliud
1206 1736 1309 1780 mali
1328 1738 1463 1783 habet

68 1806 244 1850 avaritia
270 1806 470 1850 vanitatis
498 1814 584 1849 tuae
612 1825 621 1850 z
646 1806 730 1849 1100
756 1821 894 1849 unum
917 1822 1115 1865 propono
1131 1842 1142 1861 ,
1170 1807 1252 1851 hoc
1274 1806 1462 1854 discutio

67 1875 186 1936 quod
204 1876 310 1920 mihi
330 1875 404 1920 dat
426 1876 592 1920 occasio
613 1874 809 1920 lectionis
830 1876 958 1936 hujus
975 1875 1146 1921 Psalmi.
1175 1880 1353 1922 Prorsus
1375 1879 1462 1923 001·

67 1947 185 2006 ligis,
214 1947 474 1992 thesaurizas
496 1967 505 2003 3
533 1963 621 1991 non
643 1946 741 1992 dico
767 1967 776 1991 :
802 1950 864 1992 Ne
888 1946 999 1992 forte
1020 1948 1126 1992 dum
1149 1947 1314 2008 colligis
1336 1949 1464 1995 colli-

70 2018 180 2076 garis
201 2039 212 2076 3
237 2033 327 2062 non
349 2017 447 2062 dico
466 2020 553 2063 :Ne
568 2015 680 2062 forte
703 2033 804 2062 cum
825 2018 888 2063 vis
903 2033 993 2063 esse
1014 2018 1179 2079 praedo⁹
1205 2020 1260 2063 sis
1276 2020 1424 2079 praeda
1447 2041 1456 2067 ε

67 2089 151 2133 1100
174 2087 359 2145 apertius
388 2088 591 2149 eloquar3
620 2087 810 2132 fortassis
844 2089 958 2133 enim
994 2104 1135 2133 caecus
1161 2091 1338 2135 avaritia
1369 2107 1460 2137 non

68 2158 226 2202 audisti
243 2167 319 2202 aut
339 2157 588 2202 intellexisti
609 2179 621 2216 ·,
645 2174 734 2203 non
755 2158 867 2214 dico,
893 2158 1072 2219 inquam
1102 2178 1110 2204 ε
1135 2162 1198 2204 Νο
1223 2159 1335 2204 forte
1356 2176 1459 2206 cum

66 2229 130 2273 vis
154 2244 242 2273 esse
262 2228 412 2288 praedo
433 2229 634 2285 minoris,
660 2229 713 2273 sis
734 2229 879 2289 praeda
897 2230 1086 2290 majoris.
1109 2233 1207 2275 Non
1225 2230 1342 2274 enim
1364 2246 1460 2275 sen-

67 2300 120 2344 tis
139 2314 228 2343 esse
251 2307 295 2342 te
317 2299 361 2343 in
382 2299 489 2343 mari
507 2334 518 2354 ‚
543 2315 623 2344 nec
650 2300 789 2344 cernis
810 2300 997 2344 minores
1021 2300 1155 2361 pisces
1175 2317 1197 2345 a
1219 2301 1456 2360 majoribus

67 2369 279 2414 devorari.
303 2372 402 2415 Non
423 2368 521 2415 dico
540 2369 643 2426 ista,
675 2385 764 2415 non
788 2370 886 2415 dico
904 2369 1181 2416 difficultates
1199 2380 1242 2415 et
1263 2372 1457 2431 pericula

67 2441 114 2484 in
135 2441 226 2499 ipsa
248 2440 564 2500 conquisitione
587 2441 805 2501 pecuniae,
839 2450 1002 2502 quanta
1023 2443 1242 2502 patiantur
1261 2443 1337 2503 qui
1360 2459 1456 2488 eam

67 2509 306 2569 colligunt,
337 2527 472 2572 quam
504 2512 551 2558 in
582 2513 786 2559 omnibus
817 2512 1132 2572 periclitentur,
1171 2514 1216 2559 in
1249 2514 1453 2560 omnibus

116 2601 125 2618 ¹
149 2595 231 2628 rsal.
250 2605 361 2637 xxxix,
380 2595 412 2628 5.
