1841 3223
351 219 406 257 66
791 225 824 254 s.
860 226 1090 253 Aucusmm
1114 227 1292 252 El‘lscol‘l

351 294 497 339 didisti
523 294 568 336 in
587 293 807 337 Christum
827 311 837 347 3
861 306 996 350 quarc
1011 289 1257 334 credidisti?
1277 289 1393 343 Quid
1416 289 1494 333 tibi
1513 289 1737 349 promisit?

353 367 395 410 Si
410 364 658 409 felicitatem
674 360 818 406 saeculi
834 361 962 419 hujus
982 361 1057 405 tibi
1073 361 1267 420 promisit
1283 361 1498 415 Christus,
1514 375 1740 403 murmura

349 434 798 488 adversusChristum‚
814 447 1038 477 murmura
1053 432 1256 477 adversus
1271 432 1413 487 illum,
1431 431 1609 492 quando
1620 432 1740 475 vides

348 505 571 550 infidelem
594 503 779 548 felicem.
808 503 925 556 Quid
947 503 1023 548 tibi
1046 504 1243 563 promisit
1265 501 1512 547 felicitatis?
1529 501 1638 562 quid
1660 500 1742 544 nisi

347 577 394 620 in
434 574 747 620 resurrectione
776 583 1050 618 mortuorum
1064 577 1081 615 Υ
1113 573 1231 627 Quid
1260 583 1406 618 autem
1435 574 1480 617 in
1511 573 1592 616 hac
1623 571 1741 616 vita?

348 645 479 700 Quod
500 647 590 706 ipse
609 665 617 690 :
638 644 762 705 quod
776 645 864 704 ipse
881 680 892 701 ‚
919 645 1112 705 inquam.
1139 649 1208 688 An
1231 643 1479 703 dedignaris
1499 658 1636 698 serve,
1659 641 1743 686 dis-

348 717 519 778 cipule,
555 716 677 778 quod
704 716 915 761 Dominus
932 752 942 771 a
979 715 1098 776 quod
1134 715 1364 773 magister?
1394 717 1550 760 Nonne
1572 713 1627 757 ab
1649 712 1743 772 ipso

350 789 474 833 audis
493 808 501 833 ι
524 791 658 834 «Non
676 796 739 832 est
759 803 905 832 servus
928 789 1066 847 major
1088 787 1266 831 domino
1289 802 1383 841 suo,
1410 795 1453 830 et
1475 801 1565 830 non
1582 793 1646 829 est
1659 784 1744 828 dis-

352 879 373 902 »
408 859 578 920 cipulus
596 876 725 920 super
742 860 995 918 magistrum
1011 861 1080 902 ¹9»
1103 858 1180 902 Ille
1199 874 1277 919 pro
1291 868 1333 902 te
1347 852 1535 912 dolores,
1553 847 1739 914 flagella,

350 932 585 992 opprobria
602 967 613 986 ‚
638 947 836 985 crucem,
864 939 1048 974 mortem
1075 945 1222 989 passus
1250 938 1327 974 est.
1364 932 1422 974 Et
1451 928 1559 990 quid
1587 929 1745 979 horum

343 1004 462 1064 justo
481 1002 754 1046 debebatur?
770 1001 878 1062 quid
891 1016 982 1045 non
1000 1001 1079 1044 tibi
1095 1000 1311 1061 peccatori
1328 999 1604 1044 debehatur?
1627 1001 1745 1057 Ergo

350 1084 451 1119 tene
474 1072 688 1118 directum
712 1072 891 1117 oculum
914 1082 1063 1127 tuum,
1085 1088 1140 1116 ne
1161 1072 1362 1116 turbetur
1381 1087 1472 1131 prae
1494 1072 1555 1115 ira
1582 1090 1591 1115 :
1616 1090 1636 1113 (ι
1661 1074 1746 1115 De-

352 1164 373 1188 »
409 1146 500 1190 sine
521 1145 576 1189 ab
595 1145 657 1189 ira
675 1180 686 1200 ‚
710 1154 752 1189 et
774 1143 1030 1204 derelinque
1051 1143 1414 1202 indignationem.
1439 1145 1503 1188 Ne
1525 1142 1746 1187 subaemu-

353 1236 374 1260 >³
411 1217 509 1262 leris
532 1227 582 1262 ut
611 1216 800 1276 maligne
819 1216 946 1261 facias
976 1236 984 1261 :
1012 1235 1031 1258 »
1061 1216 1184 1277 quasi
1206 1215 1416 1260 imitando
1439 1230 1539 1259 eum
1561 1215 1637 1275 qui
1654 1229 1748 1258 ma·-

350 1287 469 1347 ligne
510 1286 711 1332 faciendo
746 1288 872 1332 floret
898 1287 954 1330 ad
983 1296 1170 1346 tempus.
1201 1306 1221 1329 «
1246 1290 1310 1331 Ne
1340 1284 1661 1340 subaemuleris,
1698 1293 1748 1329 ut

354 1379 375 1402 >›
411 1360 599 1418 maligne
623 1359 767 1404 facias.
804 1360 1021 1412 Quoniam
1045 1359 1121 1419 qui
1144 1358 1332 1417 maligne
1355 1367 1490 1416 agunt
1507 1393 1517 1412 ,
1545 1355 1749 1400 extermi—

355 1451 376 1475 »
411 1433 650 1477 nabuntur.
673 1451 692 1473 η
717 1432 801 1477 Sed
824 1430 1078 1475 felicitatem
1097 1446 1248 1475 corum
1265 1429 1410 1474 video.
1430 1427 1569 1474 Crede
1591 1427 1653 1472 illi
1671 1427 1749 1488 qui

353 1503 458 1548 dicit
479 1520 487 1544 :
520 1523 539 1545 «
563 1502 986 1547 Exterminabuntur
1009 1521 1017 1546 ε
1043 1521 1061 1542 »
1088 1501 1189 1561 quia
1212 1500 1366 1544 melius
1385 1499 1458 1544 ille
1475 1498 1595 1544 videt
1616 1513 1749 1559 quam

355 1584 429 1630 tu,
455 1575 580 1634 cujus
597 1572 775 1618 oculum
801 1572 976 1616 turbare
999 1572 1060 1615 ira
1084 1586 1173 1615 non
1196 1580 1353 1631 potest.
1385 1590 1404 1613 «
1431 1570 1649 1624 Quoniam
1673 1568 1750 1630 qui

356 1664 378 1688 ))
413 1644 604 1703 maligne
637 1653 800 1702 agunt,
839 1642 1260 1687 exterminabuntur.
1297 1643 1567 1687 Sustinentes
1603 1649 1750 1684 autem

357 1735 378 1758 ³>
415 1715 665 1760 Dominum.
692 1732 710 1754 »
737 1715 835 1758 Non
868 1713 984 1756 enirn
1007 1712 1198 1773 aliquem
1219 1713 1421 1758 fallacem
1439 1748 1450 1768 ‚
1487 1712 1564 1757 sed
1596 1712 1752 1773 utique

356 1787 491 1847 ipsam
507 1786 735 1831 veritatem
757 1804 765 1828 :
790 1799 880 1828 non
897 1784 1013 1827 enim
1032 1779 1221 1844 aliquem
1243 1784 1386 1828 minus
1408 1782 1650 1839 valentem,
1677 1781 1752 1827 sed

360 1878 380 1901 >›
417 1859 570 1919 utique
602 1857 964 1916 omnipotentem.
1008 1856 1278 1900 Sustinentes
1315 1864 1460 1900 autem
1490 1855 1748 1910 Dominum,

360 1949 382 1972 ³)
416 1930 496 1990 ipsi
529 1927 784 1973 haereditate
814 1926 1101 1987 possidebunt
1129 1931 1330 1971 terram&
1357 1946 1376 1968 »
1405 1930 1548 1980 Quam
1574 1935 1749 1981 terram,

359 2000 442 2046 nisi
462 1999 582 2043 illam
595 1997 852 2053 Jerusalem,
867 1999 937 2058 cuj
946 2013 993 2041 us
1009 2012 1154 2042 amore
1167 1998 1245 2058 qui
1258 1996 1511 2052 exardescit,
1530 1997 1754 2057 perveniet

363 2072 419 2118 ad
439 2074 617 2132 pacem?

419 2146 476 2188 X.
508 2143 593 2189 Sed
620 2140 817 2204 quandiu
842 2148 1046 2201 peccator
1077 2139 1235 2184 floret?
1269 2139 1467 2201 quandiu
1501 2139 1756 2184 sustinebo?

361 2215 558 2261 Festinas
584 2233 594 2259 ι
620 2214 706 2259 cito
729 2213 810 2257 erit
832 2212 951 2274 quod
980 2211 1060 2256 tibi
1082 2211 1159 2255 diu
1182 2221 1259 2256 est.
1290 2212 1523 2256 Infirmitas
1547 2210 1648 2255 facit
1676 2211 1755 2255 diu

361 2286 499 2332 videri
511 2285 633 2348 quod
652 2285 740 2330 cito
751 2293 828 2328 est.
850 2283 1082 2337 Quomodo
1096 2283 1382 2327 inveniuntur
1399 2281 1609 2326 desideria
1621 2297 1757 2341 aegro-

363 2359 539 2402 torum?
562 2355 679 2401 Nihil
706 2354 883 2410 tandiu,
909 2369 1041 2415 quam
1074 2363 1125 2398 ut
1146 2353 1257 2398 calix
1284 2353 1444 2398 sitienti
1467 2363 1750 2414 temperetur.

366 2429 528 2490 Utique
557 2426 784 2471 festinatur
816 2443 840 2470 a
873 2426 982 2480 suis,
1023 2440 1078 2468 ne
1114 2422 1227 2469 forte
1258 2423 1510 2469 offendatur
1536 2425 1751 2469 infirmus.

367 2498 556 2554 Quando
569 2498 666 2542 fiet?
679 2497 857 2558 quando
875 2498 1119 2556 coquetur?
1135 2494 1314 2556 quando
1325 2495 1532 2540 dabitur?
1548 2494 1756 2541 Celeritas

412 2583 430 2607 ⁴¹
449 2586 541 2616 Joan.
562 2591 631 2625 nv,
654 2583 704 2615 16.
723 2599 763 2605 —
782 2589 794 2606 2
815 2583 894 2615 Psal.
916 2591 1024 2624 xxxvi,
1043 2593 1075 2624 9.
