1841 3223
406 212 648 244 emam-no
679 217 726 243 nv
757 214 960 244 PsALMUM
992 217 1078 244 1.1v.
1379 204 1462 243 535

81 278 299 340 numquid
318 279 511 341 perfecte
527 280 582 324 de
595 279 852 340 poenitentia
874 291 1108 327 tractatum
1126 290 1203 336 est,
1229 290 1463 341 antequam

81 350 338 395 obsisterent
352 350 605 396 Novatiani‘?
622 351 689 396 Sic
704 366 793 395 non
807 351 997 410 perfecte
1007 352 1065 397 de
1078 352 1341 412 Baptismate
1357 361 1467 396 trac·
1490 350 1493 354 ⁴

79 430 221 466 tatum
237 431 317 477 est,
333 430 568 481 antequam
581 420 930 466 contradicerent
954 422 1055 466 foris
1078 422 1204 481 positi
1226 423 1464 482 rebaptiza-

79 501 214 550 tores3
244 507 324 536 nec
344 491 400 536 de
433 492 525 551 ipsa
557 491 726 535 unitate
759 491 916 537 Christi
939 492 1164 537 enucleate
1193 492 1307 537 dicta
1340 491 1465 538 erant

78 579 179 623 quae
195 562 310 607 dicta
320 571 438 618 sunt,
453 562 534 607 nisi
544 571 827 622 posteaquam
844 563 1056 622 separatio
1073 562 1146 608 illa
1159 579 1314 623 urgere
1329 564 1464 623 coepit

80 632 231 678 fratres
247 633 442 677 infirmos
456 668 467 688 ,
487 642 538 677 ut
552 634 642 693 jam
659 632 723 676 illi
744 633 821 693 qui
837 643 1048 677 noverant
1066 634 1161 678 haec
1184 643 1367 678 tractare
1394 644 1462 678 at-

78 719 164 764 que
181 703 429 758 dissolvere,
449 719 504 747 ne
525 704 718 763 perirent
734 703 895 747 infirmi
910 703 1126 749 sollicitati
1148 705 1464 766 quaestionibus

77 775 342 833 impiorum,
377 773 650 818 sermonibus
683 783 727 818 et
759 773 1127 834 disputationibus
1163 775 1250 819 suis
1279 777 1462 820 obscura

79 845 201 903 Legis
234 846 281 889 in
306 843 536 905 publicum
563 844 847 889 deducerent.
881 849 997 905 Ergo
1020 845 1082 890 illi
1105 845 1229 891 divisi
1251 856 1352 890 sunt
1374 862 1465 906 prae

76 916 138 960 ira
158 914 308 961 vultus
323 917 435 976 ejus,
459 924 502 959 et
522 915 649 959 nobis
667 915 723 959 ad
745 915 1079 975 intelligendum
1099 918 1466 978 appropinquavit

76 1001 151 1031 cor
171 987 278 1046 ejus.
301 989 454 1047 Itaque
475 985 701 1044 intelligite
716 985 827 1030 illud
846 986 965 1047 quod
987 988 1033 1030 in
1056 986 1226 1032 Psalmo
1248 987 1332 1032 alio
1350 1003 1467 1033 com·
1532 1023 1545 1024 ἶ

76 1058 333 1102 memoravit
354 1077 364 1103 ι
387 1077 408 1100 «
426 1058 714 1117 Congregatio
730 1067 954 1103 taurorum
970 1095 981 1114 ,
1006 1059 1051 1103 id
1072 1068 1156 1114 est,
1178 1060 1467 1119 superborum

79 1146 100 1170 »
135 1137 491 1189 cornupetarum,
507 1129 619 1173 inter
631 1144 780 1173 vaccas
797 1129 1105 1189 populorum.»
1122 1134 1235 1183 Quas
1249 1130 1354 1174 dixit
1368 1146 1467 1175 vac-

76 1201 174 1244 cas?
184 1200 361 1245 Animas
376 1199 669 1244 seductibiles.
689 1200 855 1261 thuid
870 1201 978 1245 hoc?
991 1221 1010 1243 «
1028 1203 1085 1245 Ut
1099 1200 1387 1245 excludantur
1402 1202 1464 1257 hi,

77 1288 98 1312 »
133 1270 180 1315 id
206 1280 294 1327 est,
334 1280 571 1332 appareant
604 1272 680 1332 qui
712 1271 931 1327 latebant,
957 1272 1033 1332 qui
1067 1272 1239 1332 probati
1267 1282 1369 1317 sunt
1398 1289 1467 1317 ar-

76 1358 98 1383 »
133 1350 279 1400 gento.
302 1359 324 1382 n
345 1340 459 1394 Quid
475 1351 554 1397 est,
583 1360 604 1384 «
622 1343 843 1400 Argento?
863 1361 883 1384 »
909 1342 1097 1404 Eloquio
1117 1343 1208 1387 Dei.
1234 1363 1253 1385 «
1278 1343 1464 1404 Eloquia

77 1429 98 1453 η
131 1411 306 1456 Domini
328 1411 501 1472 eloquia
518 1421 651 1467 casta,
672 1423 900 1471 argentum
915 1414 1016 1472 igne
1031 1415 1339 1469 examinatum,
1364 1429 1466 1473 pro-

77 1500 97 1523 »
133 1481 281 1526 babile
307 1491 457 1537 terrae,
485 1491 720 1541 purgatum
741 1484 898 1542 septies
927 1492 1097 1528 tantum
1114 1486 1143 1526 1.
1172 1503 1191 1525 n
1216 1487 1345 1529 Hunc
1372 1500 1464 1528 sen·

73 1566 169 1596 sum
191 1552 429 1597 obscurum
453 1551 599 1596 videte
627 1552 1000 1612 quemadmodum
1031 1553 1076 1596 in
1099 1553 1241 1598 lucem
1265 1554 1466 1599 excludat

71 1621 332 1682 Apostolus:
361 1641 382 1665 «
406 1624 611 1682 Oportet,
637 1623 797 1682 inquit,
822 1632 866 1666 et
887 1623 1069 1668 haereses
1091 1639 1196 1678 esse,
1220 1633 1269 1668 ut
1291 1625 1464 1684 probati

76 1710 98 1734 »
131 1692 351 1737 manifesti
366 1693 599 1738 fiantinter
616 1709 692 1738 vos
706 1695 737 1737 ².
762 1711 782 1734 »
806 1694 919 1747 Quid
937 1703 1015 1750 est,
1032 1713 1051 1736 «
1068 1695 1272 1739 Probati?
1286 1696 1463 1740 Probati

77 1779 97 1804 »
133 1771 333 1821 argento,
357 1779 378 1803 »
401 1762 574 1822 probati
596 1763 788 1823 eloquio.
812 1763 925 1816 Quid
945 1773 1023 1819 est,
1045 1783 1064 1805 «
1090 1764 1308 1809 Manifesti
1330 1766 1463 1809 fiant?

76 1851 97 1875 »
131 1831 448 1877 Excludantur.
465 1836 639 1886 »Quare
655 1833 769 1877 hoc?
787 1836 970 1892 Propter
986 1835 1227 1879 haereticos.
1253 1834 1365 1888 Quid
1381 1845 1460 1892 est,

72 1913 250 1964 propter
272 1904 512 1949 haereticos,
546 1906 730 1963 Propter
760 1903 1139 1962 congregationem
1171 1923 1192 1947 «
1220 1908 1462 1950 Taurorum

76 1992 97 2016 »
131 1974 245 2018 inter
275 1989 426 2020 vaccas
456 1972 740 2035 populorum.
764 1992 783 2014 n
814 1974 881 2019 Sic
904 1989 1007 2033 ergo
1030 1984 1073 2018 et
1096 1975 1141 2018 hi
1171 1994 1190 2017 «
1211 1976 1340 2020 Divisi
1362 1986 1464 2021 sunt

75 2061 96 2085 »
129 2059 222 2104 prae
243 2044 305 2089 ira
320 2043 469 2090 vultus
492 2045 583 2105 ejus
600 2079 612 2099 ,
638 2053 682 2088 et
703 2044 1067 2105 appropinquavit
1084 2061 1159 2090 cor
1175 2045 1305 2090 illius.
1330 2065 1349 2088 »

131 2116 299 2158 XXIII.
338 2114 528 2160 «Molliti
554 2123 659 2159 sunt
689 2130 906 2159 sermones
936 2116 1027 2174 ejus
1059 2131 1188 2175 super
1220 2116 1389 2172 oleum,
1419 2108 1475 2163 et*

76 2202 97 2226 »
130 2184 212 2244 ipsi
245 2193 347 2230 sunt
372 2185 561 2246 jaculass.
588 2204 608 2227 »
634 2184 845 2238 Quaedam
874 2185 989 2229 enim
1019 2186 1065 2229 in
1098 2187 1328 2246 Scripturis
1352 2188 1462 2233 dura

72 2254 353 2311 videbantur,
390 2271 491 2300 cum
522 2255 706 2300 obscura
733 2264 904 2313 essent3
934 2256 1121 2315 exposita
1147 2256 1313 2301 mollita
1341 2268 1456 2303 sunt.

72 2326 182 2370 Nam
199 2334 242 2369 et
258 2325 398 2384 prima
419 2326 590 2370 haeresis
617 2326 663 2370 in
680 2324 909 2384 Discipulis
932 2326 1092 2370 Christi
1114 2327 1235 2372 velut
1257 2344 1279 2371 a
1302 2327 1461 2373 duritia

72 2396 281 2440 sermonis
307 2396 440 2456 ipsius
462 2395 576 2441 facta
600 2406 678 2441 est.
700 2399 809 2442 Cum
834 2396 949 2440 enim
973 2396 1135 2442 diceret
1169 2419 1176 2443 :
1212 2399 1331 2444 «Nisi
1363 2401 1459 2460 quis

74 2483 95 2506 n
130 2465 456 2512 manducaverit
493 2483 669 2512 carnem
710 2482 849 2511 meam
866 2502 877 2522 ,
922 2475 965 2510 et
1006 2468 1165 2514 biberit
1201 2471 1455 2528 sanguinem

122 2558 129 2573 ¹
151 2552 233 2583 Psal.
258 2563 304 2593 Χῖ,
323 2564 353 2594 7.
375 2570 416 2576 —-
434 2561 447 2576 2
466 2565 479 2585 1
507 2555 579 2586 Cor.
604 2565 645 2592 xi,
670 2565 719 2595 ¹9·
743 2571 783 2575 -—
811 2551 823 2575 3
843 2553 923 2584 psal.
946 2563 1007 2593 mv,
1028 2563 1080 2586 2¹2.
