1841 3223
350 195 436 235 362
754 203 789 232 s.
825 203 1056 233 Avensa-nn
1088 205 1270 233 Emscom

353 292 371 313 »
407 280 494 315 tem
519 285 609 314 non
626 269 834 324 habeam,
860 269 968 314 nihil
986 269 1093 313 mihi
1115 268 1313 329 prodest1
1334 287 1377 314 ι»
1405 268 1480 314 sed
1497 269 1603 314 tales
1624 285 1736 330 quos

348 358 448 387 vere
462 341 621 386 Christi
635 349 679 384 et
694 341 884 385 veritatis
907 341 1092 385 charitas
1114 340 1370 400 perduceret
1389 341 1443 385 ad
1465 341 1704 399 passionem
1724 360 1734 386 :

348 412 455 472 quid
489 412 548 455 eis
582 409 780 456 fecerunt
807 413 1067 456 tentationes
1090 411 1390 456 soevientium‘?
1413 414 1623 472 Majorem
1644 412 1738 456 vio-

347 483 526 528 lentiam
554 482 806 528 habuerunt
826 483 943 528 oculi
976 484 1176 528 flentium
1202 498 1404 538 suorum,
1430 499 1561 543 quam
1591 499 1737 542 persc-

348 554 545 598 cutiones
575 554 895 598 insectantium.
928 556 1068 607 Quam
1103 552 1262 597 multos
1286 554 1400 597 enim
1431 553 1638 597 tenebant
1661 553 1739 598 filii

348 640 403 668 ne
426 627 710 684 paterentur?
738 640 870 685 quam
904 624 1144 669 multorum
1168 623 1350 682 genibus
1371 624 1740 683 provolvebantur

348 711 524 751 uxores,
550 711 605 741 ne
623 695 768 742 viduae
792 695 1174 755 relinquerentur?
1196 710 1327 754 quam
1358 693 1519 739 multos
1540 704 1739 754 parent-cs

348 766 425 810 filii
442 766 737 826 prohibebant
766 766 877 810 mori
894 800 904 820 ‚
936 766 1048 809 sicut
1075 765 1275 810 novimus
1298 774 1341 809 et
1363 764 1549 823 legimus
1572 766 1617 808 in
1639 781 1738 825 pas-

348 836 468 883 sione
510 836 650 880 beatae
689 837 943 895 Perpetuaei‘
976 838 1106 880 Facta
1141 844 1244 879 sunt
1275 835 1369 879 ista.
1414 835 1497 880 Sed
1534 835 1739 893 lacrymae

348 906 639 968 quantaelibet
666 915 709 950 et
741 905 1018 967 quantolibet
1040 907 1209 965 impetu
1230 906 1441 960 fluerent,
1467 905 1646 966 quando
1669 922 1739 950 ar-

347 976 500 1022 dorem
517 976 736 1021 charitatis
758 978 1087 1036 extinguerent?
1106 978 1210 1021 Haec
1232 986 1296 1021 est
1308 976 1443 1021 virtus
1462 976 1562 1021 Sion
1576 1012 1586 1031 ‚
1604 976 1674 1020 cui
1698 986 1741 1021 et

348 1047 453 1092 alibi
474 1045 634 1091 dicitur
662 1066 671 1091 :
708 1047 839 1092 «Fiat
859 1062 944 1107 pax
971 1048 1016 1090 in
1033 1047 1194 1091 virtute
1216 1056 1314 1102 tua,
1339 1056 1382 1091 et
1404 1046 1674 1091 abundantia
1695 1048 1740 1091 in

353 1138 371 1160 »
407 1118 601 1162 turribus
615 1117 699 1162 tuis
712 1120 744 1162 ².
763 1119 1034 1162 Annuntiate
1051 1117 1096 1161 in
1114 1119 1307 1162 turribus
1320 1119 1425 1178 ejus.
1444 1119 1597 1162 Ponite
1610 1117 1741 1163 corda

353 1209 372 1230 »
406 1197 549 1235 vestra
570 1188 616 1232 in
636 1188 800 1233 virtute
822 1189 913 1249 ejus
927 1223 938 1244 ‚
963 1197 1006 1232 et
1023 1187 1270 1233 distribuite
1287 1189 1439 1233 domos
1462 1190 1568 1249 ejus.
1598 1206 1619 1230 >›
1752 1248 1755 1249 ⁷

407 1260 528 1303 XIV.
556 1258 673 1312 Quid
704 1258 775 1303 hic
805 1258 1111 1317 intelligimus,
1139 1277 1158 1300 α
1182 1259 1336 1303 Ponite
1363 1259 1496 1303 corda
1522 1267 1662 1303 vestra
1696 1258 1741 1302 in
1766 1250 1769 1251 ⁷

358 1348 379 1372 »
414 1329 576 1373 virtute
597 1330 710 1388 ejus,
735 1338 778 1372 et
800 1328 1047 1373 distribuite
1070 1328 1222 1373 domos
1244 1330 1395 1389 ejusss‘?
1420 1347 1440 1370 »
1465 1328 1517 1373 Id
1533 1337 1597 1373 est
1616 1364 1626 1383 ‚
1650 1328 1741 1372 dis-

349 1400 537 1457 tinguite
560 1400 742 1444 domum
766 1416 790 1443 a
822 1399 953 1444 domo
969 1435 979 1454 ‚
1002 1399 1138 1444 nolite
1170 1399 1457 1445 confundere.
1486 1403 1649 1444 Domus
1680 1408 1742 1443 est

349 1470 467 1515 enim
492 1469 680 1516 formam
702 1470 874 1530 pietatis
896 1470 1086 1526 habens,
1123 1480 1164 1515 et
1189 1471 1397 1530 pietatem
1425 1486 1514 1515 non
1542 1470 1707 1514 habens
1730 1489 1738 1514 :

349 1549 413 1586 est
430 1548 576 1584 autem
598 1540 756 1584 domus
779 1550 822 1584 et
841 1538 1028 1585 sormam
1055 1550 1098 1585 et
1114 1541 1322 1600 pietatem
1339 1541 1520 1585 habens.
1547 1559 1567 1582 «
1587 1540 1742 1584 Distri-

352 1631 373 1655 »
407 1613 553 1667 buite,
578 1629 598 1653 »
617 1611 754 1656 nolite
770 1611 1056 1657 confundere.
1087 1615 1210 1657 Tunc
1233 1622 1379 1657 autem
1402 1611 1658 1656 distribuitis
1673 1647 1684 1667 ,
1700 1621 1744 1656 et

349 1700 440 1729 non
462 1682 755 1738 confunditis,
781 1683 959 1743 quando
982 1682 1114 1728 corda
1135 1692 1277 1728 vestra
1299 1684 1344 1728 in
1365 1684 1525 1728 virtute
1546 1684 1636 1743 ejus
1659 1698 1743 1742 po-

349 1755 448 1799 nitis
467 1789 478 1810 ,
513 1753 559 1798 id
580 1763 669 1809 est,
695 1768 798 1798 cum
819 1753 922 1798 facti
945 1751 1112 1797 fueritis
1135 1769 1213 1812 per
1232 1753 1487 1797 charitatem
1510 1752 1738 1812 spiritales.

351 1827 474 1869 Tunc
497 1834 659 1869 temere
677 1839 767 1868 non
796 1823 1074 1882 judicabitis3
1100 1835 1202 1868 tunc
1233 1823 1436 1868 videbitis
1459 1822 1568 1867 nihil
1591 1823 1742 1866 obesse

351 1897 477 1940 bonis
509 1895 672 1950 malos,
710 1894 908 1956 quandiu
942 1910 1089 1939 sumus
1111 1895 1155 1939 in
1178 1895 1259 1939 hac
1280 1909 1376 1938 area
1403 1913 1411 1937 :
1443 1912 1463 1935 «
1489 1893 1742 1937 Distribuite

353 1984 374 2008 n
409 1965 562 2010 domos
595 1967 701 2026 ejus.
742 1984 762 2006 »
796 1968 942 2010 Potest
976 1974 1019 2009 et
1041 1964 1148 2009 alius
1184 1979 1272 2008 esse
1294 1963 1556 2007 intellectus.
1584 1966 1743 2008 Domos

350 2036 444 2082 illas
466 2036 573 2081 duas
589 2072 601 2092 ,
631 2051 764 2081 unam
799 2051 850 2080 cx
872 2036 1200 2081 circumcisione
1215 2070 1226 2090 ,
1253 2034 1430 2078 alteram
1454 2049 1505 2077 ex
1526 2034 1742 2093 praeputio

350 2107 598 2152 venientem
618 2142 629 2163 ‚
657 2106 874 2166 Apostolis
897 2105 1063 2150 dictum
1083 2114 1171 2160 est,
1196 2113 1247 2149 ut
1275 2103 1598 2148 distribuerent.
1626 2106 1739 2148 Cum

351 2178 466 2222 enim
498 2185 679 2223 vocatus
700 2185 808 2221 esset
831 2175 986 2222 Saulus
1002 2211 1012 2230 ‚
1053 2185 1097 2219 et
1135 2174 1274 2220 factus
1296 2174 1515 2235 apostolus
1545 2174 1706 2219 Paulus
1726 2210 1736 2229 ,

351 2249 613 2296 conveniens
634 2248 679 2292 in
699 2248 911 2293 unitatem
934 2247 1319 2306 co-Apostolorum
1342 2260 1537 2299 suorum,
1563 2245 1622 2289 sic
1639 2260 1741 2289 cum

352 2320 410 2364 eis
432 2319 587 2364 habuit
615 2318 850 2379 placitum,
874 2326 924 2362 ut
944 2316 1006 2361 illi
1029 2318 1142 2361 irent
1170 2318 1215 2361 in
1235 2316 1603 2361 circumcisionem
1622 2351 1632 2370 ,
1660 2316 1739 2359 iste

350 2390 397 2434 in
422 2391 687 2450 praeputium
702 2391 733 2433 4.
762 2393 847 2434 Ista
869 2388 1187 2449 dispensatione
1209 2387 1473 2448 apostolatus
1495 2388 1560 2431 sui
1589 2386 1738 2431 distri-

351 2460 545 2506 buerunt
572 2460 723 2505 domos
745 2460 927 2505 civitatis
948 2459 1094 2518 magni
1117 2460 1250 2518 regis,
1285 2468 1328 2503 ct
1349 2456 1662 2503 concordantes
1695 2458 1737 2501 in

402 2552 409 2567 ¹
432 2556 442 2577 1
459 2547 533 2578 Cor.
554 2556 623 2587 xm,
640 2544 670 2576 3.
689 2561 729 2566 —
743 2552 756 2567 ²
773 2544 1063 2586 Psal.cxx1‚7.--
1085 2542 1159 2575 ³1d.
1184 2554 1278 2585 nvn,
1294 2542 1344 2584 ¹4·
1368 2558 1406 2563 -
1421 2541 1436 2571 4
1455 2542 1521 2574 Gal.
1542 2553 1576 2583 n,
1595 2553 1627 2583 ς).
