1841 3223
243 216 484 246 ENARnAno
516 220 531 246 1
562 219 609 246 IN
641 217 842 246 PsALMUM
874 219 1034 255 xxxw,
1070 217 1196 245 smmi.
1232 221 1262 245 1.
1381 211 1432 247 19

53 282 173 326 tem?
195 281 278 327 Ubi
299 290 362 329 est
387 296 490 339 ergo
511 281 596 325 hoc
625 281 744 340 quod
767 281 934 326 dictum
965 289 1055 325 est:
1081 300 1101 322 «
1128 280 1328 326 Custodit
1349 286 1438 327 Do-

55 369 76 393 »
111 351 256 399 minus
281 351 425 399 omnia
447 366 540 395 ossa
569 366 744 405 eorum,
781 367 919 395 unum
946 367 997 395 ex
1021 351 1087 396 his
1116 367 1206 396 non
1235 361 1435 396 contere-

56 439 77 464 »
112 425 225 479 tur13
243 422 363 471 »nisi
385 422 486 482 quia
510 436 604 466 ossa
624 419 831 465 dicuntur
845 421 890 464 in
906 437 1086 481 corpore
1098 422 1271 466 Domini
1289 439 1440 479 omnes

47 492 178 554 justi,
198 493 313 542 firmi
333 491 485 547 corde,
510 490 641 536 fortes
656 527 666 546 ‚
688 490 817 539 nullis
838 493 1210 551 persecutionibus
1232 503 1276 538 et
1296 503 1439 539 tenta-

53 563 242 608 tionibus
262 563 464 613 cedentes
485 562 541 611 acl
566 563 927 609 consentiendum
950 562 1064 608 malo
1078 566 1096 605 *ἱ
1118 567 1174 609 Et
1195 566 1315 609 unde
1337 581 1440 625 pos-

53 643 150 679 sent
175 633 306 684 nuliis
333 628 650 681 tentationibus
684 633 837 678 cedere
855 669 866 689 ,
904 634 983 677 nisi
1013 650 1114 678 cum
1145 646 1440 694 persecutores

54 705 274 756 dixerint:
308 708 422 755 Ecce
448 706 522 750 ille
549 709 663 750 Deus
679 741 689 761 ‚
728 721 827 750 ecce
855 705 996 766 qualis
1023 705 1097 749 ille
1120 709 1233 750 Deus
1260 727 1268 751 :
1295 709 1442 753 veniat

54 775 151 832 ille,
176 776 280 835 liget
299 777 381 822 tibi
401 795 412 822 t
437 792 538 822 ecce
555 786 619 821 est
638 777 708 821 hic
731 777 875 821 nescio
899 777 995 837 quis
1017 777 1063 820 in
1091 787 1241 821 monte
1258 793 1444 837 magnus

56 848 254 893 sacerdos
275 867 284 892 :
317 846 429 897 forte
449 847 549 892 ideo
574 863 740 908 pauper
762 863 806 893 es
822 883 833 903 ‚
858 847 959 908 quia
989 863 1079 892 non
1106 856 1149 891 te
1172 847 1350 908 adjuvat
1370 849 1444 894 ille

57 922 192 974 Deus,
217 918 412 980 supplica
431 918 524 975 illi,
547 930 590 964 et
612 920 789 980 adjuvat
810 939 819 965 :
844 919 957 965 forte
978 921 1076 965 ideo
1098 930 1282 979 aegrotas
1298 957 1309 977 ,
1341 922 1444 982 quia

56 988 118 1040 illi
143 1005 231 1035 non
249 989 490 1050 supplicas3
514 989 709 1050 supplica
726 990 812 1046 illi,
837 1001 881 1036 et
902 991 1172 1036 convalesces
1191 991 1329 1036 :forte
1347 991 1445 1038 ideo

57 1059 168 1104 filios
189 1076 278 1104 non
306 1060 464 1115 habes,
489 1060 685 1120 supplica
713 1059 776 1104 illi
793 1096 803 1115 ‚
828 1071 871 1105 et
894 1062 1088 1106 habebis.
1115 1063 1195 1107 Hic
1216 1079 1319 1108 vero
1343 1064 1376 1108 si
1400 1064 1446 1107 in

59 1147 240 1191 corpore
264 1131 436 1176 Domini
458 1130 513 1175 de
533 1131 699 1175 ossibus
723 1141 801 1186 cst,
821 1131 991 1191 repellit
1007 1148 1156 1177 omnes
1177 1134 1276 1178 istas
1300 1150 1442 1190 voces,

59 1211 104 1247 et
124 1202 230 1251 dicit
252 1221 261 1248 t
289 1221 310 1245 κ
332 1202 516 1251 Domine
531 1237 543 1258 ‚
577 1202 673 1262 quis
694 1201 843 1249 similis
862 1202 973 1246 tibi?
1001 1221 1021 1244 »
1047 1206 1109 1247 Da
1128 1239 1138 1258 ‚
1165 1204 1197 1247 si
1220 1204 1284 1248 vis
1312 1205 1416 1248 dare
1433 1240 1444 1260 ‚

60 1283 104 1317 et
136 1273 182 1316 in
212 1274 295 1318 hac
315 1273 402 1318 vita
419 1308 430 1328 ‚
455 1272 575 1333 quod
603 1289 752 1332 quaero
782 1290 791 1316 ε
821 1273 854 1316 si
879 1282 1023 1317 autem
1052 1290 1140 1318 non
1160 1275 1219 1319 vis
1240 1310 1250 1330 ‚
1278 1284 1327 1319 tu
1357 1285 1448 1320 esto

59 1343 148 1388 vita
167 1359 263 1387 mea
279 1379 290 1399 ‚
316 1359 448 1404 quern
477 1358 646 1402 semper
668 1358 833 1403 quaero.
862 1343 974 1387 Hinc
997 1343 1052 1387 ad
1074 1354 1115 1388 te
1136 1343 1273 1388 libera
1304 1345 1449 1390 fronte

61 1429 226 1469 exeam,
243 1414 276 1458 si
291 1413 425 1458 alium
449 1412 757 1468 adoravero‚et
779 1422 821 1457 te
839 1412 1064 1457 offendero
1077 1416 1094 1457 P
1107 1416 1210 1458 Cras
1228 1414 1341 1459 forte
1362 1431 1451 1460 mo-

59 1486 223 1530 riturus
250 1499 372 1541 sum,
409 1500 495 1549 qua
517 1483 662 1528 fronte
688 1493 730 1527 te
758 1483 944 1528 videbo?
973 1487 1132 1543 Magna
1157 1486 1447 1531 misericordia

61 1557 211 1618 ipsius,
235 1566 280 1601 et
295 1555 467 1601 monuit
487 1564 538 1599 ut
558 1555 671 1599 bene
694 1555 906 1609 vivarium,
932 1564 975 1599 et
998 1555 1113 1599 diem
1135 1557 1259 1601 nobis
1277 1558 1448 1602 novissi‹

63 1643 186 1672 mum
210 1627 357 1671 mortis
374 1635 532 1671 nostrae
556 1624 800 1680 abscondit,
823 1640 877 1668 ne
895 1625 1018 1669 nobis
1036 1624 1090 1669 de
1114 1626 1265 1671 futuro
1287 1627 1452 1688 aliquid

63 1698 384 1759 promittamus.
410 1695 541 1740 Facio
558 1694 710 1749 hodie,
744 1705 786 1738 ct
807 1695 932 1739 vivo:
958 1711 1050 1739 cras
1069 1712 1158 1740 non
1180 1696 1307 1742 facio.
1334 1699 1453 1752 Quid

66 1769 101 1814 si
117 1779 160 1814 te
181 1784 270 1813 non
293 1767 457 1811 invenit
480 1767 598 1810 cras?
621 1765 697 1811 Dic
723 1781 824 1824 ergo
849 1766 959 1810 inter
987 1769 1077 1810 oss'a
1103 1768 1263 1812 Christi
1284 1788 1293 1812 2
1325 1788 1343 1811 «
1365 1774 1454 1814 Do-

69 1858 92 1883 »
124 1839 264 1894 mine,
287 1838 384 1899 quis
411 1836 559 1881 similis
587 1835 694 1879 tibi?
721 1835 878 1879 Omnia
906 1851 997 1880 ossa
1020 1852 1115 1881 mea
1151 1837 1298 1883 dicent
1324 1860 1332 1884 z
1363 1844 1452 1885 Do·

69 1929 91 1954 υ
125 1909 259 1965 mine,
283 1908 378 1969 quis
400 1905 548 1952 similis
569 1906 679 1950 tibi?
696 1924 716 1947 »

126 1982 224 2026 XV.
249 1998 266 2021 «
287 1982 456 2029 Eruens
471 1978 646 2037 inopem
662 1975 717 2021 de
734 1992 867 2021 manu
889 1975 1121 2023 fortiorum
1138 1980 1250 2040 ejus,
1268 1996 1457 2041 egenum

74 2072 94 2095 »
129 2060 173 2096 et
194 2065 429 2111 pauperem
453 2065 476 2095 a
498 2047 802 2107 diripientibus
830 2049 977 2092 eum1.
1008 2069 1026 2091 »
1055 2052 1152 2093 Huc
1174 2066 1313 2111 usque
1335 2053 1456 2098 Psal-

69 2137 168 2168 mus
189 2121 328 2166 lectus
345 2129 409 2165 est
421 2117 570 2174 hodie,
590 2118 677 2162 huc
700 2133 837 2178 usque
854 2118 1106 2164 tractandus
1128 2130 1218 2167 est:
1239 2137 1295 2166 ne
1311 2123 1357 2166 in
1379 2122 1459 2169 fas-

70 2189 230 2238 tidium
257 2191 435 2237 veniant
457 2205 557 2251 quae
574 2188 690 2234 dicta
712 2198 814 2234 sunt
826 2224 842 2245 ,
862 2188 969 2235 dum
994 2190 1196 2237 volumus
1222 2202 1265 2237 et
1285 2192 1366 2238 alia
1387 2194 1458 2240 di-

73 2278 184 2311 cere,
223 2261 450 2309 Sufficiant
481 2275 585 2320 ergo
613 2259 745 2304 hodie
780 2259 876 2306 haec
903 2279 913 2306 :
941 2280 960 2306 u
982 2263 1150 2307 Eruens
1189 2263 1365 2323 inopem
1404 2265 1461 2310 de

77 2352 97 2377 α
132 2324 266 2381 manu
292 2330 525 2377 fortiorum
548 2331 683 2392 ejus².
714 2350 732 2373 >›
758 2330 864 2384 Quis
894 2347 1073 2388 eruens,
1104 2332 1187 2377 nisi
1216 2333 1292 2393 qui
1328 2332 1464 2380 manu

75 2403 199 2449 fortis
235 2404 329 2448 est?
359 2401 439 2447 Ille
464 2400 604 2447 David
625 2410 747 2446 eruet
779 2401 954 2461 inopem
983 2401 1037 2446 de
1066 2418 1201 2446 manu
1230 2402 1463 2450 fortiorum

45 2510 48 2512 >
76 2476 184 2536 ejus.
211 2475 383 2519 Fortior
403 2473 520 2518 enim
546 2470 690 2516 fuerat
711 2472 911 2516 diabolus
940 2471 994 2516 ad
1016 2472 1256 2518 tenendum
1280 2484 1342 2531 te,
1363 2477 1464 2537 quia

126 2567 136 2584 ¹
155 2560 234 2593 Psal.
257 2560 432 2602 unium.
453 2575 493 2582 ---
518 2565 530 2582 ²
552 2558 600 2591 Id.
620 2569 732 2596 xxxiv,
755 2569 802 2590 ιο.

1240 2618 1263 2645 5)
