1841 3223
363 192 386 227 8
791 200 823 225 s.
861 197 1088 226 Annos-rim
1122 198 1301 225 Episcopi

361 284 458 312 mus
486 267 592 327 quid
616 267 669 311 sit
685 266 844 310 framea
869 265 1001 324 ipsius
1023 283 1032 310 z
1054 265 1195 309 anima
1219 264 1333 308 enim
1348 265 1453 325 justi
1476 273 1554 309 est.
1587 262 1745 308 Abun-

363 339 469 382 ‹lent
480 338 608 397 justi,
633 345 676 379 et
696 333 940 378 effunditur
961 334 1124 379 framea
1143 371 1153 390 ,
1180 344 1223 379 et
1239 334 1518 379 concluditur
1541 333 1746 378 adversus

362 410 574 453 inimicos.
601 410 708 451 Nam
732 405 786 449 de
816 407 905 466 ipsa
928 406 1139 451 effusione
1158 407 1333 450 frameae
1364 421 1544 450 monens
1565 408 1748 464 Aposto-

362 481 428 525 lus
449 490 497 524 ut
515 481 631 539 juste
647 478 861 531 vivamus,
888 477 932 520 in
955 478 1240 538 consequenti
1261 478 1344 522 ait:
1365 497 1384 519 «
1403 479 1460 521 Ut
1481 476 1749 521 adversarius

365 571 384 592 u
422 559 691 603 revereatur,
730 548 839 592 nihil
865 548 1030 592 habens
1058 548 1113 592 de
1147 549 1272 593 nobis
1301 547 1444 592 dicere
1470 548 1694 607 pravum1.
1724 564 1744 587 »

361 621 629 667 Conclusum
652 630 715 664 est
737 619 939 663 adversus
962 635 1084 674 eum9
1110 620 1210 680 quia
1229 619 1348 680 quod
1368 617 1574 679 loquatur
1592 617 1750 662 adver-

361 709 433 738 sus
453 701 620 737 sanctos
636 728 646 746 ,
673 707 761 736 nou
784 700 926 750 potest
947 691 1156 735 iuvenire.

421 766 474 807 V.
512 766 569 806 Et
596 762 712 805 unde
741 769 869 804 erunt
894 761 1025 820 justi?
1047 763 1136 804 Aut
1160 758 1267 819 quid
1300 759 1454 803 dieunt
1484 758 1648 803 inimici
1676 758 1752 818 qui

363 850 441 878 nos
464 833 813 893 persequuntur?
838 830 1075 875 Invisibiles
1092 829 1154 873 illi
1171 828 1280 890 quid
1296 829 1450 873 dieunt
1464 828 1658 872 inimici?
1676 829 1752 873 Isti

363 904 498 949 nihil?
526 904 711 948 Maxime
744 902 988 960 suggeritur
1019 902 1213 945 humano
1246 900 1366 945 cordi
1396 900 1452 944 ab
1484 898 1754 943 invisibiliter

365 974 715 1034 expugnantibus
732 972 930 1027 inimicis,
952 972 1055 1032 quia
1072 975 1186 1016 Deus
1204 970 1331 1015 nobis
1353 986 1441 1015 non
1465 979 1529 1014 est
1546 969 1720 1030 adjutor
1740 989 1751 1014 ;

363 1056 412 1090 ut
436 1045 703 1105 requirentes
735 1041 814 1087 alia
849 1042 1086 1102 adjutoria,
1111 1042 1385 1086 inveniamur
1407 1039 1607 1096 invalidi,
1628 1049 1672 1084 et
1697 1040 1753 1087 ab

364 1115 547 1161 inimicis
568 1113 669 1173 ipsis
682 1113 919 1172 capiamur.
942 1114 1036 1157 Hoc
1057 1128 1161 1171 ergo
1182 1112 1443 1171 suggeritur.
1470 1113 1632 1156 Contra
1654 1111 1754 1155 istas

366 1202 491 1231 voees
518 1185 702 1229 maxime
723 1183 901 1242 vigilare
923 1182 1158 1238 debemus,
1189 1198 1288 1243 quae
1312 1183 1357 1226 in
1377 1181 1460 1227 alio
1490 1181 1661 1226 Psalmo
1682 1197 1755 1226 os-

364 1256 605 1302 tenduntur
637 1275 646 1300 z
675 1253 839 1299 «Multi
862 1253 1096 1312 insurgunt
1124 1252 1353 1297 adversum
1390 1268 1482 1307 me,
1523 1251 1651 1296 multi
1685 1251 1755 1296 di-

370 1350 388 1370 »
424 1337 530 1389 eunt
553 1327 708 1370 animae
738 1341 846 1369 meae
875 1341 883 1366 :
912 1327 1010 1371 Non
1035 1334 1099 1369 est
1126 1323 1240 1368 salus
1271 1323 1335 1368 illi
1367 1324 1413 1367 in
1440 1326 1530 1368 Deo
1558 1324 1650 1383 ejus
1669 1326 1702 1368 ².
1731 1340 1752 1364 ›>

365 1404 528 1446 Contra
557 1400 656 1443 istas
681 1413 809 1443 voces
830 1397 939 1458 quid
967 1397 1036 1441 hie
1069 1396 1256 1440 dieitur?
1285 1396 1397 1440 «Dic
1427 1395 1584 1440 animae
1616 1410 1753 1440 meze:

372 1492 388 1512 »
428 1470 550 1515 Salus
567 1479 641 1513 tua
663 1483 742 1527 ego
765 1468 904 1512 sum3.
928 1488 944 1508 η
965 1469 1079 1512 Cum
1097 1467 1252 1510 dixeris
1269 1467 1424 1510 animae
1441 1482 1571 1511 meze:
1592 1485 1612 1508 «
1633 1465 1757 1511 Salus

370 1563 388 1585 »
425 1553 499 1587 tua
518 1558 599 1600 ego
621 1557 740 1596 sum,
770 1560 787 1582 »
808 1541 923 1600 juste
945 1540 1081 1594 vivet,
1108 1549 1158 1583 ut
1181 1539 1400 1583 neminem
1421 1539 1466 1582 in
1489 1537 1757 1598 adjutorium

365 1623 522 1674 praeter
540 1622 582 1656 te
604 1627 814 1672 quaeram.

426 1688 502 1729 VI.
539 1687 595 1728 Et
617 1683 724 1744 quid
755 1682 976 1743 sequitur?
1002 1701 1018 1721 «
1039 1681 1382 1727 Confundantur
1410 1691 1454 1726 et
1479 1691 1758 1726 revereantur

368 1776 389 1799 >›
416 1755 685 1817 requirentes
717 1755 905 1798 animam
937 1768 1077 1797 meam
1092 1755 1123 1797 4.
1148 1772 1167 1795 n
1204 1752 1274 1798 Ad
1294 1753 1379 1797 hoe
1407 1753 1523 1796 enim
1551 1752 1672 1797 illam
1693 1769 1763 1797 re-

366 1828 574 1888 quirunt,
600 1825 871 1885 utj'perdant.
898 1826 1007 1869 Nam
1025 1824 1193 1867 utinam
1218 1824 1331 1867 bene
1353 1824 1576 1884 quaerant!
1605 1826 1656 1868 In
1679 1822 1762 1869 alio

368 1899 531 1958 quippe
554 1896 722 1942 Psalmo
754 1896 855 1956 11er
868 1894 1150 1954 reprehendit
1172 1894 1217 1938 in
1239 1894 1514 1949 hominibus,
1547 1895 1650 1955 quia
1671 1909 1762 1939 non

368 1977 460 2011 erat
482 1968 557 2028 qui
588 1966 779 2026 requiret
800 1966 987 2009 animam
1010 1965 1141 2024 ipsius
1168 1984 1176 2009 :
1202 1963 1368 2008 «Periit
1402 1963 1504 2023 fuga
1539 1980 1561 2009 a
1594 1979 1686 2019 me,
1720 1973 1763 2008 et

375 2060 391 2080 »
414 2055 503 2082 non
527 2048 590 2083 est
613 2037 689 2097 qui
712 2036 1102 2097 requiratauimam
1120 2049 1259 2079 meam
1277 2036 1308 2078 ⁵.
1334 2053 1353 2075 »
1381 2036 1486 2087 Quis
1508 2044 1573 2079 est
1596 2034 1669 2078 ille
1686 2035 1763 2096 qui

369 2109 500 2154 dicit:
531 2129 549 2151 «
570 2111 665 2153 Non
689 2117 751 2152 est
771 2107 847 2168 qui
870 2106 1062 2167 requirat
1081 2105 1267 2149 animam
1287 2107 1460 2149 meam?
1488 2125 1504 2147 >›
1538 2105 1764 2166 Numquid

368 2180 480 2224 forte
501 2179 574 2223 ille
596 2188 679 2234 est,
706 2178 760 2223 de
786 2194 875 2238 quo
902 2187 1023 2222 tanto
1046 2186 1145 2221 ante
1168 2176 1431 2236 praedictum
1455 2185 1543 2231 est,
1582 2197 1598 2217 «
1618 2176 1762 2221 Fode-

374 2271 392 2293 »
429 2259 531 2294 runt
562 2265 716 2293 manus
740 2265 855 2293 meas
876 2258 920 2292 et
935 2248 1066 2308 pedes
1085 2263 1223 2302 meos,
1246 2247 1636 2291 dinumeraverunt
1668 2262 1763 2292 om-

375 2342 393 2362 »
429 2321 498 2364 nia
517 2336 609 2364 ossa
626 2335 719 2364 mea
737 2341 747 2378 3
768 2320 960 2379 ipsivero
978 2319 1361 2363 consideraverunt
1380 2327 1423 2362 et
1440 2328 1763 2377 conspexerunt

374 2412 392 2432 »
429 2408 520 2450 me3
547 2391 786 2436 diviserunt
817 2391 896 2435 sibi
920 2391 1178 2435 vestimenta
1212 2405 1333 2445 mea,
1369 2398 1413 2434 et
1443 2405 1573 2449 super
1593 2399 1762 2434 vestem

420 2495 427 2511 ¹
449 2490 508 2520 Tit.
539 2500 558 2520 u
575 2514 581 2528 ‚
601 2489 631 2520 8.
659 2505 695 2511 v·-
716 2495 728 2511 2
752 2488 831 2520 Psnt.
858 2500 889 2520 ιιι
907 2513 916 2529 ,
938 2497 970 2520 9..
996 2504 1036 2511 ·-
1062 2486 1138 2519 3111.
1167 2498 1273 2526 xxxiv,
1303 2488 1332 2518 3.
1355 2486 1529 2519 —411›i‹1.
1555 2487 1587 2530 4.
1609 2504 1650 2510 -
1678 2485 1693 2510 ⁵
1712 2487 1760 2518 111.

372 2556 439 2584 em,
465 2559 494 2574 .·.
