1841 3223
336 241 576 271 ENARRATIO
608 245 654 270 M
689 220 890 271 PSALMtiat
925 244 1028 270 XLII.
1333 230 1416 269 257

39 327 60 350 »
82 309 128 352 in
152 308 355 353 tenebris.
379 311 473 367 Ego
495 325 591 353 sum
623 310 711 364 via,
737 309 890 353 veritas
913 317 956 352 ct
986 308 1116 351 vita1.
1148 324 1167 347 »
1193 309 1289 366 Ipse
1316 305 1417 362 lux,
1443 356 1446 358 μ

36 379 127 438 ipse
146 379 317 424 veritas.
340 379 496 423 Veniat
517 394 617 435 ergo
633 414 643 434 ,
669 388 712 423 et
739 388 861 423 eruat
891 394 968 423 nos
982 413 993 433 ,
1020 377 1266 422 discernens
1287 376 1422 421 modo

38 464 211 494 causam
244 457 436 492 nostram
457 463 480 492 a
508 458 635 506 gente
666 464 757 492 non
789 458 963 506 sancta3
1000 457 1125 493 cruat
1156 447 1211 491 ab
1243 447 1422 491 homine

38 518 191 578 iniquo
219 527 262 562 et
297 517 449 563 doloso
482 537 491 563 :
523 527 691 578 separet
721 517 990 561 frumentum
1024 534 1047 562 a
1079 518 1247 562 zizaniis
1281 536 1290 562 ε
1322 517 1425 578 quia

39 589 130 650 ipse
150 589 293 634 mittet
315 589 502 647 Angelos
518 605 617 633 suos
639 588 783 633 messis
818 598 1013 648 tempore
1027 624 1037 643 ‚
1069 597 1118 632 ut
1143 588 1357 647 colligant
1370 586 1426 632 de

42 675 176 719 regno
199 661 289 720 ejus
303 661 446 704 omnia
468 659 670 705 scandala
681 695 691 714 ‚
708 668 752 703 et
765 659 935 703 mittant
948 659 994 702 in
1010 659 1156 717 ignem
1173 658 1395 702 ardentem
1411 693 1423 715 ‚

42 728 312 774 frumentum
335 739 482 774 autem
503 731 593 790 ejus
614 738 878 789 congregent
909 729 954 772 in
977 730 1224 773 horreum2.
1246 729 1430 772 Emittet

43 800 186 846 lucem
213 816 336 845 suam
358 810 401 845 et
421 801 648 846 veritatem
673 816 821 858 suam3
845 800 947 861 quia
968 799 1058 859 ipsa
1074 800 1165 860 jam
1186 815 1264 844 nos
1288 798 1430 843 dedu-

44 880 203 916 xerunt
221 880 264 916 et
285 870 585 932 perduxerunt
608 871 651 914 in
674 880 869 915 montem
897 880 1094 915 sanctum
1116 871 1207 931 ejus
1229 879 1272 914 et
1299 870 1345 914 in
1370 878 1434 914 ta-

45 941 278 987 bernacula
313 943 418 1002 ejus.
462 931 624 1001 Pignus
661 942 895 997 hahemus,
931 942 1159 1002 praemium
1194 956 1433 1001 speramus.

49 1016 231 1059 Sanctus
252 1029 376 1058 mons
403 1015 519 1074 ejus,
551 1023 698 1058 sancta
730 1012 919 1057 Ecclesia
943 1013 1048 1073 ejus.
1084 1015 1210 1058 Mons
1239 1011 1312 1056 ille
1342 1021 1433 1068 est,

47 1086 123 1147 qui
145 1085 280 1131 crevit
301 1101 351 1129 ex
371 1086 553 1129 minimo
573 1084 733 1144 lapide,
751 1084 994 1129 secundum
1008 1084 1214 1129 visionem
1229 1082 1433 1139 Danielis,

48 1155 326 1216 confringens
349 1172 481 1215 regna
503 1166 740 1214 terrarum3
765 1165 809 1200 et
828 1157 873 1199 in
905 1165 1076 1200 tantum
1098 1171 1366 1210 excrescens,
1386 1164 1438 1199 ut

49 1227 249 1287 impleret
270 1227 514 1271 universam
538 1225 692 1271 faciem
716 1229 882 1270 terraess.
905 1230 956 1271 Ι11
972 1227 1055 1271 hoc
1077 1236 1226 1271 monte
1248 1242 1291 1270 se
1304 1242 1438 1270 exau-

49 1297 191 1342 ditum
214 1297 343 1353 dicit,
358 1297 434 1358 qui
456 1296 584 1342 dicit:
613 1316 633 1339 ι(
656 1299 773 1341 Voce
787 1312 886 1340 mea
902 1296 955 1340 ad
978 1298 1215 1342 Dominum
1237 1297 1437 1353 clamavi,

52 1387 72 1411 n
98 1377 142 1413 et
162 1367 383 1413 exaudivit
403 1367 539 1411 mede
558 1376 707 1412 monte
729 1377 877 1412 sancto
898 1370 1018 1412 suo4.
1036 1387 1055 1409 n
1070 1369 1441 1429 Quisquispraeter

49 1439 179 1484 istum
192 1447 385 1483 montem
399 1446 508 1493 orat,
520 1453 611 1482 non
632 1453 721 1481 sese
731 1447 873 1497 speret
886 1439 1080 1482 exaudiri
1095 1438 1150 1482 ad
1167 1439 1300 1483 vitam
1314 1447 1442 1482 aeter-

9 1555 18 1562 ,
50 1525 167 1553 nam.
193 1508 498 1553 Exaudiuntur
524 1508 641 1552 enim
675 1508 804 1552 multi
835 1508 890 1552 ad
911 1508 1062 1552 multa.
1094 1512 1181 1553 Nec
1203 1509 1284 1552 sibi
1314 1508 1442 1568 plau-

50 1579 156 1624 dant
178 1579 298 1641 quod
318 1579 612 1624 exaudiuntur
644 1599 652 1623 2
690 1578 880 1623 exauditi
911 1589 1013 1623 sunt
1045 1579 1288 1634 daemones,
1321 1588 1370 1623 ut
1397 1579 1443 1624 in

51 1667 204 1712 porcos
232 1651 548 1695 mitterentur5.
574 1650 782 1694 Exaudiri
804 1651 859 1694 ad
884 1651 1017 1694 vitam
1046 1660 1254 1695 aeternam
1284 1667 1444 1695 concu-

52 1723 280 1782 piscamus,
297 1730 474 1781 propter
491 1720 753 1765 desiderium
766 1736 853 1781 quo
866 1720 1049 1764 dicimus
1068 1740 1106 1764 2«
1122 1721 1283 1765 Emitte
1297 1721 1444 1765 lucem

56 1812 76 1835 n
103 1802 225 1837 tuam
258 1802 302 1837 et
327 1792 553 1836 veritatem
585 1800 720 1835 tuam.
751 1810 770 1831 »
808 1791 888 1835 Illa
925 1790 1001 1835 lux
1036 1790 1265 1836 oculorum
1302 1792 1445 1837 cordis

55 1863 247 1924 inquirit.
271 1881 291 1904 «
315 1861 437 1905 Beati
464 1861 601 1916 enim,
642 1861 786 1921 inquit
804 1896 814 1915 ,
845 1860 999 1905 mundi
1040 1861 1197 1917 corde,
1235 1863 1444 1922 quoniam

59 1952 80 1975 »
99 1934 179 1993 ipsi
196 1936 335 1977 Deum
348 1930 605 1976 videbuntss.
632 1949 651 1972 n
674 1930 807 1976 Modo
830 1931 875 1974 in
903 1941 1051 1975 monte
1086 1933 1175 1992 ejus
1198 1948 1345 1976 sumus
1358 1968 1374 1988 ,
1398 1931 1445 1977 id

57 2014 142 2059 est,
162 2004 209 2047 111
223 2002 413 2047 Ecclesia
431 2003 545 2062 ejus,
571 2011 614 2046 et
641 2002 686 2046 in
715 2002 997 2046 tabernaculo
1019 2004 1124 2063 ejus.
1165 2004 1444 2048 Tabernacu-

56 2075 150 2120 lum
163 2073 532 2134 peregrinantium
556 2082 640 2129 est,
663 2072 818 2118 domus
840 2074 1186 2118 cohabitantium
1208 2094 1217 2119 :
1235 2085 1298 2119 est
1311 2085 1354 2119 et
1374 2084 1443 2119 ta-

0 2189 1 2195 ,
57 2143 345 2190 bernaculum
360 2143 731 2203 peregrinantium
751 2153 794 2188 et
806 2144 1103 2188 militantium.
1116 2147 1229 2190 Cum
1246 2145 1369 2190 audis
1380 2155 1447 2190 ta·-

0 2254 1 2300 1

0 2290 3 2339 l

0 2365 6 2442 ὲ

59 2214 369 2269 bernacfflum,
383 2213 776 2273 bellumintellige,
788 2215 957 2259 hostem
983 2231 1100 2259 cave.
1124 2218 1287 2260 Domus
1302 2225 1450 2259 autem

62 2304 160 2349 quae
177 2288 283 2331 erit?
305 2286 454 2330 «Beati
470 2285 549 2346 qui
568 2285 825 2330 habitantin
848 2285 979 2330 domo
996 2295 1092 2341 tua,
1116 2286 1163 2330 in
1189 2286 1348 2331 saecula
1362 2302 1444 2330 sae-

65 2376 86 2400 »
110 2356 309 2402 culmum
331 2354 579 2400 laudabunt
600 2358 676 2399 te7.
707 2375 727 2398 »

121 2428 176 2472 V
201 2430 298 2472 Jam
334 2442 436 2485 ergo
462 2425 664 2486 pelducti
697 2425 753 2470 ad
787 2425 1144 2481 tabernaculum,
1177 2435 1221 2471 et
1242 2426 1370 2487 positi
1402 2427 1450 2473 in

354 2501 380 2509 κ

113 2533 122 2550 ¹
144 2528 236 2559 Joan.
256 2536 324 2566 vni,
346 2536 400 2566 11,
418 2529 451 2557 et
469 2536 538 2566 xiv,
556 2524 590 2556 6.
611 2542 653 2547 --
673 2531 685 2547 ²
704 2524 818 2556 Manli.
846 2535 921 2563 xm,
941 2521 1054 2565 41-43.
1076 2541 1119 2546 --
1140 2521 1151 2546 3
1170 2527 1248 2557 Dan.
1268 2536 1305 2566 11,
1328 2525 1382 2557 35.
1405 2542 1448 2550 -·

5 2578 9 2632 l
69 2580 181 2614 4Psat.
202 2583 248 2622 in,
263 2579 294 2612 5.
318 2597 359 2603 --
380 2578 395 2603 5
412 2581 526 2613 Manli.
547 2592 619 2622 vm,
644 2581 694 2612 32.
715 2598 756 2603 —
776 2578 790 2602 6
812 2580 857 2611 Id.
880 2590 911 2620 v,
927 2579 957 2610 8.
980 2596 1021 2601 —
1036 2586 1049 2611 7
1070 2579 1147 2611 Psal.
1166 2591 1296 2620 mxxiii,
1313 2580 1344 2612 5.

257 2645 360 2675 cxv.
1244 2636 1292 2673 17
