1841 3223
411 273 654 305 ENARRATIO
686 278 732 305 m
765 275 967 305 PsALMUM
998 277 1089 304 xm.
1359 265 1442 305 251

57 341 176 386 unde
197 341 358 386 eruaris
380 341 435 385 ab
457 340 532 385 illo
550 341 626 400 qui
647 341 726 385 tibi
748 357 825 400 per
850 342 964 385 diem
991 339 1203 401 promisit.
1241 339 1348 386 Ideo
1371 341 1449 386 a'd-

57 426 289 456 monemur
309 410 466 455 imitari
485 408 712 454 formicam
726 413 757 454 1.
783 412 902 455 Sicut
916 411 1031 455 enim
1047 410 1285 471 properitas
1300 410 1450 456 saeculi

59 481 324 540 significatur
344 479 414 525 dje
433 515 444 536 ,
479 479 712 524 adversitas
741 480 888 524 saeculi
914 481 1181 539 significatur
1202 489 1330 526 nocte
1355 501 1365 527 ;
1389 481 1449 527 ita

59 551 142 596 alio
162 551 295 596 modo
315 550 574 612 prosperitas
597 548 744 594 saeculi
767 550 1036 608 significatur
1051 559 1220 606 aestate,
1260 551 1451 596 adversi-

58 631 124 668 tas
144 622 290 667 saeculi
310 622 579 682 significatur
597 622 770 680 hyeme.
798 624 855 666 Et
870 620 978 681 quid
1002 619 1105 665 facit
1134 619 1345 666 formica?
1368 625 1451 667 Per

59 702 252 738 aestatem
274 693 456 753 colligit,
485 692 606 754 quod
632 693 671 737 ei
706 708 785 753 per
805 692 1010 751 hyemem
1031 691 1182 751 prosit.
1209 695 1326 751 Ergo
1348 708 1450 738 cum

60 772 124 808 est
140 773 280 820 aestas,
303 779 405 808 cum
428 764 539 808 bene
557 772 620 808 est
635 763 756 808 vobis
769 797 780 818 ,
800 777 901 807 cum
916 760 1141 822 tranquilli
1156 762 1255 806 estis
1269 796 1281 817 ‚
1302 763 1450 807 audite

58 835 243 880 verbum
259 835 448 881 Domini.
476 834 601 880 Unde
623 834 738 879 enim
756 834 847 878 fieri
868 842 1011 894 potest
1032 842 1082 878 ut
1098 833 1145 877 in
1162 833 1243 877 hac
1260 842 1451 894 tempes-

59 914 149 950 tate
170 905 318 951 saeculi
333 906 465 966 hujus
482 906 573 950 sine
596 905 878 950 tribulatione
899 914 1043 949 totum
1070 905 1154 949 hoc
1182 920 1300 949 mare
1329 914 1451 950 tran-

60 976 185 1022 seatis
205 972 224 1020 ⁶?
244 975 362 1021 unde
383 976 477 1021 fieri
498 985 641 1036 potest
660 978 678 1021 Ρ
707 976 777 1021 cui
796 976 880 1020 hoc
908 975 1136 1020 hominum
1166 975 1382 1035 contigit?
1407 976 1451 1021 Si

61 1047 243 1106 contigit
265 1046 395 1093 alicui
410 1082 422 1102 ,
447 1047 545 1108 plus
566 1047 803 1092 metuenda
826 1056 889 1091 est
905 1047 996 1107 ipsa
1019 1045 1324 1107 tranquillitas.
1352 1066 1373 1088 «
1399 1050 1451 1091 In

65 1137 86 1161 n
120 1118 190 1164 die
210 1117 443 1182 „mandavit
475 1119 686 1165 Dominus
716 1117 1056 1163 miscricordiam
1085 1133 1230 1174 suam,
1256 1127 1300 1163 et
1321 1127 1452 1164 nocte

64 1208 86 1233 »
122 1189 377 1235 declarabit.
406 1209 427 1233 n

121 1263 264 1306 XVII.
284 1259 402 1314 Quid
418 1275 519 1319 ergo
537 1275 634 1319 agas
647 1261 693 1304 in
712 1261 792 1305 hac
807 1260 1152 1321 peregrinatione
1165 1261 1183 1305 Ρ
1194 1258 1304 1320 quid
1318 1275 1417 1319 agas
1435 1262 1453 1304 Ρ

69 1349 90 1373 α
112 1330 245 1390 Apud
265 1346 336 1376 me
360 1331 495 1376 oratio
512 1334 602 1376 Deo
623 1332 723 1376 vitae
745 1347 852 1375 meae
871 1334 902 1375 ².
931 1349 950 1373 »
978 1334 1073 1376 Hoc
1104 1331 1175 1376 hic
1197 1346 1279 1390 ago
1301 1346 1454 1375 cervus

64 1401 212 1446 sitiens
234 1411 278 1446 et
298 1402 545 1447 desiderans
570 1401 627 1446 ad
648 1401 790 1447 fontes
822 1417 1034 1462 aquarum
1049 1437 1059 1457 ‚
1096 1401 1326 1447 recordans
1350 1400 1454 1445 dul-

64 1470 263 1517 cedinem
287 1472 403 1517 vocis
438 1471 553 1517 illius
581 1489 667 1532 qua
696 1472 854 1517 ductus
885 1488 982 1517 sum
1012 1488 1090 1532 per
1118 1471 1454 1516 tabernaculum

64 1557 202 1603 usque
224 1541 280 1587 ad
297 1541 476 1587 domum
489 1543 567 1587 Dei
586 1563 593 1588 :
610 1543 809 1604 quandiu
830 1544 913 1588 hoc
936 1559 1094 1604 corpus
1112 1543 1229 1603 quod
1254 1557 1456 1587 corrum-

64 1613 184 1673 pitur
214 1624 418 1673 aggravat
454 1615 641 1659 animam
664 1616 679 1640 3
711 1634 720 1659 z
762 1634 782 1657 «
813 1613 944 1675 Apud
976 1629 1046 1659 me
1079 1615 1217 1659 oratio
1243 1617 1333 1659 Deo
1355 1614 1456 1659 vitae

68 1703 90 1727 »
124 1700 248 1729 meae.
277 1704 296 1727 »
318 1687 416 1731 Non
437 1687 552 1729 enim
572 1695 623 1729 ut
639 1685 880 1746 supplicem
902 1689 1019 1741 Deo,
1035 1695 1262 1745 empturus
1286 1701 1383 1731 sum
1401 1684 1457 1730 de

65 1754 362 1800 transmarinis
383 1754 488 1800 locis
510 1775 522 1812 3
541 1765 618 1802 aut
633 1765 684 1800 ut
708 1755 909 1800 exaudiat
929 1771 999 1799 me
1022 1759 1135 1801 Deus
1166 1771 1287 1800 meus
1302 1791 1314 1812 ,
1334 1756 1459 1800 navi-

67 1824 201 1884 gabo,
234 1833 284 1869 ut
306 1823 361 1868 de
381 1823 627 1885 longinquo
646 1826 826 1870 afferam
844 1827 974 1870 thura
1008 1835 1051 1870 et
1076 1835 1289 1882 aromata,
1311 1835 1387 1871 aut
1403 1825 1458 1870 de

69 1910 199 1955 grege
228 1887 444 1940 adducam
466 1895 656 1940 vitulum
687 1895 757 1940 vel
787 1897 981 1940 arietem.
1012 1915 1032 1938 «
1058 1897 1188 1956 Apud
1220 1912 1291 1940 me
1320 1897 1458 1941 oratio

70 1984 92 2008 »
126 1969 216 2010 Deo
231 1966 329 2010 vitae
343 1981 467 2011 meae.
483 1984 503 2008 »
526 1969 650 2011 Intus
666 1967 810 2012 habeo
826 1967 1048 2012 victimam
1066 1983 1199 2028 quam
1215 1967 1455 2023 immolem,

66 2035 183 2080 intus
205 2035 348 2081 habeo
367 2036 468 2080 thus
490 2036 611 2097 quod
628 2036 866 2097 imponam,
891 2037 1009 2081 intus
1030 2037 1173 2082 habeo
1195 2037 1459 2082 sacrificium

69 2123 158 2168 quo
174 2106 347 2152 flectam
364 2110 504 2152 Deum
519 2122 667 2151 meum
690 2127 698 2152 :
729 2127 749 2149 «
778 2107 1045 2152 Sacrificium
1061 2108 1151 2153 Deo
1166 2108 1341 2168 spiritus
1358 2124 1461 2153 con-

73 2195 95 2219 »
128 2176 360 2222 tribulatus
383 2179 415 2220 4.
445 2195 465 2218 »
498 2177 628 2230 Quod
669 2178 927 2223 sacrificium
965 2177 1247 2223 contribulati
1285 2179 1460 2238 spiritus

70 2248 187 2292 intus
208 2248 416 2303 habeam,
446 2247 550 2292 audi
575 2267 584 2292 :
615 2267 635 2290 «
658 2249 807 2293 Dicam
832 2252 923 2293 Deo
949 2268 958 2293 ε
982 2251 1214 2309 Susceptor
1235 2265 1358 2293 meus
1391 2265 1456 2302 es,

73 2336 95 2360 »
129 2333 265 2379 quare
296 2317 380 2362 mei
405 2317 568 2363 oblitus
593 2320 660 2362 es?
677 2337 696 2360 »
725 2319 794 2364 Sic
817 2319 933 2363 enim
953 2319 1025 2364 hic
1046 2318 1224 2375 laboro,
1261 2320 1387 2380 quasi
1409 2330 1460 2365 tu

72 2387 234 2434 oblitus
256 2389 310 2433 sis
329 2388 509 2433 mei.Tu
527 2397 672 2432 autem
695 2405 865 2433 exerces
881 2404 950 2432 me
975 2409 982 2433 :
1011 2398 1054 2433 et
1076 2390 1177 2434 novi
1192 2390 1295 2450 quia
1307 2389 1456 2436 differs

72 2459 202 2514 mihi,
247 2475 337 2505 non
366 2460 474 2504 mihi
506 2459 677 2516 aufers,
716 2460 837 2521 quod
877 2460 1105 2520 promisisti
1136 2480 1145 2506 :
1180 2461 1257 2505 sed
1286 2470 1456 2514 tamen,

79 2549 99 2572 «
123 2546 257 2599 quare
269 2531 354 2575 mei
373 2531 536 2576 oblitus
558 2534 635 2576 es?
659 2551 679 2573 »
701 2534 927 2592 Tanquam
950 2532 1004 2576 de
1024 2548 1131 2577 voce
1145 2542 1290 2577 nostra
1302 2532 1458 2578 clama-

124 2621 132 2637 ¹
156 2614 246 2647 prov.
266 2627 311 2657 w,
329 2616 362 2647 (i.
382 2633 422 2639 -
443 2623 456 2638 ²
474 2616 550 2648 Psal.
573 2627 638 2656 χιι,
655 2627 702 2647 10.
726 2633 765 2638 2—-
782 2615 794 2638 3
815 2618 888 2658 Sap.
911 2628 957 2658 lx,
979 2617 1029 2649 15.
1055 2616 1123 2647 —4
1144 2617 1225 2651 Psal.
1248 2629 1277 2659 L,
1299 2629 1348 2660 ¹9·
