<?xml version="1.0" encoding="UTF-8"?>
<!DOCTYPE html PUBLIC "-//W3C//DTD XHTML 1.0 Transitional//EN"
    "http://www.w3.org/TR/xhtml1/DTD/xhtml1-transitional.dtd">
<html xmlns="http://www.w3.org/1999/xhtml" xml:lang="en" lang="en">
 <head>
  <title>
</title>
<meta http-equiv="Content-Type" content="text/html;charset=utf-8" />
  <meta name='ocr-system' content='tesseract 3.04.00' />
  <meta name='ocr-capabilities' content='ocr_page ocr_carea ocr_par ocr_line ocrx_word'/>
</head>
<body>
  <div class='ocr_page' id='page_1' title='image "./operaomniaaccura08auguuoft_0034.png"; bbox 0 0 1841 3223; ppageno 0'>
   <div class='ocr_carea' id='block_1_1' title="bbox 340 184 1310 222">
    <p class='ocr_par' dir='ltr' id='par_1_1' title="bbox 340 184 1310 222">
     <span class='ocr_line' id='line_1_1' title="bbox 340 184 1310 222; baseline -0.003 0"><span class='ocrx_word' id='word_1_1' title='bbox 340 184 392 222; x_wconf 78' lang='lat'>24</span> <span class='ocrx_word' id='word_1_2' title='bbox 801 192 834 220; x_wconf 82' lang='grc'>5.</span> <span class='ocrx_word' id='word_1_3' title='bbox 871 194 1097 220; x_wconf 71' lang='lat' dir='ltr'>AUGUSTIM</span> <span class='ocrx_word' id='word_1_4' title='bbox 1130 193 1310 220; x_wconf 71' lang='lat' dir='ltr'>Emscoi’i</span> 
     </span>
    </p>
   </div>
   <div class='ocr_carea' id='block_1_2' title="bbox 332 258 1734 2520">
    <p class='ocr_par' dir='ltr' id='par_1_2' title="bbox 332 258 1734 2520">
     <span class='ocr_line' id='line_1_2' title="bbox 338 258 1726 319; baseline -0.001 -14"><span class='ocrx_word' id='word_1_5' title='bbox 338 261 521 306; x_wconf 80' lang='lat' dir='ltr'>norabat</span> <span class='ocrx_word' id='word_1_6' title='bbox 539 296 550 314; x_wconf 87' lang='lat'>,</span> <span class='ocrx_word' id='word_1_7' title='bbox 576 270 618 305; x_wconf 85' lang='lat' dir='ltr'>et</span> <span class='ocrx_word' id='word_1_8' title='bbox 636 259 813 319; x_wconf 82' lang='lat' dir='ltr'>quando</span> <span class='ocrx_word' id='word_1_9' title='bbox 837 259 1136 303; x_wconf 78' lang='lat' dir='ltr'>retribuebant</span> <span class='ocrx_word' id='word_1_10' title='bbox 1163 258 1276 303; x_wconf 85' lang='lat' dir='ltr'>mala</span> <span class='ocrx_word' id='word_1_11' title='bbox 1306 273 1384 318; x_wconf 86' lang='lat' dir='ltr'>pro</span> <span class='ocrx_word' id='word_1_12' title='bbox 1414 258 1539 303; x_wconf 88' lang='lat' dir='ltr'>bonis</span> <span class='ocrx_word' id='word_1_13' title='bbox 1555 293 1566 314; x_wconf 84' lang='lat'><strong>,</strong></span> <span class='ocrx_word' id='word_1_14' title='bbox 1591 259 1726 305; x_wconf 87' lang='lat' dir='ltr'>insec-</span> 
     </span>
     <span class='ocr_line' id='line_1_3' title="bbox 340 321 1722 390; baseline 0 -15"><span class='ocrx_word' id='word_1_15' title='bbox 340 332 470 375; x_wconf 87' lang='lat' dir='ltr'>tando</span> <span class='ocrx_word' id='word_1_16' title='bbox 486 367 495 381; x_wconf 84' lang='grc'>,</span> <span class='ocrx_word' id='word_1_17' title='bbox 520 329 822 390; x_wconf 82' lang='lat' dir='ltr'>persequendo</span> <span class='ocrx_word' id='word_1_18' title='bbox 839 364 849 384; x_wconf 84' lang='lat'>,</span> <span class='ocrx_word' id='word_1_19' title='bbox 876 330 1088 384; x_wconf 83' lang='lat' dir='ltr'>tenendo,</span> <span class='ocrx_word' id='word_1_20' title='bbox 1115 328 1397 388; x_wconf 81' lang='lat' dir='ltr'>flagellando,</span> <span class='ocrx_word' id='word_1_21' title='bbox 1422 321 1722 386; x_wconf 85' lang='lat' dir='ltr'>vulnerando,</span> 
     </span>
     <span class='ocr_line' id='line_1_4' title="bbox 336 398 1727 461; baseline -0.001 -14"><span class='ocrx_word' id='word_1_22' title='bbox 336 401 574 447; x_wconf 67' lang='lat' dir='ltr'>occidendo</span> <span class='ocrx_word' id='word_1_23' title='bbox 596 421 604 445; x_wconf 88' lang='lat'>:</span> <span class='ocrx_word' id='word_1_24' title='bbox 631 400 705 444; x_wconf 85' lang='lat' dir='ltr'>sed</span> <span class='ocrx_word' id='word_1_25' title='bbox 731 409 874 444; x_wconf 85' lang='lat' dir='ltr'>tamen</span> <span class='ocrx_word' id='word_1_26' title='bbox 892 400 936 444; x_wconf 94' lang='lat' dir='ltr'>in</span> <span class='ocrx_word' id='word_1_27' title='bbox 959 401 1024 444; x_wconf 82' lang='lat' dir='ltr'>his</span> <span class='ocrx_word' id='word_1_28' title='bbox 1043 400 1267 454; x_wconf 87' lang='lat' dir='ltr'>omnibus,</span> <span class='ocrx_word' id='word_1_29' title='bbox 1294 398 1461 454; x_wconf 82' lang='lat' dir='ltr'>fratres,</span> <span class='ocrx_word' id='word_1_30' title='bbox 1480 399 1514 444; x_wconf 87' lang='lat' dir='ltr'>si</span> <span class='ocrx_word' id='word_1_31' title='bbox 1531 399 1727 461; x_wconf 84' lang='lat' dir='ltr'>aliquan-</span> 
     </span>
     <span class='ocr_line' id='line_1_5' title="bbox 337 470 1725 531; baseline 0 -14"><span class='ocrx_word' id='word_1_32' title='bbox 337 472 479 517; x_wconf 86' lang='lat' dir='ltr'>tulum</span> <span class='ocrx_word' id='word_1_33' title='bbox 512 472 580 530; x_wconf 90' lang='lat' dir='ltr'>pia</span> <span class='ocrx_word' id='word_1_34' title='bbox 611 471 856 515; x_wconf 74' lang='lat' dir='ltr'>curiositate</span> <span class='ocrx_word' id='word_1_35' title='bbox 887 471 1079 515; x_wconf 84' lang='lat' dir='ltr'>levemus</span> <span class='ocrx_word' id='word_1_36' title='bbox 1107 470 1274 526; x_wconf 84' lang='lat' dir='ltr'>velum,</span> <span class='ocrx_word' id='word_1_37' title='bbox 1307 480 1350 515; x_wconf 84' lang='lat' dir='ltr'>et</span> <span class='ocrx_word' id='word_1_38' title='bbox 1372 471 1573 515; x_wconf 86' lang='lat' dir='ltr'>interiora</span> <span class='ocrx_word' id='word_1_39' title='bbox 1596 471 1725 531; x_wconf 69' lang='lat' dir='ltr'>huius</span> 
     </span>
     <span class='ocr_line' id='line_1_6' title="bbox 339 541 1725 601; baseline 0 -13"><span class='ocrx_word' id='word_1_40' title='bbox 339 544 570 601; x_wconf 72' lang='lat' dir='ltr'>Scripturae</span> <span class='ocrx_word' id='word_1_41' title='bbox 593 541 722 586; x_wconf 84' lang='lat' dir='ltr'>oculo</span> <span class='ocrx_word' id='word_1_42' title='bbox 746 541 1067 587; x_wconf 86' lang='lat' dir='ltr'>eordisintento</span> <span class='ocrx_word' id='word_1_43' title='bbox 1082 542 1304 598; x_wconf 73' lang='lat' dir='ltr'>rimemur,</span> <span class='ocrx_word' id='word_1_44' title='bbox 1320 542 1563 586; x_wconf 85' lang='lat' dir='ltr'>invenimus</span> <span class='ocrx_word' id='word_1_45' title='bbox 1582 551 1625 586; x_wconf 85' lang='lat' dir='ltr'>et</span> <span class='ocrx_word' id='word_1_46' title='bbox 1644 543 1725 588; x_wconf 89' lang='grc'>1100</span> 
     </span>
     <span class='ocr_line' id='line_1_7' title="bbox 335 613 1726 673; baseline 0 -15"><span class='ocrx_word' id='word_1_47' title='bbox 335 614 485 658; x_wconf 78' lang='lat' dir='ltr'>fecisse</span> <span class='ocrx_word' id='word_1_48' title='bbox 511 614 759 657; x_wconf 89' lang='lat' dir='ltr'>Dominum.</span> <span class='ocrx_word' id='word_1_49' title='bbox 798 613 996 658; x_wconf 72' lang='lat' dir='ltr'>Cilicium</span> <span class='ocrx_word' id='word_1_50' title='bbox 1030 613 1209 659; x_wconf 81' lang='lat' dir='ltr'>fortasse</span> <span class='ocrx_word' id='word_1_51' title='bbox 1242 613 1433 673; x_wconf 84' lang='lat' dir='ltr'>appellat</span> <span class='ocrx_word' id='word_1_52' title='bbox 1467 613 1606 658; x_wconf 85' lang='lat' dir='ltr'>earnis</span> <span class='ocrx_word' id='word_1_53' title='bbox 1637 629 1726 658; x_wconf 80' lang='lat' dir='ltr'>suae</span> 
     </span>
     <span class='ocr_line' id='line_1_8' title="bbox 333 683 1728 744; baseline -0.001 -14"><span class='ocrx_word' id='word_1_54' title='bbox 333 683 655 730; x_wconf 80' lang='lat' dir='ltr'>mortalitatem.</span> <span class='ocrx_word' id='word_1_55' title='bbox 682 687 825 738; x_wconf 83' lang='lat' dir='ltr'>Quare.</span> <span class='ocrx_word' id='word_1_56' title='bbox 848 683 1066 729; x_wconf 75' lang='lat' dir='ltr'>cilicium?</span> <span class='ocrx_word' id='word_1_57' title='bbox 1087 688 1268 744; x_wconf 82' lang='lat' dir='ltr'>Propter</span> <span class='ocrx_word' id='word_1_58' title='bbox 1284 683 1615 728; x_wconf 87' lang='lat' dir='ltr'>similitudinem</span> <span class='ocrx_word' id='word_1_59' title='bbox 1637 701 1728 729; x_wconf 83' lang='lat' dir='ltr'>ear-</span> 
     </span>
     <span class='ocr_line' id='line_1_9' title="bbox 335 754 1727 816; baseline -0.001 -15"><span class='ocrx_word' id='word_1_60' title='bbox 335 758 399 801; x_wconf 84' lang='lat' dir='ltr'>nis</span> <span class='ocrx_word' id='word_1_61' title='bbox 428 756 610 816; x_wconf 78' lang='lat' dir='ltr'>peceati,</span> <span class='ocrx_word' id='word_1_62' title='bbox 650 755 884 816; x_wconf 78' lang='lat' dir='ltr'>Apostolus</span> <span class='ocrx_word' id='word_1_63' title='bbox 913 755 1030 799; x_wconf 89' lang='lat' dir='ltr'>enim</span> <span class='ocrx_word' id='word_1_64' title='bbox 1060 754 1166 799; x_wconf 83' lang='lat' dir='ltr'>dicit</span> <span class='ocrx_word' id='word_1_65' title='bbox 1194 775 1202 800; x_wconf 92' lang='lat'>:</span> <span class='ocrx_word' id='word_1_66' title='bbox 1240 774 1256 795; x_wconf 92' lang='lat'>«</span> <span class='ocrx_word' id='word_1_67' title='bbox 1285 754 1401 799; x_wconf 84' lang='lat' dir='ltr'>Misit</span> <span class='ocrx_word' id='word_1_68' title='bbox 1426 758 1538 799; x_wconf 86' lang='lat' dir='ltr'>Deus</span> <span class='ocrx_word' id='word_1_69' title='bbox 1567 754 1727 800; x_wconf 89' lang='lat' dir='ltr'>Filium</span> 
     </span>
     <span class='ocr_line' id='line_1_10' title="bbox 338 825 1728 885; baseline 0.001 -15"><span class='ocrx_word' id='word_1_70' title='bbox 338 850 355 871; x_wconf 86' lang='lat'>»</span> <span class='ocrx_word' id='word_1_71' title='bbox 373 844 498 873; x_wconf 83' lang='lat' dir='ltr'>suum</span> <span class='ocrx_word' id='word_1_72' title='bbox 515 829 558 871; x_wconf 92' lang='lat' dir='ltr'>in</span> <span class='ocrx_word' id='word_1_73' title='bbox 573 826 856 872; x_wconf 77' lang='lat' dir='ltr'>similitudine</span> <span class='ocrx_word' id='word_1_74' title='bbox 871 826 1009 871; x_wconf 82' lang='lat' dir='ltr'>earnis</span> <span class='ocrx_word' id='word_1_75' title='bbox 1027 825 1209 885; x_wconf 81' lang='lat' dir='ltr'>peceati,</span> <span class='ocrx_word' id='word_1_76' title='bbox 1225 834 1274 869; x_wconf 89' lang='lat' dir='ltr'>ut</span> <span class='ocrx_word' id='word_1_77' title='bbox 1286 825 1340 869; x_wconf 86' lang='grc'>(10</span> <span class='ocrx_word' id='word_1_78' title='bbox 1355 834 1535 884; x_wconf 87' lang='lat' dir='ltr'>peceato</span> <span class='ocrx_word' id='word_1_79' title='bbox 1549 825 1728 871; x_wconf 83' lang='lat' dir='ltr'>damna-</span> 
     </span>
     <span class='ocr_line' id='line_1_11' title="bbox 339 897 1728 959; baseline 0.001 -17"><span class='ocrx_word' id='word_1_80' title='bbox 339 920 356 942; x_wconf 84' lang='lat'>»</span> <span class='ocrx_word' id='word_1_81' title='bbox 379 910 444 944; x_wconf 79' lang='lat' dir='ltr'>ret</span> <span class='ocrx_word' id='word_1_82' title='bbox 459 909 685 959; x_wconf 82' lang='lat' dir='ltr'>peecatum</span> <span class='ocrx_word' id='word_1_83' title='bbox 701 899 744 942; x_wconf 93' lang='lat' dir='ltr'>in</span> <span class='ocrx_word' id='word_1_84' title='bbox 760 914 887 942; x_wconf 87' lang='lat' dir='ltr'>earne</span> <span class='ocrx_word' id='word_1_85' title='bbox 904 900 915 924; x_wconf 87' lang='lat'><strong>¹</strong></span> <span class='ocrx_word' id='word_1_86' title='bbox 936 914 944 940; x_wconf 90' lang='lat'>:</span> <span class='ocrx_word' id='word_1_87' title='bbox 964 918 981 939; x_wconf 88' lang='lat'>»</span> <span class='ocrx_word' id='word_1_88' title='bbox 998 898 1081 942; x_wconf 89' lang='grc' dir='ltr'>11οο</span> <span class='ocrx_word' id='word_1_89' title='bbox 1096 906 1174 952; x_wconf 88' lang='lat' dir='ltr'>est,</span> <span class='ocrx_word' id='word_1_90' title='bbox 1190 897 1350 941; x_wconf 89' lang='lat' dir='ltr'>Filium</span> <span class='ocrx_word' id='word_1_91' title='bbox 1368 913 1495 941; x_wconf 88' lang='lat' dir='ltr'>suum</span> <span class='ocrx_word' id='word_1_92' title='bbox 1508 897 1654 941; x_wconf 85' lang='lat' dir='ltr'>induit</span> <span class='ocrx_word' id='word_1_93' title='bbox 1666 899 1728 943; x_wconf 87' lang='lat' dir='ltr'>ei-</span> 
     </span>
     <span class='ocr_line' id='line_1_12' title="bbox 333 967 1724 1029; baseline 0 -15"><span class='ocrx_word' id='word_1_94' title='bbox 333 970 432 1016; x_wconf 87' lang='grc'>11010</span> <span class='ocrx_word' id='word_1_95' title='bbox 446 980 495 1015; x_wconf 90' lang='lat' dir='ltr'>ut</span> <span class='ocrx_word' id='word_1_96' title='bbox 510 970 564 1015; x_wconf 88' lang='lat' dir='ltr'>de</span> <span class='ocrx_word' id='word_1_97' title='bbox 578 969 719 1014; x_wconf 83' lang='lat' dir='ltr'>cilicio</span> <span class='ocrx_word' id='word_1_98' title='bbox 735 969 961 1013; x_wconf 84' lang='lat' dir='ltr'>damnaret</span> <span class='ocrx_word' id='word_1_99' title='bbox 974 967 1145 1013; x_wconf 89' lang='lat' dir='ltr'>hoedos.</span> <span class='ocrx_word' id='word_1_100' title='bbox 1158 971 1255 1014; x_wconf 88' lang='lat' dir='ltr'>Non</span> <span class='ocrx_word' id='word_1_101' title='bbox 1264 968 1600 1029; x_wconf 81' lang='lat' dir='ltr'>quiapeecatum</span> <span class='ocrx_word' id='word_1_102' title='bbox 1616 979 1724 1024; x_wconf 86' lang='lat' dir='ltr'>erat,</span> 
     </span>
     <span class='ocr_line' id='line_1_13' title="bbox 335 1038 1727 1100; baseline -0.001 -15"><span class='ocrx_word' id='word_1_103' title='bbox 335 1057 425 1086; x_wconf 88' lang='lat' dir='ltr'>non</span> <span class='ocrx_word' id='word_1_104' title='bbox 445 1041 542 1085; x_wconf 88' lang='lat' dir='ltr'>dieo</span> <span class='ocrx_word' id='word_1_105' title='bbox 555 1041 599 1084; x_wconf 90' lang='lat' dir='ltr'>in</span> <span class='ocrx_word' id='word_1_106' title='bbox 614 1040 760 1084; x_wconf 70' lang='lat' dir='ltr'>Verbo</span> <span class='ocrx_word' id='word_1_107' title='bbox 775 1039 867 1094; x_wconf 87' lang='lat' dir='ltr'>Dei,</span> <span class='ocrx_word' id='word_1_108' title='bbox 888 1038 964 1083; x_wconf 84' lang='lat' dir='ltr'>sed</span> <span class='ocrx_word' id='word_1_109' title='bbox 984 1055 1065 1084; x_wconf 85' lang='lat' dir='ltr'>nec</span> <span class='ocrx_word' id='word_1_110' title='bbox 1087 1039 1132 1083; x_wconf 92' lang='lat' dir='ltr'>in</span> <span class='ocrx_word' id='word_1_111' title='bbox 1148 1039 1239 1099; x_wconf 86' lang='lat' dir='ltr'>ipsa</span> <span class='ocrx_word' id='word_1_112' title='bbox 1262 1038 1439 1100; x_wconf 89' lang='lat' dir='ltr'>quidem</span> <span class='ocrx_word' id='word_1_113' title='bbox 1463 1038 1561 1084; x_wconf 85' lang='lat' dir='ltr'>dieo</span> <span class='ocrx_word' id='word_1_114' title='bbox 1584 1039 1727 1085; x_wconf 84' lang='lat' dir='ltr'>anima</span> 
     </span>
     <span class='ocr_line' id='line_1_14' title="bbox 333 1110 1728 1172; baseline -0.001 -16"><span class='ocrx_word' id='word_1_115' title='bbox 333 1122 479 1158; x_wconf 75' lang='lat' dir='ltr'>saneta</span> <span class='ocrx_word' id='word_1_116' title='bbox 501 1122 544 1156; x_wconf 82' lang='lat' dir='ltr'>et</span> <span class='ocrx_word' id='word_1_117' title='bbox 566 1121 711 1156; x_wconf 88' lang='lat' dir='ltr'>mente</span> <span class='ocrx_word' id='word_1_118' title='bbox 733 1111 942 1166; x_wconf 80' lang='lat' dir='ltr'>hominis,</span> <span class='ocrx_word' id='word_1_119' title='bbox 965 1125 1098 1172; x_wconf 86' lang='lat' dir='ltr'>quem</span> <span class='ocrx_word' id='word_1_120' title='bbox 1120 1110 1201 1155; x_wconf 88' lang='lat' dir='ltr'>sibi</span> <span class='ocrx_word' id='word_1_121' title='bbox 1224 1110 1279 1155; x_wconf 83' lang='lat' dir='ltr'>ad</span> <span class='ocrx_word' id='word_1_122' title='bbox 1296 1110 1508 1154; x_wconf 82' lang='lat' dir='ltr'>unitatem</span> <span class='ocrx_word' id='word_1_123' title='bbox 1530 1126 1728 1170; x_wconf 76' lang='lat' dir='ltr'>personae</span> 
     </span>
     <span class='ocr_line' id='line_1_15' title="bbox 333 1179 1728 1241; baseline -0.001 -13"><span class='ocrx_word' id='word_1_124' title='bbox 333 1184 530 1228; x_wconf 81' lang='lat' dir='ltr'>Verbum</span> <span class='ocrx_word' id='word_1_125' title='bbox 553 1182 630 1226; x_wconf 86' lang='lat' dir='ltr'>Dei</span> <span class='ocrx_word' id='word_1_126' title='bbox 645 1191 688 1226; x_wconf 82' lang='lat' dir='ltr'>et</span> <span class='ocrx_word' id='word_1_127' title='bbox 704 1182 922 1241; x_wconf 82' lang='lat' dir='ltr'>Sapientia</span> <span class='ocrx_word' id='word_1_128' title='bbox 941 1189 1243 1241; x_wconf 78' lang='lat' dir='ltr'>coaptaverat3</span> <span class='ocrx_word' id='word_1_129' title='bbox 1262 1179 1337 1224; x_wconf 88' lang='lat' dir='ltr'>sed</span> <span class='ocrx_word' id='word_1_130' title='bbox 1355 1195 1435 1224; x_wconf 86' lang='lat' dir='ltr'>nee</span> <span class='ocrx_word' id='word_1_131' title='bbox 1453 1179 1498 1223; x_wconf 92' lang='lat' dir='ltr'>in</span> <span class='ocrx_word' id='word_1_132' title='bbox 1520 1180 1613 1240; x_wconf 88' lang='lat' dir='ltr'>ipso</span> <span class='ocrx_word' id='word_1_133' title='bbox 1630 1196 1728 1226; x_wconf 89' lang='lat' dir='ltr'>cor-</span> 
     </span>
     <span class='ocr_line' id='line_1_16' title="bbox 332 1251 1729 1315; baseline 0.001 -17"><span class='ocrx_word' id='word_1_134' title='bbox 332 1271 438 1315; x_wconf 88' lang='lat' dir='ltr'>pore</span> <span class='ocrx_word' id='word_1_135' title='bbox 460 1263 689 1314; x_wconf 85' lang='lat' dir='ltr'>peceatum</span> <span class='ocrx_word' id='word_1_136' title='bbox 712 1252 853 1298; x_wconf 90' lang='lat' dir='ltr'>ullum</span> <span class='ocrx_word' id='word_1_137' title='bbox 875 1262 988 1307; x_wconf 84' lang='lat' dir='ltr'>erat,</span> <span class='ocrx_word' id='word_1_138' title='bbox 1022 1251 1097 1297; x_wconf 81' lang='lat' dir='ltr'>sed</span> <span class='ocrx_word' id='word_1_139' title='bbox 1131 1252 1370 1297; x_wconf 87' lang='lat' dir='ltr'>similitudo</span> <span class='ocrx_word' id='word_1_140' title='bbox 1399 1253 1539 1297; x_wconf 82' lang='lat' dir='ltr'>earnis</span> <span class='ocrx_word' id='word_1_141' title='bbox 1564 1254 1729 1312; x_wconf 84' lang='lat' dir='ltr'>peccati</span> 
     </span>
     <span class='ocr_line' id='line_1_17' title="bbox 333 1323 1730 1385; baseline -0.001 -14"><span class='ocrx_word' id='word_1_142' title='bbox 333 1335 425 1371; x_wconf 82' lang='lat' dir='ltr'>erat</span> <span class='ocrx_word' id='word_1_143' title='bbox 453 1326 499 1370; x_wconf 90' lang='lat' dir='ltr'>in</span> <span class='ocrx_word' id='word_1_144' title='bbox 526 1325 738 1383; x_wconf 77' lang='lat' dir='ltr'>Domino3</span> <span class='ocrx_word' id='word_1_145' title='bbox 765 1324 867 1385; x_wconf 85' lang='lat' dir='ltr'>quia</span> <span class='ocrx_word' id='word_1_146' title='bbox 889 1339 1004 1369; x_wconf 89' lang='lat' dir='ltr'>mors</span> <span class='ocrx_word' id='word_1_147' title='bbox 1032 1339 1121 1368; x_wconf 88' lang='lat' dir='ltr'>non</span> <span class='ocrx_word' id='word_1_148' title='bbox 1151 1332 1213 1368; x_wconf 87' lang='lat' dir='ltr'>est</span> <span class='ocrx_word' id='word_1_149' title='bbox 1245 1323 1325 1367; x_wconf 89' lang='lat' dir='ltr'>nisi</span> <span class='ocrx_word' id='word_1_150' title='bbox 1357 1323 1411 1367; x_wconf 85' lang='lat' dir='ltr'>de</span> <span class='ocrx_word' id='word_1_151' title='bbox 1434 1328 1660 1383; x_wconf 71' lang='lat' dir='ltr'>peccato·³,</span> <span class='ocrx_word' id='word_1_152' title='bbox 1685 1333 1730 1370; x_wconf 80' lang='lat' dir='ltr'>et</span> 
     </span>
     <span class='ocr_line' id='line_1_18' title="bbox 332 1392 1726 1456; baseline -0.001 -15"><span class='ocrx_word' id='word_1_153' title='bbox 332 1397 486 1456; x_wconf 87' lang='lat' dir='ltr'>utique</span> <span class='ocrx_word' id='word_1_154' title='bbox 504 1411 661 1455; x_wconf 81' lang='lat' dir='ltr'>eorpus</span> <span class='ocrx_word' id='word_1_155' title='bbox 683 1393 795 1440; x_wconf 85' lang='lat' dir='ltr'>illud</span> <span class='ocrx_word' id='word_1_156' title='bbox 816 1393 998 1439; x_wconf 81' lang='lat' dir='ltr'>mortale</span> <span class='ocrx_word' id='word_1_157' title='bbox 1020 1402 1126 1438; x_wconf 85' lang='lat' dir='ltr'>erat.</span> <span class='ocrx_word' id='word_1_158' title='bbox 1150 1396 1259 1439; x_wconf 84' lang='lat' dir='ltr'>Nam</span> <span class='ocrx_word' id='word_1_159' title='bbox 1281 1392 1363 1438; x_wconf 88' lang='lat' dir='ltr'>nisi</span> <span class='ocrx_word' id='word_1_160' title='bbox 1388 1393 1571 1438; x_wconf 80' lang='lat' dir='ltr'>mortale</span> <span class='ocrx_word' id='word_1_161' title='bbox 1589 1403 1700 1439; x_wconf 88' lang='lat' dir='ltr'>esset</span> <span class='ocrx_word' id='word_1_162' title='bbox 1714 1429 1726 1451; x_wconf 89' lang='lat'>,</span> 
     </span>
     <span class='ocr_line' id='line_1_19' title="bbox 334 1464 1729 1523; baseline -0.001 -12"><span class='ocrx_word' id='word_1_163' title='bbox 334 1483 424 1512; x_wconf 88' lang='lat' dir='ltr'>non</span> <span class='ocrx_word' id='word_1_164' title='bbox 444 1476 686 1510; x_wconf 86' lang='lat' dir='ltr'>moreretur</span> <span class='ocrx_word' id='word_1_165' title='bbox 707 1487 718 1523; x_wconf 78' lang='lat'>3</span> <span class='ocrx_word' id='word_1_166' title='bbox 742 1466 776 1510; x_wconf 89' lang='lat' dir='ltr'>si</span> <span class='ocrx_word' id='word_1_167' title='bbox 795 1480 885 1510; x_wconf 85' lang='lat' dir='ltr'>non</span> <span class='ocrx_word' id='word_1_168' title='bbox 899 1473 1158 1520; x_wconf 84' lang='lat' dir='ltr'>moreretur,</span> <span class='ocrx_word' id='word_1_169' title='bbox 1179 1479 1270 1508; x_wconf 90' lang='lat' dir='ltr'>non</span> <span class='ocrx_word' id='word_1_170' title='bbox 1287 1473 1557 1522; x_wconf 79' lang='lat' dir='ltr'>resurgeret3</span> <span class='ocrx_word' id='word_1_171' title='bbox 1582 1464 1616 1508; x_wconf 87' lang='lat' dir='ltr'>si</span> <span class='ocrx_word' id='word_1_172' title='bbox 1639 1480 1729 1510; x_wconf 90' lang='lat' dir='ltr'>non</span> 
     </span>
     <span class='ocr_line' id='line_1_20' title="bbox 335 1533 1730 1596; baseline -0.002 -13"><span class='ocrx_word' id='word_1_173' title='bbox 335 1546 595 1596; x_wconf 78' lang='lat' dir='ltr'>resurgeret,</span> <span class='ocrx_word' id='word_1_174' title='bbox 613 1535 861 1594; x_wconf 85' lang='lat' dir='ltr'>exemplum</span> <span class='ocrx_word' id='word_1_175' title='bbox 873 1535 974 1580; x_wconf 85' lang='lat' dir='ltr'>vitae</span> <span class='ocrx_word' id='word_1_176' title='bbox 998 1543 1173 1580; x_wconf 85' lang='lat' dir='ltr'>aeternae</span> <span class='ocrx_word' id='word_1_177' title='bbox 1200 1533 1326 1580; x_wconf 85' lang='lat' dir='ltr'>nobis</span> <span class='ocrx_word' id='word_1_178' title='bbox 1349 1549 1440 1578; x_wconf 90' lang='lat' dir='ltr'>non</span> <span class='ocrx_word' id='word_1_179' title='bbox 1457 1533 1730 1580; x_wconf 84' lang='lat' dir='ltr'>demonstra-</span> 
     </span>
     <span class='ocr_line' id='line_1_21' title="bbox 332 1604 1730 1667; baseline -0.002 -12"><span class='ocrx_word' id='word_1_180' title='bbox 332 1618 413 1655; x_wconf 82' lang='lat' dir='ltr'>ret.</span> <span class='ocrx_word' id='word_1_181' title='bbox 438 1612 554 1667; x_wconf 84' lang='lat' dir='ltr'>Ergo</span> <span class='ocrx_word' id='word_1_182' title='bbox 576 1608 635 1653; x_wconf 85' lang='lat' dir='ltr'>sic</span> <span class='ocrx_word' id='word_1_183' title='bbox 651 1606 811 1652; x_wconf 87' lang='lat' dir='ltr'>dicitur</span> <span class='ocrx_word' id='word_1_184' title='bbox 838 1622 954 1652; x_wconf 90' lang='lat' dir='ltr'>mors</span> <span class='ocrx_word' id='word_1_185' title='bbox 970 1615 1216 1666; x_wconf 84' lang='lat' dir='ltr'>peceatum,</span> <span class='ocrx_word' id='word_1_186' title='bbox 1243 1621 1342 1666; x_wconf 82' lang='lat' dir='ltr'>quae</span> <span class='ocrx_word' id='word_1_187' title='bbox 1360 1604 1475 1650; x_wconf 80' lang='lat' dir='ltr'>faeta</span> <span class='ocrx_word' id='word_1_188' title='bbox 1493 1615 1557 1650; x_wconf 87' lang='lat' dir='ltr'>est</span> <span class='ocrx_word' id='word_1_189' title='bbox 1578 1621 1730 1667; x_wconf 85' lang='lat' dir='ltr'>pecca-</span> 
     </span>
     <span class='ocr_line' id='line_1_22' title="bbox 334 1674 1730 1740; baseline -0.001 -15"><span class='ocrx_word' id='word_1_190' title='bbox 334 1691 408 1737; x_wconf 86' lang='lat' dir='ltr'>to,</span> <span class='ocrx_word' id='word_1_191' title='bbox 442 1678 667 1740; x_wconf 86' lang='lat' dir='ltr'>quomodo</span> <span class='ocrx_word' id='word_1_192' title='bbox 705 1677 866 1722; x_wconf 88' lang='lat' dir='ltr'>dicitur</span> <span class='ocrx_word' id='word_1_193' title='bbox 897 1677 1046 1736; x_wconf 83' lang='lat' dir='ltr'>lingua</span> <span class='ocrx_word' id='word_1_194' title='bbox 1079 1691 1239 1735; x_wconf 85' lang='lat' dir='ltr'>graeca,</span> <span class='ocrx_word' id='word_1_195' title='bbox 1276 1674 1424 1736; x_wconf 83' lang='lat' dir='ltr'>lingua</span> <span class='ocrx_word' id='word_1_196' title='bbox 1460 1675 1615 1733; x_wconf 84' lang='lat' dir='ltr'>latina,</span> <span class='ocrx_word' id='word_1_197' title='bbox 1639 1693 1730 1724; x_wconf 90' lang='lat' dir='ltr'>non</span> 
     </span>
     <span class='ocr_line' id='line_1_23' title="bbox 334 1746 1730 1812; baseline -0.001 -16"><span class='ocrx_word' id='word_1_198' title='bbox 334 1753 479 1812; x_wconf 89' lang='lat' dir='ltr'>ipsum</span> <span class='ocrx_word' id='word_1_199' title='bbox 500 1750 749 1795; x_wconf 88' lang='lat' dir='ltr'>membrum</span> <span class='ocrx_word' id='word_1_200' title='bbox 772 1749 934 1804; x_wconf 83' lang='lat' dir='ltr'>carnis,</span> <span class='ocrx_word' id='word_1_201' title='bbox 955 1747 1032 1792; x_wconf 89' lang='lat' dir='ltr'>sed</span> <span class='ocrx_word' id='word_1_202' title='bbox 1053 1746 1173 1809; x_wconf 89' lang='lat' dir='ltr'>quod</span> <span class='ocrx_word' id='word_1_203' title='bbox 1195 1747 1245 1792; x_wconf 86' lang='lat' dir='ltr'>fit</span> <span class='ocrx_word' id='word_1_204' title='bbox 1267 1762 1345 1808; x_wconf 88' lang='lat' dir='ltr'>per</span> <span class='ocrx_word' id='word_1_205' title='bbox 1367 1746 1614 1793; x_wconf 86' lang='lat' dir='ltr'>membrum</span> <span class='ocrx_word' id='word_1_206' title='bbox 1634 1765 1730 1795; x_wconf 84' lang='lat' dir='ltr'>car-</span> 
     </span>
     <span class='ocr_line' id='line_1_24' title="bbox 334 1818 1730 1880; baseline -0.001 -13"><span class='ocrx_word' id='word_1_207' title='bbox 334 1823 415 1867; x_wconf 87' lang='lat' dir='ltr'>nis.</span> <span class='ocrx_word' id='word_1_208' title='bbox 442 1824 552 1867; x_wconf 81' lang='lat' dir='ltr'>Nam</span> <span class='ocrx_word' id='word_1_209' title='bbox 569 1820 719 1880; x_wconf 79' lang='lat' dir='ltr'>lingua</span> <span class='ocrx_word' id='word_1_210' title='bbox 741 1820 786 1864; x_wconf 88' lang='lat' dir='ltr'>in</span> <span class='ocrx_word' id='word_1_211' title='bbox 802 1819 1010 1863; x_wconf 89' lang='lat' dir='ltr'>membris</span> <span class='ocrx_word' id='word_1_212' title='bbox 1032 1818 1189 1863; x_wconf 86' lang='lat' dir='ltr'>nostris</span> <span class='ocrx_word' id='word_1_213' title='bbox 1212 1834 1352 1862; x_wconf 90' lang='lat' dir='ltr'>unum</span> <span class='ocrx_word' id='word_1_214' title='bbox 1380 1827 1445 1864; x_wconf 87' lang='lat' dir='ltr'>est</span> <span class='ocrx_word' id='word_1_215' title='bbox 1467 1818 1522 1864; x_wconf 91' lang='lat' dir='ltr'>de</span> <span class='ocrx_word' id='word_1_216' title='bbox 1538 1821 1704 1867; x_wconf 73' lang='lat' dir='ltr'>caeteris</span> <span class='ocrx_word' id='word_1_217' title='bbox 1718 1857 1730 1878; x_wconf 91' lang='lat'>,</span> 
     </span>
     <span class='ocr_line' id='line_1_25' title="bbox 334 1889 1730 1951; baseline 0 -13"><span class='ocrx_word' id='word_1_218' title='bbox 334 1895 446 1938; x_wconf 86' lang='lat' dir='ltr'>sicut</span> <span class='ocrx_word' id='word_1_219' title='bbox 462 1893 592 1948; x_wconf 83' lang='lat' dir='ltr'>oculi,</span> <span class='ocrx_word' id='word_1_220' title='bbox 619 1907 763 1946; x_wconf 81' lang='lat' dir='ltr'>nasus,</span> <span class='ocrx_word' id='word_1_221' title='bbox 790 1907 913 1935; x_wconf 83' lang='lat' dir='ltr'>aures</span> <span class='ocrx_word' id='word_1_222' title='bbox 929 1926 940 1946; x_wconf 87' lang='lat'><strong><em>‚</em></strong></span> <span class='ocrx_word' id='word_1_223' title='bbox 961 1899 1004 1936; x_wconf 84' lang='lat' dir='ltr'>et</span> <span class='ocrx_word' id='word_1_224' title='bbox 1019 1900 1198 1935; x_wconf 84' lang='lat' dir='ltr'>caetera:</span> <span class='ocrx_word' id='word_1_225' title='bbox 1223 1889 1374 1950; x_wconf 81' lang='lat' dir='ltr'>lingua</span> <span class='ocrx_word' id='word_1_226' title='bbox 1398 1900 1544 1936; x_wconf 86' lang='lat' dir='ltr'>autem</span> <span class='ocrx_word' id='word_1_227' title='bbox 1568 1908 1730 1951; x_wconf 84' lang='lat' dir='ltr'>graeca,</span> 
     </span>
     <span class='ocr_line' id='line_1_26' title="bbox 336 1960 1734 2023; baseline 0.001 -14"><span class='ocrx_word' id='word_1_228' title='bbox 336 1965 469 2010; x_wconf 83' lang='lat' dir='ltr'>verba</span> <span class='ocrx_word' id='word_1_229' title='bbox 493 1980 632 2023; x_wconf 65' lang='lat' dir='ltr'>graeca</span> <span class='ocrx_word' id='word_1_230' title='bbox 655 1972 778 2020; x_wconf 79' lang='lat' dir='ltr'>sunt3</span> <span class='ocrx_word' id='word_1_231' title='bbox 799 1978 887 2007; x_wconf 86' lang='lat' dir='ltr'>non</span> <span class='ocrx_word' id='word_1_232' title='bbox 911 1961 1014 2022; x_wconf 87' lang='lat' dir='ltr'>quia</span> <span class='ocrx_word' id='word_1_233' title='bbox 1030 1962 1162 2006; x_wconf 83' lang='lat' dir='ltr'>verba</span> <span class='ocrx_word' id='word_1_234' title='bbox 1183 1960 1334 2021; x_wconf 82' lang='lat' dir='ltr'>lingua</span> <span class='ocrx_word' id='word_1_235' title='bbox 1349 1997 1360 2016; x_wconf 88' lang='lat'>‚</span> <span class='ocrx_word' id='word_1_236' title='bbox 1382 1961 1458 2006; x_wconf 90' lang='lat' dir='ltr'>sed</span> <span class='ocrx_word' id='word_1_237' title='bbox 1477 1963 1580 2023; x_wconf 83' lang='lat' dir='ltr'>quia</span> <span class='ocrx_word' id='word_1_238' title='bbox 1601 1965 1734 2010; x_wconf 86' lang='lat' dir='ltr'>verba</span> 
     </span>
     <span class='ocr_line' id='line_1_27' title="bbox 336 2031 1734 2096; baseline 0.001 -17"><span class='ocrx_word' id='word_1_239' title='bbox 336 2051 414 2096; x_wconf 85' lang='lat' dir='ltr'>per</span> <span class='ocrx_word' id='word_1_240' title='bbox 434 2035 643 2092; x_wconf 82' lang='lat' dir='ltr'>linguam.</span> <span class='ocrx_word' id='word_1_241' title='bbox 682 2033 794 2077; x_wconf 84' lang='lat' dir='ltr'>Dicis</span> <span class='ocrx_word' id='word_1_242' title='bbox 824 2031 878 2077; x_wconf 88' lang='lat' dir='ltr'>de</span> <span class='ocrx_word' id='word_1_243' title='bbox 910 2031 1085 2093; x_wconf 84' lang='lat' dir='ltr'>aliquo:</span> <span class='ocrx_word' id='word_1_244' title='bbox 1115 2032 1287 2092; x_wconf 81' lang='lat' dir='ltr'>Agnovi</span> <span class='ocrx_word' id='word_1_245' title='bbox 1317 2032 1471 2078; x_wconf 81' lang='lat' dir='ltr'>faciem</span> <span class='ocrx_word' id='word_1_246' title='bbox 1497 2034 1652 2094; x_wconf 86' lang='lat' dir='ltr'>ipsius,</span> <span class='ocrx_word' id='word_1_247' title='bbox 1678 2036 1734 2081; x_wconf 88' lang='lat' dir='ltr'>de</span> 
     </span>
     <span class='ocr_line' id='line_1_28' title="bbox 336 2104 1734 2166; baseline 0.001 -15"><span class='ocrx_word' id='word_1_248' title='bbox 336 2107 536 2152; x_wconf 89' lang='lat' dir='ltr'>membro</span> <span class='ocrx_word' id='word_1_249' title='bbox 560 2105 751 2166; x_wconf 85' lang='lat' dir='ltr'>eorporis</span> <span class='ocrx_word' id='word_1_250' title='bbox 772 2104 981 2166; x_wconf 84' lang='lat' dir='ltr'>loquens:</span> <span class='ocrx_word' id='word_1_251' title='bbox 1004 2114 1047 2149; x_wconf 86' lang='lat' dir='ltr'>et</span> <span class='ocrx_word' id='word_1_252' title='bbox 1068 2104 1172 2149; x_wconf 80' lang='lat' dir='ltr'>dieis</span> <span class='ocrx_word' id='word_1_253' title='bbox 1190 2105 1320 2149; x_wconf 84' lang='lat' dir='ltr'>etiam</span> <span class='ocrx_word' id='word_1_254' title='bbox 1338 2125 1347 2151; x_wconf 73' lang='grc' dir='ltr'><em>ι</em></span> <span class='ocrx_word' id='word_1_255' title='bbox 1363 2107 1535 2164; x_wconf 78' lang='lat' dir='ltr'>Agnovi</span> <span class='ocrx_word' id='word_1_256' title='bbox 1553 2123 1734 2152; x_wconf 81' lang='lat' dir='ltr'>manum</span> 
     </span>
     <span class='ocr_line' id='line_1_29' title="bbox 336 2175 1733 2239; baseline 0.001 -17"><span class='ocrx_word' id='word_1_257' title='bbox 336 2178 469 2239; x_wconf 88' lang='lat' dir='ltr'>ipsius</span> <span class='ocrx_word' id='word_1_258' title='bbox 496 2177 704 2231; x_wconf 78' lang='lat' dir='ltr'>absentis,</span> <span class='ocrx_word' id='word_1_259' title='bbox 732 2192 820 2220; x_wconf 89' lang='lat' dir='ltr'>non</span> <span class='ocrx_word' id='word_1_260' title='bbox 850 2190 1028 2219; x_wconf 88' lang='lat' dir='ltr'>manum</span> <span class='ocrx_word' id='word_1_261' title='bbox 1062 2175 1107 2218; x_wconf 91' lang='lat' dir='ltr'>in</span> <span class='ocrx_word' id='word_1_262' title='bbox 1129 2191 1310 2235; x_wconf 85' lang='lat' dir='ltr'>corpore</span> <span class='ocrx_word' id='word_1_263' title='bbox 1327 2211 1338 2231; x_wconf 82' lang='lat'>,</span> <span class='ocrx_word' id='word_1_264' title='bbox 1364 2175 1441 2220; x_wconf 88' lang='lat' dir='ltr'>sed</span> <span class='ocrx_word' id='word_1_265' title='bbox 1471 2178 1733 2237; x_wconf 83' lang='lat' dir='ltr'>scripturam</span> 
     </span>
     <span class='ocr_line' id='line_1_30' title="bbox 338 2247 1732 2310; baseline 0.001 -17"><span class='ocrx_word' id='word_1_266' title='bbox 338 2266 438 2310; x_wconf 66' lang='lat' dir='ltr'>quze</span> <span class='ocrx_word' id='word_1_267' title='bbox 462 2248 575 2293; x_wconf 82' lang='lat' dir='ltr'>faeta</span> <span class='ocrx_word' id='word_1_268' title='bbox 598 2257 661 2292; x_wconf 83' lang='lat' dir='ltr'>est</span> <span class='ocrx_word' id='word_1_269' title='bbox 683 2263 760 2307; x_wconf 88' lang='lat' dir='ltr'>per</span> <span class='ocrx_word' id='word_1_270' title='bbox 788 2262 968 2291; x_wconf 91' lang='lat' dir='ltr'>manum</span> <span class='ocrx_word' id='word_1_271' title='bbox 991 2262 1089 2307; x_wconf 79' lang='lat' dir='ltr'>quae</span> <span class='ocrx_word' id='word_1_272' title='bbox 1108 2256 1207 2291; x_wconf 65' lang='lat' dir='ltr'>erat‘</span> <span class='ocrx_word' id='word_1_273' title='bbox 1226 2247 1273 2291; x_wconf 93' lang='lat' dir='ltr'>in</span> <span class='ocrx_word' id='word_1_274' title='bbox 1305 2262 1500 2307; x_wconf 85' lang='lat' dir='ltr'>corpore.</span> <span class='ocrx_word' id='word_1_275' title='bbox 1534 2249 1602 2294; x_wconf 83' lang='lat' dir='ltr'>Sic</span> <span class='ocrx_word' id='word_1_276' title='bbox 1630 2265 1732 2310; x_wconf 85' lang='lat' dir='ltr'>ergo</span> 
     </span>
     <span class='ocr_line' id='line_1_31' title="bbox 338 2317 1733 2380; baseline 0.001 -16"><span class='ocrx_word' id='word_1_277' title='bbox 338 2329 566 2380; x_wconf 83' lang='lat' dir='ltr'>peecatum</span> <span class='ocrx_word' id='word_1_278' title='bbox 590 2319 778 2373; x_wconf 81' lang='lat' dir='ltr'>Domini,</span> <span class='ocrx_word' id='word_1_279' title='bbox 799 2317 920 2378; x_wconf 86' lang='lat' dir='ltr'>quod</span> <span class='ocrx_word' id='word_1_280' title='bbox 942 2317 1111 2362; x_wconf 75' lang='lat' dir='ltr'>factum</span> <span class='ocrx_word' id='word_1_281' title='bbox 1129 2328 1193 2363; x_wconf 88' lang='lat' dir='ltr'>est</span> <span class='ocrx_word' id='word_1_282' title='bbox 1210 2318 1264 2362; x_wconf 88' lang='lat' dir='ltr'>de</span> <span class='ocrx_word' id='word_1_283' title='bbox 1281 2328 1459 2379; x_wconf 82' lang='lat' dir='ltr'>peceato</span> <span class='ocrx_word' id='word_1_284' title='bbox 1477 2354 1488 2375; x_wconf 89' lang='lat'>‚</span> <span class='ocrx_word' id='word_1_285' title='bbox 1514 2320 1615 2380; x_wconf 82' lang='lat' dir='ltr'>quia</span> <span class='ocrx_word' id='word_1_286' title='bbox 1629 2321 1733 2366; x_wconf 86' lang='lat' dir='ltr'>inde</span> 
     </span>
     <span class='ocr_line' id='line_1_32' title="bbox 337 2388 1733 2451; baseline 0.001 -17"><span class='ocrx_word' id='word_1_287' title='bbox 337 2405 513 2435; x_wconf 86' lang='lat' dir='ltr'>earnem</span> <span class='ocrx_word' id='word_1_288' title='bbox 536 2390 787 2448; x_wconf 84' lang='lat' dir='ltr'>assumpsit,</span> <span class='ocrx_word' id='word_1_289' title='bbox 826 2388 880 2433; x_wconf 88' lang='lat' dir='ltr'>de</span> <span class='ocrx_word' id='word_1_290' title='bbox 903 2405 1039 2433; x_wconf 81' lang='lat' dir='ltr'>massa</span> <span class='ocrx_word' id='word_1_291' title='bbox 1067 2390 1156 2450; x_wconf 88' lang='lat' dir='ltr'>ipsa</span> <span class='ocrx_word' id='word_1_292' title='bbox 1179 2406 1278 2451; x_wconf 84' lang='lat' dir='ltr'>quae</span> <span class='ocrx_word' id='word_1_293' title='bbox 1304 2400 1490 2434; x_wconf 90' lang='lat' dir='ltr'>mortem</span> <span class='ocrx_word' id='word_1_294' title='bbox 1514 2401 1733 2436; x_wconf 84' lang='lat' dir='ltr'>meruerat</span> 
     </span>
     <span class='ocr_line' id='line_1_33' title="bbox 340 2459 1726 2520; baseline -0.001 -13"><span class='ocrx_word' id='word_1_295' title='bbox 340 2477 390 2507; x_wconf 81' lang='lat' dir='ltr'>ex</span> <span class='ocrx_word' id='word_1_296' title='bbox 418 2470 611 2520; x_wconf 85' lang='lat' dir='ltr'>peceato.</span> <span class='ocrx_word' id='word_1_297' title='bbox 643 2463 818 2504; x_wconf 83' lang='lat' dir='ltr'>Etenim</span> <span class='ocrx_word' id='word_1_298' title='bbox 842 2469 891 2504; x_wconf 83' lang='lat' dir='ltr'>ut</span> <span class='ocrx_word' id='word_1_299' title='bbox 919 2459 1099 2505; x_wconf 82' lang='lat' dir='ltr'>celerius</span> <span class='ocrx_word' id='word_1_300' title='bbox 1128 2460 1269 2506; x_wconf 84' lang='lat' dir='ltr'>dicam</span> <span class='ocrx_word' id='word_1_301' title='bbox 1290 2497 1300 2517; x_wconf 87' lang='lat'>,</span> <span class='ocrx_word' id='word_1_302' title='bbox 1334 2462 1469 2507; x_wconf 83' lang='lat' dir='ltr'>Maria</span> <span class='ocrx_word' id='word_1_303' title='bbox 1500 2478 1551 2506; x_wconf 84' lang='lat' dir='ltr'>ex</span> <span class='ocrx_word' id='word_1_304' title='bbox 1585 2462 1726 2508; x_wconf 82' lang='lat' dir='ltr'>Adam</span> 
     </span>
    </p>
   </div>
   <div class='ocr_carea' id='block_1_3' title="bbox 1509 2534 1525 2545">
    <p class='ocr_par' dir='ltr' id='par_1_3' title="bbox 1509 2534 1525 2545">
     <span class='ocr_line' id='line_1_34' title="bbox 1509 2534 1525 2545; baseline 0 0"><span class='ocrx_word' id='word_1_305' title='bbox 1509 2534 1525 2545; x_wconf 64' lang='grc' dir='ltr'><strong><em>ό</em></strong></span> 
     </span>
    </p>
   </div>
   <div class='ocr_carea' id='block_1_4' title="bbox 398 2546 984 2587">
    <p class='ocr_par' dir='ltr' id='par_1_4' title="bbox 398 2546 984 2587">
     <span class='ocr_line' id='line_1_35' title="bbox 398 2546 984 2587; baseline 0 -10"><span class='ocrx_word' id='word_1_306' title='bbox 398 2555 403 2568; x_wconf 78' lang='lat'>&#39;-</span> <span class='ocrx_word' id='word_1_307' title='bbox 430 2550 516 2578; x_wconf 70' lang='lat' dir='ltr'>noni.</span> <span class='ocrx_word' id='word_1_308' title='bbox 541 2546 654 2581; x_wconf 64' lang='grc'>1·111,3,</span> <span class='ocrx_word' id='word_1_309' title='bbox 681 2563 715 2568; x_wconf 88' lang='lat'>—-</span> <span class='ocrx_word' id='word_1_310' title='bbox 738 2553 749 2568; x_wconf 83' lang='lat'>²</span> <span class='ocrx_word' id='word_1_311' title='bbox 771 2548 860 2577; x_wconf 65' lang='lat' dir='ltr'>noni.</span> <span class='ocrx_word' id='word_1_312' title='bbox 878 2557 910 2587; x_wconf 82' lang='lat' dir='ltr'>v,</span> <span class='ocrx_word' id='word_1_313' title='bbox 936 2554 984 2577; x_wconf 77' lang='lat'>12.</span> 
     </span>
    </p>
   </div>
   <div class='ocr_carea' id='block_1_5' title="bbox 1839 1191 1841 1838">
    <p class='ocr_par' dir='ltr' id='par_1_5' title="bbox 1839 1191 1841 1838">
     <span class='ocr_line' id='line_1_36' title="bbox 1839 1191 1841 1838; baseline 0 0"><span class='ocrx_word' id='word_1_314' title='bbox 1839 1191 1841 1838; x_wconf 95' lang='lat' dir='ltr'> </span> 
     </span>
    </p>
   </div>
  </div>
 </body>
</html>
