1841 3223
418 231 501 271 150
845 245 878 270 s.
915 241 1140 270 AUGcsTmi
1171 244 1353 271 Emscom

414 318 676 369 terpretatur
698 327 706 353 :
728 307 986 352 Transiliens
1008 323 1093 352 eos.
1116 309 1218 362 Quis
1238 318 1300 353 est
1321 323 1422 367 ergo
1436 309 1514 353 iste
1533 308 1801 353 transiliens?

412 380 483 425 vel
505 395 612 440 quos
636 377 890 422 transilivit?
911 378 1012 440 quia
1033 398 1040 423 :
1064 379 1342 432 Transiliens,
1368 396 1455 424 non
1475 379 1592 423 nude
1608 379 1798 438 positum

413 460 504 508 est,
529 450 602 494 sed
636 469 644 494 ε
678 449 934 494 Transiliens
967 465 1052 495 eos.
1079 450 1376 495 Transiliendo
1399 451 1515 495 enim
1543 459 1716 506 cantat,
1743 466 1801 494 an

412 521 630 567 cantando
655 520 865 564 transilit?
885 521 981 566 Sive
1002 520 1280 565 transiliendo
1293 531 1459 577 cantet,
1477 522 1564 566 sive
1582 523 1799 566 cantando

412 591 653 647 transiliat,
687 590 962 636 transilientis
994 601 1139 636 tamen
1166 592 1395 636 Canticum
1418 591 1549 652 paulo
1573 602 1673 637 ante
1695 608 1799 637 can-

411 664 600 709 tavimus
628 683 638 708 2
664 672 812 707 utrum
841 672 883 706 et
915 679 993 707 nos
1015 662 1146 706 simus
1172 661 1457 706 transilientes
1473 698 1484 717 ,
1510 662 1667 707 viderit
1685 665 1800 707 Deus

412 735 484 780 cui
508 734 791 779 cantavimus.
821 734 905 778 Sed
927 733 961 777 si
980 733 1075 794 quis
1105 733 1342 777 transiliens
1374 734 1585 788 cantavit,
1616 729 1801 792 gaudeat

412 821 457 863 soe
479 821 568 851 esse
590 804 711 866 quod
733 804 923 849 cantavit
948 824 957 849 :
984 805 1016 848 si
1038 805 1133 865 quis
1162 813 1308 848 autem
1331 814 1457 848 terrae
1481 803 1625 849 adhuc
1657 805 1800 848 inhae-

412 893 510 923 rens
539 876 751 931 cantavit,
788 885 909 935 optet
940 890 1029 919 esse
1060 874 1182 936 quod
1213 875 1416 920 cantavit.
1439 874 1656 929 Quosdam
1683 875 1799 919 enim

410 951 671 994 inhaerentes
709 949 844 992 humo
871 957 1070 992 curvatos
1103 948 1146 992 in
1178 956 1360 1003 terram,
1387 963 1434 992 ea
1470 964 1569 1008 quae
1589 948 1677 992 ima
1699 957 1802 991 sunt

411 1020 672 1080 cogitantes,
699 1019 744 1062 in
767 1018 895 1062 rebus
918 1018 1242 1063 transeuntibus
1265 1033 1385 1078 spem
1416 1028 1652 1078 ponentes,
1680 1028 1800 1062 tran-

409 1090 538 1136 silivit
560 1092 638 1135 iste
661 1090 738 1151 qui
758 1099 939 1134 vocatur
962 1089 1328 1137 Transilienseos.
1357 1094 1472 1143 Quos
1500 1090 1615 1134 enim
1644 1089 1802 1134 transi-

411 1161 531 1217 livit,
557 1161 637 1205 nisi
660 1161 964 1204 remanentes?

471 1235 530 1276 II.
543 1231 677 1276 nostis
689 1230 901 1291 quosdam
915 1230 1104 1275 Psalmos
1118 1231 1295 1275 inscribi
1310 1231 1539 1277 Canticum
1555 1229 1770 1290 graduum
1786 1248 1799 1279 z

413 1313 456 1349 et
472 1304 534 1348 ihi
551 1303 728 1363 quidem
752 1303 797 1346 in
815 1319 952 1362 graeca
971 1302 1119 1362 lingua
1143 1305 1241 1347 satis
1264 1302 1438 1347 evidens
1456 1313 1540 1358 est,
1558 1302 1665 1363 quid
1685 1303 1802 1348 dicat

412 1380 616 1427 &nemun-2.
635 1374 900 1418 Anabatlimi
914 1374 1028 1417 enim
1045 1374 1202 1433 gradus
1221 1383 1337 1429 sunt,
1358 1373 1434 1418 sed
1455 1374 1797 1430 ascendentium,

412 1461 503 1490 non
517 1443 1076 1488 descendentium‚Latinus
1089 1445 1189 1504 quia
1199 1461 1288 1488 non
1300 1445 1443 1504 potuit
1456 1445 1630 1504 proprie
1638 1443 1797 1499 dicere,

413 1515 670 1576 generaliter
688 1514 797 1559 dixit
812 1535 819 1559 :
837 1524 879 1559 et
890 1515 1095 1575 quoniam
1110 1514 1266 1573 gradus
1282 1514 1529 1576 appellavit,
1547 1515 1802 1573 ambiguum

412 1588 591 1648 reliquit
618 1596 766 1630 utrum
795 1587 1123 1630 ascendentium
1146 1597 1315 1643 essent,
1342 1603 1397 1630 an
1423 1586 1797 1631 descendentium.

417 1659 501 1705 Sed
523 1659 624 1720 quia
644 1678 663 1701 κ
682 1674 770 1703 non
784 1668 884 1703 sunt
898 1658 1086 1719 loquelae
1104 1674 1246 1719 neque
1264 1674 1498 1714 sermones,
1515 1651 1703 1719 quorum
1717 1674 1807 1703 non

415 1749 436 1774 ))
463 1731 698 1775 audiantur
718 1746 845 1774 voces
877 1746 1029 1793 eorum
1051 1732 1092 1785 ¹,
1120 1749 1140 1770 »
1168 1731 1346 1789 exponit
1371 1740 1624 1791 sequentem
1654 1729 1805 1789 lingua

413 1802 683 1863 praecedens3
709 1810 752 1845 et
774 1801 823 1844 fit
846 1809 1012 1844 certum
1033 1801 1079 1843 in
1099 1800 1202 1855 alia,
1233 1799 1355 1860 quod
1377 1800 1632 1859 ambiguum
1655 1809 1746 1844 erat
1760 1801 1806 1845 in

416 1873 512 1918 alia.
551 1871 783 1924 Quomodo
805 1887 907 1930 ergo
949 1871 1011 1914 ibi
1033 1871 1268 1915 ascendens
1286 1871 1465 1931 quidam
1486 1880 1657 1926 cantat,
1683 1871 1741 1916 sie
1762 1881 1806 1916 et

413 1945 485 1989 hic
507 1943 764 1988 transiliens.
787 1946 864 1987 Est
886 1952 1029 1986 autem
1053 1943 1148 1987 haee
1163 1944 1352 1987 ascensio
1376 1951 1418 1986 et
1442 1943 1520 1986 ista
1543 1942 1772 1987 transilitio
1789 1978 1799 1998 ,

414 2033 505 2062 non
526 2016 736 2076 pedibus,
777 2031 865 2059 non
893 2014 1038 2069 scalis,
1074 2030 1163 2058 non
1191 2015 1368 2074 penni33
1405 2024 1448 2058 et
1469 2023 1615 2058 tamen
1637 2015 1671 2059 si
1692 2015 1804 2060 inte-

414 2088 573 2132 riorem
601 2086 824 2130 hominem
847 2084 1066 2138 attendas,
1088 2094 1131 2128 et
1152 2085 1363 2144 pedibus,
1395 2083 1538 2140 scalis,
1569 2094 1611 2129 et
1632 2085 1799 2145 pennis.

414 2161 524 2205 Nam
542 2158 574 2202 si
593 2173 681 2201 non
703 2156 886 2217 pedibus
901 2192 911 2211 ,
933 2156 1155 2216 quomodo
1172 2154 1277 2200 dicit
1294 2156 1426 2200 homo
1449 2155 1644 2210 interior,
1667 2176 1685 2197 «
1706 2159 1804 2201 Non

417 2247 437 2271 »
463 2228 608 2274 veniat
629 2227 733 2271 mi'ni
754 2243 829 2287 pes
865 2226 1136 2285 superbiae‘2‘?
1163 2244 1181 2267 »
1206 2226 1247 2270 Si
1271 2242 1360 2271 non
1389 2225 1509 2270 scalis
1526 2262 1535 2280 ,
1573 2226 1681 2286 quid
1703 2236 1804 2271 sunt

414 2314 521 2361 quas
543 2298 652 2342 vidit
674 2297 829 2352 Jacob,
855 2296 932 2341 ubi
955 2306 1077 2340 erant
1098 2296 1377 2341 ascendentes
1400 2295 1555 2354 Angeli
1570 2305 1612 2340 et
1629 2296 1805 2341 descen-

416 2370 620 2415 dentesss?
645 2369 687 2414 Si
717 2385 805 2413 non
838 2369 1017 2429 pennis,
1042 2369 1137 2429 quis
1169 2377 1232 2412 est
1262 2369 1339 2428 qui
1371 2367 1476 2412 dicit
1502 2388 1510 2413 :
1540 2387 1559 2409 «
1585 2369 1689 2422 Quis
1724 2368 1804 2412 da-

419 2459 440 2483 »
462 2441 528 2485 bit
549 2441 655 2484 milii
676 2456 839 2500 pennas
862 2440 971 2484 sicut
993 2438 1208 2484 columba:
1224 2475 1234 2491 ,
1261 2447 1303 2483 ct
1327 2439 1508 2494 volabo,
1537 2448 1579 2483 et
1608 2439 1801 2499 requies-

418 2531 438 2555 >›
461 2512 617 2557 cam⁴P
637 2530 656 2553 »
685 2511 769 2556 Sed
801 2512 844 2555 in
872 2511 1000 2555 rebus
1033 2507 1331 2570 corpOralibus
1354 2509 1474 2554 aliud
1507 2519 1609 2554 sunt
1639 2510 1797 2570 pedes,

467 2603 476 2619 ¹
493 2596 571 2628 Psal.
588 2607 676 2637 xviii,
695 2594 727 2637 4.
745 2613 786 2618 —-
813 2597 891 2628 21d.
912 2607 1007 2637 xxxv,
1032 2605 1080 2628 12.
1098 2612 1140 2619 —·
1159 2593 1172 2619 3
1192 2597 1270 2629 Gen.
1287 2607 1397 2637 xxx-iu,
1420 2603 1469 2627 12.
1491 2612 1532 2619 —-
1547 2592 1564 2624 4
1581 2594 1663 2627 Psal.
1680 2605 1745 2636 uv,
1767 2604 1798 2636 7.
1840 2609 1841 2614 =
