1841 3223
358 154 441 193 514
794 165 828 194 s.
865 166 1101 197 Auousnm
1135 171 1316 199 Eriscom

350 240 473 285 sunt,
494 240 695 275 exercent
717 232 869 277 bonos.
892 236 1006 278 Ecce
1044 235 1161 278 enim
1192 235 1383 280 breviter
1419 237 1588 294 audite,
1612 249 1655 284 et
1679 242 1748 285 in-

349 301 542 359 telligite.
566 302 609 347 Si
633 302 775 347 bonus
798 319 841 347 cs
857 339 867 358 ,
890 303 1119 355 inimicum
1140 321 1229 350 non
1252 305 1435 351 habebis
1465 308 1544 352 nisi
1565 309 1745 355 malum.

350 375 483 416 Porro
505 373 587 416 tibi
610 388 659 417 ea
683 373 831 431 regula
854 375 1060 419 bonitatis
1082 376 1258 435 praefixa
1281 386 1374 433 est,
1395 387 1444 423 ut
1467 379 1648 425 imiteris
1666 381 1748 425 bo-

348 441 531 486 nitatem
560 462 580 485 «
607 444 743 488 Patris
780 445 866 499 tui,
903 446 979 506 qui
1016 444 1124 490 facit
1153 445 1289 490 solem
1324 463 1452 492 suum
1487 450 1590 494 oriri
1619 466 1749 511 super

350 532 369 554 »
394 513 533 558 bonos
569 523 613 559 et
646 514 801 570 malos,
838 525 882 559 et
915 516 1028 575 pluit
1068 532 1198 576 super
1213 518 1353 577 justos
1381 528 1424 564 et
1460 519 1682 580 injust0s1.
1722 541 1742 564 »

345 587 497 644 Neque
512 586 627 630 enim
642 594 691 630 tu
709 586 842 630 habes
857 586 1099 643 inimicum,
1117 597 1161 631 et
1175 591 1290 633 Deus
1309 591 1561 635 nonhabet.
1579 595 1644 636 Tu
1656 593 1748 653 qui·

343 654 445 700 dem
463 672 564 700 eum
582 657 716 701 habes
731 657 959 702 inimicum
979 658 1054 717 qui
1078 666 1226 702 tecum
1243 669 1414 705 creatus
1437 670 1528 719 est3
1554 661 1627 706 ille
1643 678 1747 722 vero

343 742 445 771 eum
476 742 608 788 quem
638 729 816 772 creavit.
854 728 1058 772 Inimicos
1093 744 1194 787 ergo
1227 731 1304 774 Dei
1334 730 1472 775 malos
1500 741 1544 775 et
1572 732 1746 794 iniquos

342 813 456 858 saepe
478 799 524 842 in
548 799 780 858 Scripturis
803 799 986 856 legimus
1009 818 1019 843 ε
1041 809 1084 844 et
1097 800 1235 860 parcit
1247 802 1306 845 eis
1326 800 1401 845 ille
1415 802 1492 863 qui
1506 818 1596 847 non
1613 804 1746 849 habet

341 868 463 929 quod
484 868 548 912 illi
570 869 760 928 imputet
788 869 987 914 inimicus
1004 905 1015 924 ,
1047 871 1118 914 cui
1149 872 1291 916 omnis
1319 873 1521 918 inimicus
1548 874 1745 933 ingratus

341 949 404 984 est
420 960 430 997 3
449 940 504 984 ab
521 938 596 984 illo
612 940 728 984 enim
748 940 883 984 habet
902 940 1124 1000 quidquid
1142 941 1247 986 boni
1261 942 1409 987 habet.
1433 944 1501 987 Ab
1518 945 1612 1003 ipso
1627 946 1744 989 enim

341 1010 476 1055 habet
494 1010 850 1066 misericordiam,
869 1011 1087 1071 quidquid
1106 1021 1169 1055 est
1198 1013 1327 1056 etiam
1351 1013 1469 1057 unde
1488 1015 1739 1059 tribulatur.

340 1080 411 1126 Ad
432 1082 516 1127 hoc
535 1083 653 1126 enim
676 1080 932 1137 tribulatur,
960 1097 1015 1125 ne
1040 1082 1287 1141 superbiat,
1309 1083 1364 1126 ad
1382 1084 1465 1128 hoc
1483 1085 1742 1142 tribulatur,

343 1161 394 1196 ut
415 1152 592 1197 humilis
607 1161 814 1210 agnoscat
830 1151 1066 1197 excelsum.
1095 1155 1160 1196 Tu
1177 1168 1280 1211 crgo
1298 1153 1473 1199 inimico
1493 1164 1590 1210 tuo,
1609 1171 1744 1215 quem

341 1224 678 1269 intolerabiliter
700 1225 857 1284 pateris
875 1259 886 1279 ,
912 1223 1021 1284 quid
1043 1225 1307 1284 praestitisti?
1331 1226 1373 1270 Si
1390 1225 1464 1269 ille
1488 1242 1588 1271 eum
1611 1228 1744 1273 habet

340 1295 568 1341 inimicum
595 1297 672 1358 qui
701 1297 740 1340 ei
782 1305 901 1340 tanta
925 1297 1152 1355 praestitit,
1183 1316 1202 1338 (ι
1231 1300 1288 1340 Et
1315 1295 1418 1341 facit
1444 1299 1578 1342 solem
1613 1316 1743 1344 suum

341 1385 362 1408 »
393 1368 495 1411 oriri
518 1384 647 1427 super
660 1368 798 1412 bonos
811 1376 855 1411 et
868 1367 1028 1422 malos,
1049 1376 1092 1411 et
1106 1367 1218 1426 pluit
1234 1383 1364 1427 super,
1374 1369 1514 1427 justos
1533 1379 1576 1413 et
1597 1370 1739 1431 injus-

343 1456 362 1479 »
390 1447 456 1482 tos
483 1458 490 1483 :
520 1457 540 1479 n
570 1448 619 1482 tu
646 1439 722 1499 qui
750 1454 830 1482 nec
860 1437 995 1482 solem
1017 1446 1140 1496 potes
1174 1438 1276 1482 oriri
1305 1436 1470 1494 facere,
1495 1455 1575 1484 nec
1611 1456 1740 1500 super

338 1518 473 1553 terras
496 1509 669 1569 pluere,
697 1508 865 1568 aliquid
888 1523 1027 1551 unum
1059 1524 1228 1552 servare
1263 1509 1439 1554 inimico
1474 1525 1564 1554 non
1589 1520 1736 1570 potes,

340 1589 390 1624 ut
427 1580 481 1623 sit
516 1580 596 1623 tibi
626 1595 705 1639 pax
730 1579 775 1623 in
797 1587 910 1622 terra
932 1578 1102 1622 homini
1130 1579 1260 1623 bonae
1292 1579 1589 1625 voluntatis2?
1624 1584 1740 1641 Ergo

338 1650 548 1710 quoniam
571 1650 665 1694 haee
691 1649 769 1694 tibi
787 1648 1032 1693 dilectionis
1055 1649 1205 1708 regula
1231 1650 1381 1709 figitur
1397 1686 1408 1706 ,
1440 1670 1459 1693 «
1487 1654 1543 1695 Ut
1566 1651 1739 1697 imitans

340 1740 360 1761 n
390 1724 562 1765 Patrem
584 1719 739 1779 diligas
760 1720 986 1764 inimicum
1015 1740 1022 1764 :
1059 1720 1261 1778 Diligite,
1294 1722 1410 1766 enim
1445 1723 1619 1782 inquit,
1653 1722 1739 1767 ini-

340 1810 361 1833 »
385 1792 517 1837 micos
531 1800 696 1835 vestros
711 1793 726 1817 3
746 1810 753 1835 :
774 1809 793 1832 »
814 1790 861 1834 in
878 1791 962 1835 hoc
979 1800 1197 1851 praecepto
1213 1791 1438 1852 quomodo
1460 1794 1736 1850 exercereris,

337 1863 371 1907 si
388 1862 562 1906 nullum
580 1862 806 1906 inimicum
827 1862 1058 1921 patereris?
1071 1861 1200 1905 Vides
1223 1877 1326 1920 ergo
1343 1863 1546 1921 prodesse
1565 1863 1643 1907 tibi
1659 1864 1739 1908 ali-

337 1933 445 1994 quid
467 1952 476 1978 :
506 1943 549 1977 et
570 1932 692 1992 quod
709 1935 822 1976 Deus
840 1930 978 1990 parcit
1000 1930 1123 1974 malis
1137 1965 1147 1985 ,
1166 1932 1304 1990 prosit
1321 1931 1400 1975 tibi
1420 1931 1476 1977 ad
1489 1933 1740 1978 habendam

336 2003 676 2048 misericordiam
694 2023 704 2058 3
725 2002 827 2062 quia
846 2011 888 2045 et
905 2010 951 2045 tu
973 2000 1084 2046 forte
1101 2002 1133 2046 si
1151 2001 1294 2048 bonus
1309 2019 1373 2059 es,
1400 2019 1450 2048 ex
1468 2004 1584 2049 malo
1601 2003 1739 2050 factus

337 2091 380 2120 es
403 2075 573 2131 bonus,
601 2083 644 2118 et
668 2073 702 2117 si
724 2076 839 2117 Deus
863 2089 952 2117 non
969 2082 1166 2132 parceret
1188 2073 1310 2118 malis
1328 2110 1338 2129 ,
1365 2091 1442 2118 nee
1464 2085 1513 2120 tu
1535 2076 1611 2136 qui
1637 2092 1739 2135 gra-

335 2146 414 2190 tias
429 2161 575 2205 ageres
593 2180 602 2200 ,
621 2159 863 2204 appareres.
881 2147 1035 2188 Pareat
1055 2157 1157 2201 ergo
1171 2144 1263 2188 aliis
1279 2145 1356 2205 qui
1370 2147 1566 2205 pepercit
1583 2156 1626 2190 et
1639 2147 1732 2191 tibi.

334 2219 434 2263 Non
457 2217 575 2261 enim
596 2231 698 2260 cum
716 2215 955 2269 transieris,
991 2214 1325 2260 intercludenda
1352 2226 1416 2260 est
1444 2217 1513 2261 via
1543 2217 1730 2277 pietatis.

393 2291 447 2332 V.
478 2287 602 2332 Unde
623 2302 725 2345 ergo
758 2287 837 2331 iste
867 2295 962 2331 orat
990 2286 1160 2345 positus
1193 2286 1307 2330 inter
1341 2287 1505 2343 malos,
1542 2304 1732 2349 quorum

334 2359 567 2403 inimicitiis
595 2358 908 2402 exercebatur?
941 2355 1050 2417 quid
1076 2356 1160 2401 ait?
1182 2375 1201 2399 α
1245 2358 1535 2403 Contristatus
1560 2374 1656 2403 sum
1688 2359 1735 2404 in

334 2448 355 2472 »
382 2430 687 2474 exercitatione
709 2445 803 2473 mea
821 2464 831 2484 ,
853 2438 896 2472 et
916 2428 1205 2473 conturbatus
1229 2444 1339 2472 sum.
1365 2447 1385 2470 »
1407 2432 1519 2475 Cum
1539 2429 1735 2476 extendit

385 2534 392 2549 ¹
420 2526 533 2559 Mattlr
562 2537 596 2567 v,
617 2523 668 2566 4‘5.
690 2543 732 2549 --
753 2532 765 2548 ²
788 2527 862 2557 Luc⁴
888 2537 923 2567 n,
947 2525 998 2567 14.
1029 2542 1067 2547 u-
1089 2524 1168 2557 31d.
1190 2537 1236 2567 vi,
1255 2534 1294 2568 27
1315 2530 1348 2558 et
1367 2526 1418 2558 35.
