1841 3223
371 201 422 241 34
431 204 455 240 2
805 213 837 238 s.
875 210 1105 239 AUGUSTINI
1139 213 1318 241 musoom

369 286 542 336 gentem
569 275 777 334 regnabat
806 278 917 319 Deus
940 295 948 320 z
980 277 1207 335 prophetia
1229 286 1342 333 erat,
1365 279 1561 323 nondum
1586 294 1650 323 res
1673 278 1752 323 de-

369 346 706 392 monstrabatur.
746 348 835 389 Deo
874 346 1028 404 gratias
1045 381 1055 401 ‚
1086 347 1177 407 jam
1205 347 1401 393 videmus
1428 348 1599 408 impleri
1634 349 1755 410 quod

368 427 468 462 ante
505 415 865 476 prophetabatur.
902 416 1252 477 Chirographum
1296 422 1409 463 Deus
1444 428 1544 463 ante
1583 428 1754 478 tempus

366 487 536 546 scripsit
557 485 698 541 nobis,
714 485 895 546 impleto
920 496 1116 546 tempore
1138 488 1326 532 reddidit
1348 489 1489 535 nobis.
1507 490 1756 548 «Regnabit

369 578 389 602 »
425 562 540 604 Deus
559 574 687 618 super
708 573 858 603 omnes
876 567 1024 617 gentes
1039 593 1050 613 ‚
1078 577 1097 600 »
1123 559 1348 618 promissio
1366 569 1443 604 est.
1466 579 1483 600 «
1502 563 1614 604 Deus
1635 559 1756 604 sedet

370 648 390 672 »
426 644 555 689 super
576 629 722 673 sedem
745 638 936 673 sanctam
957 643 1094 672 suam.
1116 647 1135 669 »
1154 628 1283 682 Quod
1305 638 1410 674 tunc
1433 629 1634 674 futurum
1655 645 1756 689 pro·-

367 699 644 754 mittebatur,
669 714 787 743 nunc
804 697 1034 757 impletum
1053 699 1302 757 agnoscitur
1319 709 1362 745 et
1382 709 1570 744 tenetur.
1601 719 1621 742 «
1641 703 1756 744 Deus

371 788 392 812 »
429 769 550 814 sedet
584 784 714 829 super
745 769 891 813 sedem
925 777 1117 813 sanctam
1154 785 1291 813 suam.
1326 789 1346 812 »
1380 773 1487 824 Quae
1520 769 1640 814 sedes
1666 771 1757 830 ejus

367 843 546 886 sancta?
566 841 766 886 Forsitan
783 840 906 895 coeli,
933 848 976 884 et
993 841 1105 884 bene
1128 840 1400 900 intelligitur.
1419 841 1627 886 Ascendit
1640 841 1757 885 enim

367 913 586 967 Christus,
622 913 734 956 sicut
755 911 955 956 novimus
975 947 986 967 ‚
1020 927 1120 956 cum
1142 927 1323 973 corpore
1345 914 1390 957 in
1408 929 1497 973 quo
1527 912 1757 958 crucifixus

366 992 452 1038 est,
477 993 521 1028 et
541 983 662 1027 sedet
693 983 750 1027 ad
772 981 993 1027 dexteram
1014 984 1177 1028 Patris¹
1211 1002 1220 1029 ε
1246 983 1349 1027 inde
1382 999 1483 1028 eum
1522 992 1758 1029 venturum
1795 1036 1797 1039 ι

368 1063 644 1114 expectamus
666 1053 721 1097 ad
736 1052 998 1114 judicandos
1020 1054 1138 1098 vivos
1162 1063 1206 1098 et
1222 1064 1417 1099 mortuos
1429 1058 1460 1098 ².
1484 1073 1504 1096 «
1531 1053 1661 1100 Sedet
1683 1070 1758 1098 su-

369 1143 389 1167 »
427 1140 504 1184 per
526 1124 673 1170 sedem
696 1133 889 1169 sanctam
916 1140 1053 1169 suam.
1080 1124 1191 1170 Coeli
1212 1134 1314 1169 sunt
1337 1125 1458 1170 sedes
1482 1134 1627 1170 sancta
1647 1126 1755 1186 ejus.

369 1196 444 1240 Vis
468 1205 511 1240 et
539 1205 589 1239 tu
609 1211 698 1240 esse
721 1194 842 1239 sedes
875 1197 998 1256 ejus?
1020 1194 1118 1240 Noli
1141 1205 1295 1255 putare
1312 1205 1356 1240 te
1378 1211 1468 1240 esse
1494 1212 1584 1240 non
1601 1211 1726 1255 posse
1746 1215 1757 1242 :

366 1282 471 1326 para
508 1265 570 1310 illi
603 1265 750 1311 locum
788 1266 834 1310 in
872 1265 1003 1310 corde
1025 1275 1125 1323 tuo;
1156 1268 1301 1321 venit,
1340 1276 1383 1311 et
1403 1266 1592 1310 libenter
1620 1266 1755 1310 sedet.

370 1339 467 1396 lpse
493 1346 610 1381 certe
627 1345 690 1381 est
713 1336 791 1380 Dei
821 1335 968 1381 Virtus
991 1345 1033 1380 et
1063 1336 1141 1380 Dei
1166 1337 1385 1397 Sapientia
1403 1338 1435 1380 3.
1451 1339 1509 1381 Et
1526 1335 1634 1397 quid
1654 1337 1761 1381 dicit

370 1407 591 1467 Scriptura
626 1406 681 1450 dc
714 1407 804 1465 ipsa
834 1407 1087 1467 Sapientia?
1114 1407 1270 1451 Anima
1288 1407 1417 1468 jtlsti,
1445 1408 1565 1452 sedes
1588 1407 1761 1466 sapien-

367 1479 485 1524 tiae⁴.
523 1478 566 1523 Si
594 1493 697 1536 ergo
726 1478 870 1522 anima
900 1479 1006 1538 justi
1029 1478 1150 1523 sedes
1174 1489 1238 1523 est
1259 1479 1480 1539 sapientiae
1505 1498 1514 1524 :
1540 1479 1595 1523 sit
1617 1479 1761 1522 anima

368 1560 444 1594 tua
468 1555 584 1606 justa
611 1559 655 1601 et
685 1549 765 1592 eris
798 1549 952 1608 regalis
981 1550 1084 1594 sella
1116 1550 1354 1610 sapientiae.
1388 1553 1446 1594 Et
1471 1565 1648 1604 revera,
1674 1548 1763 1594 fra-

367 1631 479 1676 tres,
508 1635 658 1664 omnes
685 1620 882 1664 homines
905 1619 982 1680 qui
1008 1620 1120 1664 bene
1142 1621 1321 1676 vivunt,
1347 1621 1424 1680 qui
1453 1620 1565 1664 bene
1594 1629 1730 1677 agunt
1747 1655 1758 1675 ,

368 1690 609 1736 secundum
632 1690 887 1735 charitatem
910 1690 1026 1749 piam
1049 1700 1383 1745 conversantur,
1404 1706 1552 1735 nonne
1574 1694 1688 1735 Deus
1717 1690 1763 1734 in

367 1757 450 1807 illis
474 1761 609 1816 sedet,
631 1770 674 1806 et
696 1761 789 1821 ipse
806 1761 967 1821 jubet?
985 1761 1271 1820 Obtemperat
1294 1761 1437 1805 anima
1460 1760 1628 1804 sedenti
1650 1761 1696 1804 in
1718 1776 1763 1805 se

368 1840 473 1888 Deo,
500 1842 541 1877 et
563 1833 655 1892 ipsa
673 1833 803 1893 jubet
824 1833 1045 1876 membris.
1069 1832 1224 1877 Anima
1248 1833 1363 1877 enim
1386 1842 1460 1877 tua
1478 1834 1605 1892 jubet
1628 1847 1763 1876 mem-

367 1904 447 1948 bro
485 1913 562 1948 tuo
582 1939 592 1958 ‚
634 1919 723 1962 quo
754 1911 981 1947 moveatur
1009 1918 1083 1962 pes
1103 1938 1113 1957 ,
1140 1919 1229 1963 quo
1265 1918 1447 1958 manus,
1473 1918 1562 1963 quo
1584 1902 1759 1959 oculus,

369 1990 459 2034 quo
478 1975 590 2018 auris
609 2008 619 2027 ,
646 1981 689 2016 et
714 1973 844 2032 jubet
868 1972 958 2031 ipsa
982 1973 1184 2016 membris
1207 1983 1414 2033 tanquam
1440 1972 1613 2016 famulis
1636 1973 1722 2016 suis
1750 1993 1758 2018 :

370 2046 444 2090 sed
468 2055 511 2089 et
542 2045 633 2104 ipsa
656 2044 787 2088 servit
816 2043 997 2087 interius
1020 2044 1226 2088 insidenti
1244 2044 1326 2088 sibi
1348 2043 1528 2088 domino
1550 2060 1644 2088 suo.
1666 2046 1763 2088 Non

370 2126 512 2177 potest
539 2114 733 2160 inferiori
771 2129 815 2158 se
849 2114 960 2157 bene
997 2115 1234 2173 imperare,
1271 2115 1351 2158 nisi
1373 2115 1585 2174 superiori
1608 2129 1651 2158 se
1674 2129 1763 2158 non

369 2185 503 2233 fucrit
525 2184 761 2244 dedignata
795 2185 967 2229 servire.
1003 2203 1021 2226 ι(
1042 2190 1152 2229 Deus
1173 2185 1295 2230 sedet
1321 2200 1451 2244 super
1472 2183 1619 2229 sedem
1645 2200 1764 2229 sanc-

377 2275 398 2298 »
434 2266 522 2300 tam
546 2270 684 2300 suam.
714 2273 734 2296 »

430 2328 510 2369 XI.
527 2325 779 2384 «Principes
803 2323 1067 2385 populorum
1085 2334 1385 2370 convenerunt
1402 2340 1501 2369 cum
1523 2328 1613 2368 Deo
1630 2324 1764 2368 Abra·

377 2414 397 2438 »
431 2397 535 2440 ham
551 2399 581 2439 ⁵.
610 2414 630 2437 »
653 2399 766 2440 Deus
789 2396 1010 2440 Abraham
1035 2405 1077 2440 et
1100 2399 1213 2441 Deus
1238 2398 1355 2441 Isaac
1377 2404 1420 2439 et
1438 2399 1551 2440 Deus
1574 2393 1710 2439 Jacob
1727 2395 1759 2438 ⁰.

423 2499 431 2515 ¹
453 2495 526 2524 Aet.
545 2503 568 2533 ι,
588 2500 620 2524 2.
648 2508 690 2515 -
710 2498 723 2515 ⁸
746 2492 860 2524 2Tim.
881 2502 923 2525 iv.
945 2509 986 2515 --
1009 2490 1022 2514 ³
1045 2503 1056 2525 1
1075 2495 1147 2525 Cor.
1166 2504 1199 2534 1,
1218 2491 1272 2533 24.
1294 2509 1336 2516 —-
1357 2491 1373 2521 4
1397 2494 1469 2534 Sap.
1490 2503 1562 2533 vu,
1580 2508 1622 2515 —-
1638 2489 1653 2515 ⁵
1672 2490 1760 2524 Psal.

375 2559 457 2587 wa,
482 2558 531 2579 11.
564 2564 592 2570 -
609 2545 624 2569 ⁶
642 2548 743 2580 Exod.
763 2559 809 2588 iu,
827 2547 861 2577 6.
