1841 3223
326 245 566 273 mannum
598 247 642 272 m
676 243 878 273 PsALMUM
912 244 1071 273 xxxvii.
1330 237 1409 275 125

29 317 148 354 tanta
182 308 292 368 passi
318 319 446 364 sunt,
484 318 648 369 quanta
675 318 915 368 potuerunt
947 309 1037 369 pati
1069 317 1112 353 et
1139 308 1258 354 boni.
1293 311 1411 364 Quid

27 379 144 422 enim
166 378 350 439 quisque
370 376 592 422 maleficus
610 413 621 434 ,
645 377 756 423 latro
772 414 783 434 ,
818 379 988 424 adulter
1007 415 1018 435 ,
1051 379 1280 425 sceleratus
1297 416 1307 436 ,
1340 397 1410 425 sa-

26 449 210 508 crilegus
245 449 426 510 pertulit
461 449 659 511 legibus,
691 450 812 510 quod
848 466 938 495 non
965 451 1145 511 pertulit
1170 454 1339 510 Martyr
1364 453 1410 496 in
1459 478 1462 481 ᾗ

26 520 294 566 confessione
320 521 508 566 ChristiiJ
530 523 616 565 Ista
639 537 742 580 ergo
763 537 862 581 quae
883 522 955 565 hic
976 532 1078 567 sunt
1099 522 1211 567 mala
1226 558 1237 579 ,
1269 523 1410 568 multo

24 579 230 637 faciliora²
243 601 346 636 sunt
367 610 377 637 :
402 600 446 636 et
472 600 617 636 tamen
635 591 780 637 videte
801 592 1173 653 quemadmodum
1196 609 1245 638 ea
1262 594 1408 638 homi-

22 679 98 708 nes
126 679 182 708 ne
203 664 444 724 patiantur,
470 663 685 724 quidquid
710 663 883 723 jusseris
905 663 1087 707 faciunt.
1114 666 1287 716 Quanto
1308 681 1406 709 me-

21 735 105 780 lius
126 735 293 786 faciunt
314 734 435 795 quod
450 735 578 795 jubet
601 738 714 779 Deus
730 770 740 790 ,
767 750 822 778 ne
843 734 917 778 illa
940 735 1135 794 graviora
1154 735 1409 794 patiantur?

83 807 158 849 IV.
194 807 337 858 Quare
368 813 512 849 autem
535 805 645 864 petit
664 805 743 848 iste
765 820 820 848 ne
847 804 1147 863 indignatione
1176 815 1405 864 arguatur,

21 890 166 935 neque
186 875 233 918 in
255 875 318 919 ira
339 874 626 919 emendetur?
646 877 871 934 Tanquam
888 874 1036 919 dicens
1054 878 1144 920 Deo
1163 895 1171 920 :
1188 876 1408 928 Quoniam

16 945 105 1005 jam
137 945 216 989 ista
247 961 346 1006 quae
367 945 507 1004 patior
527 944 666 989 multa
688 954 790 989 sunt
805 981 815 1000 ,
841 960 997 1004 magna
1031 955 1157 1000 sunt,
1190 962 1339 1006 quaeso
1358 955 1409 990 ut

21 1015 252 1061 sufficiant.
273 1019 332 1060 Et
352 1016 505 1075 incipit
520 1016 594 1061 illa
613 1032 867 1061 enumerare
887 1015 1150 1062 satisfaciens
1168 1021 1274 1072 Deo,
1293 1018 1406 1062 offe-

21 1102 119 1131 rens
135 1085 208 1131 illa
231 1103 329 1147 quae
350 1087 536 1146 patitur,
562 1102 617 1130 ne
638 1088 785 1147 pejora
808 1087 1011 1146 patiatur.
1041 1107 1060 1129 «
1092 1088 1308 1140 Quoniam
1337 1103 1407 1132 sa-

21 1175 42 1199 »
66 1157 183 1215 gittae
200 1166 287 1201 tuae
304 1158 448 1201 infixae
465 1166 566 1202 sunt
587 1157 709 1213 mihi,
728 1166 770 1201 et
793 1158 1056 1202 confirmasti
1073 1174 1202 1217 super
1218 1173 1287 1202 me
1310 1174 1406 1203 ma-

21 1246 43 1270 »
68 1244 176 1273 num
193 1237 313 1273 tuam
329 1231 360 1272 ¹.
388 1247 409 1270 »

78 1302 132 1345 V.
163 1319 183 1342 «
205 1302 303 1346 Non
326 1309 390 1344 est
410 1300 567 1344 sanitas
596 1300 643 1344 in
666 1316 795 1345 carne
816 1316 909 1344 mea
931 1316 954 1344 a
981 1299 1108 1345 vultu
1127 1300 1204 1344 irae
1226 1302 1357 1345 tuae2.
1382 1319 1403 1342 »

19 1372 113 1414 Jam
131 1370 225 1414 haec
243 1369 414 1415 dicebat
430 1387 530 1431 quae
542 1371 614 1415 hic
631 1371 901 1431 patiebatur:
918 1380 962 1415 et
985 1380 1125 1415 tamen
1147 1371 1230 1415 hoc
1242 1371 1333 1431 jam
1351 1370 1407 1414 de

17 1441 80 1484 ira
101 1440 290 1495 Domini,
316 1440 417 1501 quia
439 1450 481 1485 et
499 1440 554 1484 de
565 1441 757 1485 vindicta
779 1441 966 1485 Domini.
990 1444 1051 1485 De
1073 1457 1160 1500 qua
1182 1440 1373 1485 vindicta
1389 1443 1427 1484 9⁷

18 1514 159 1566 Quam
177 1512 347 1571 excepit
367 1511 422 1556 de
443 1511 599 1557 Adam.
619 1515 716 1558 Non
734 1513 849 1556 enim
866 1513 911 1556 in
928 1511 1053 1555 illum
1071 1527 1161 1556 non
1183 1521 1246 1556 cst
1268 1511 1408 1556 vindi-

18 1591 185 1637 catum,
225 1592 300 1627 aut
336 1582 496 1628 frustra
513 1582 680 1627 dixerat
701 1586 847 1627 Deus:
878 1602 898 1624 «
930 1585 1071 1627 Morte
1092 1582 1314 1626 morieris3
1343 1601 1353 1627 ε
1381 1601 1402 1624 »

18 1663 94 1698 aut
113 1653 278 1714 aliquid
309 1654 499 1713 patimur
520 1655 566 1697 in
589 1654 669 1697 ista
693 1654 806 1708 vita,
829 1653 910 1697 nisi
932 1669 983 1696 ex
1005 1652 1076 1697 illa
1099 1663 1240 1697 morte
1273 1669 1407 1714 quam

16 1724 253 1768 meruimus
271 1740 350 1783 pro
372 1733 566 1783 peccato.
587 1724 761 1768 Etenim
780 1733 1002 1783 portamus
1020 1739 1176 1783 corpus
1195 1724 1378 1768 mortale
1392 1759 1403 1780 ,

17 1793 139 1854 quod
159 1794 312 1853 utique
339 1809 429 1838 non
463 1803 571 1838 esset
602 1793 810 1848 mortale,
847 1793 1027 1853 plenum
1061 1794 1401 1849 tentationibus,

16 1864 198 1924 plenum
223 1863 610 1918 sollicitudinibus,
645 1863 886 1908 obnoxium
920 1863 1145 1908 doloribus
1170 1864 1407 1923 corporali-

15 1935 120 1991 bus,
146 1935 384 1979 obnoxium
406 1934 655 1993 indigentiis
672 1970 682 1990 ,
707 1934 918 1979 mutabile
932 1970 943 1989 ,
967 1934 1225 1993 languidum
1244 1945 1406 1980 etcum

16 2021 169 2050 sanum
191 2014 255 2050 est
269 2040 280 2060 ,
305 2006 407 2065 quia
423 2005 578 2065 utique
597 2005 795 2049 nondum
814 2004 944 2064 plene
966 2021 1133 2049 sanum.
1160 2007 1269 2049 Nam
1286 2004 1405 2049 unde

16 2074 191 2120 dicebat
211 2094 220 2119 :
243 2078 369 2120 «Non
388 2085 451 2119 est
469 2076 624 2119 sanitas
648 2076 694 2118 in
712 2090 840 2119 carne
861 2090 972 2128 mea,
991 2075 1071 2119 nisi
1085 2075 1186 2135 quia
1209 2078 1287 2119 ista
1305 2091 1406 2135 quae

15 2145 145 2205 hujus
167 2145 266 2190 vitae
289 2144 448 2189 dicitur
468 2145 652 2200 sanitas,
678 2144 791 2188 bene
811 2143 1156 2202 intelligentibus
1179 2155 1222 2189 et
1244 2145 1404 2189 sabba-

15 2224 111 2260 tum
148 2214 478 2260 recordantibus
507 2230 597 2259 non
620 2224 683 2260 est
704 2215 858 2275 utique
879 2215 1071 2259 sanitas?
1095 2215 1136 2260 Si
1163 2216 1279 2259 enim
1314 2231 1403 2260 non

14 2284 377 2331 manducaveritis
395 2285 656 2346 „inquietat
688 2284 838 2330 fames.
871 2287 955 2329 Iste
983 2285 1192 2330 naturalis
1224 2285 1404 2346 quidam

15 2356 193 2400 morbus
211 2365 300 2400 est:
320 2356 422 2416 quia
440 2365 595 2400 natura
609 2355 735 2401 nobis
749 2354 862 2400 facta
885 2365 948 2399 est
969 2371 1099 2415 poena
1122 2371 1171 2399 ex
1194 2355 1399 2400 vindicta.

16 2427 161 2472 Primo
196 2427 362 2471 homini
390 2426 512 2487 quod
533 2437 624 2471 erat
644 2443 798 2487 poena,
837 2436 992 2471 natura
1025 2427 1152 2471 nobis
1173 2436 1250 2471 est.
1277 2427 1403 2471 Unde

17 2497 122 2542 dicit
138 2496 369 2557 Apostolus
395 2516 404 2542 ε
431 2516 450 2539 «
471 2498 653 2541 Fuimus
673 2507 717 2542 et
738 2514 815 2542 nos
833 2506 988 2542 natura
1005 2496 1083 2541 filii
1101 2498 1198 2553 irae,
1224 2499 1336 2542 sicut
1357 2506 1400 2542 et

65 2588 74 2604 ¹
97 2580 175 2613 Psal.
200 2591 325 2623 xxxvn,
341 2580 373 2613 3.
393 2597 436 2605 ·—-
455 2581 566 2614 21bid.
584 2580 617 2623 4.
639 2598 682 2604 —-
700 2579 714 2604 3
733 2581 815 2614 Gen.
837 2592 872 2623 n,
888 2589 941 2622 27.
