1841 3223
340 167 424 207 562
772 181 808 207 s.
842 175 1075 209 Aueus'rml
1108 180 1293 209 EPISCOPI

339 263 361 287 »
396 249 525 300 DQUS,
541 254 643 290 vota
660 251 750 299 tua,
766 260 867 306 quae
887 245 1068 291 reddam
1089 245 1231 291 laudis
1244 245 1340 290 tibi.
1356 263 1376 287 »
1389 247 1459 291 An
1476 260 1574 291 amo
1585 249 1727 291 Deum

334 330 483 359 meum
510 333 519 360 2
551 330 682 360 nemo
717 316 837 360 hunc
865 316 971 360 mihi
999 316 1127 376 eripit
1155 335 1164 361 :
1190 315 1314 377 quod
1343 315 1407 360 illi
1438 315 1566 372 dem,
1599 332 1729 362 nemo

332 385 441 428 mihi
458 385 586 445 eripit
601 420 613 441 ,
637 385 739 446 quia
762 386 809 430 in
831 385 962 431 corde
981 386 1202 431 inclusum
1223 396 1302 431 est.
1326 387 1484 432 Merito
1500 386 1662 432 dicitur
1683 387 1730 432 in

335 454 408 500 illa
428 456 651 516 superiore
676 455 857 502 fiducia:
886 477 907 500 «
932 456 1047 512 Quid
1070 457 1201 502 faciat
1218 458 1325 502 mihi
1345 459 1505 504 homo?
1529 476 1550 500 »
1573 457 1731 503 Saeviat

336 527 468 571 homo
486 561 498 582 ,
530 527 890 587 praetermittatur
910 528 1082 584 saevire,
1109 529 1387 589 permittatur
1416 529 1588 574 essicere
1609 529 1731 589 quod

336 607 521 643 conatur
542 618 551 643 :
577 598 686 659 quid
703 607 767 643 est
787 599 1036 644 ablaturus?
1055 603 1247 655 Aurum,
1269 608 1497 659 argentum
1510 635 1522 656 ,
1547 615 1728 659 pecora,

334 684 496 725 servos,
518 669 711 722 ancillas,
732 668 910 726 fundos,
936 670 1112 728 domos;
1131 669 1300 715 auferat
1318 671 1463 715 omnia
1485 690 1494 716 z
1515 669 1733 731 numquid

334 739 478 785 aufert
498 750 599 786 vota
615 775 627 797 ‚
663 757 764 801 quae
787 741 832 785 in
853 756 924 785 me
951 750 1080 798 sunt,
1106 757 1207 803 quae
1229 740 1409 786 reddam
1437 740 1579 786 laudis
1608 742 1731 787 Deo?

335 811 572 857 Permissus
593 821 657 856 est
685 821 853 857 tentare
882 821 1074 858 tentator
1100 821 1300 858 sanctum
1320 812 1465 857 virum
1487 813 1617 869 Job¹,
1641 828 1733 859 uno

336 891 503 942 puncto
526 883 734 943 temporis
752 883 931 928 abstulit
948 884 1116 942 omnia3
1140 882 1360 945 quidquid
1381 883 1643 929 facultatum
1660 884 1736 929 ha-

335 954 494 999 buerat
510 953 675 999 ademit
696 974 706 1000 z
731 953 912 999 abstulit
932 954 1250 1011 haereditatem,
1273 953 1492 1000 interfecit
1514 954 1732 1014 haerede33

338 1040 484 1087 neque
501 1027 585 1072 hoc
606 1024 818 1087 paulatim
835 1061 846 1082 ,
877 1025 954 1071 sed
972 1027 1226 1072 catervatim
1244 1060 1254 1083 ‚
1280 1041 1371 1072 uno
1392 1027 1483 1072 ictu
1497 1062 1508 1083 ,
1533 1042 1624 1072 uno
1647 1027 1734 1070 im-

336 1107 444 1157 petu
460 1133 471 1154 ,
495 1107 546 1143 ut
567 1098 713 1143 omnia
732 1097 877 1143 subito
900 1098 1213 1143 nuntiarentur
1234 1117 1243 1143 ι
1263 1097 1419 1143 ablatis
1436 1097 1642 1143 omnibus
1661 1113 1734 1142 so-

335 1168 405 1214 lus
431 1170 639 1216 remansit
660 1171 774 1227 Joh,
799 1169 875 1214 sed
896 1170 942 1214 in
969 1169 1046 1214 illo
1067 1179 1191 1215 erant
1216 1179 1318 1215 vota
1345 1168 1486 1214 laudis
1508 1185 1608 1230 quae
1642 1168 1736 1214 red-

337 1239 461 1285 deret
488 1243 601 1296 Deo,
630 1241 676 1284 in
697 1240 773 1285 illo
795 1240 925 1300 plane
945 1250 1069 1286 erant
1093 1260 1102 1286 :
1134 1255 1277 1285 arcam
1299 1241 1437 1286 sancti
1462 1241 1647 1300 pectoris
1669 1240 1736 1285 sui

337 1310 411 1355 sur
433 1310 636 1357 diabolus
657 1328 748 1357 non
768 1312 1005 1367 invaserat,
1031 1311 1186 1372 plenus
1209 1320 1301 1356 erat
1317 1311 1437 1355 unde
1458 1311 1730 1356 sacrificaret.

337 1382 455 1428 Audi
482 1399 581 1444 quae
600 1383 789 1428 habebat
805 1418 816 1439 ,
837 1382 940 1428 audi
957 1398 1057 1444 quae
1078 1382 1288 1443 protulit:
1315 1401 1336 1425 ι(
1362 1383 1574 1427 Dominus
1594 1381 1732 1438 dedit,

341 1471 364 1496 »
400 1455 610 1499 Dominus
632 1454 835 1511 abstulit,
854 1454 964 1498 sicut
980 1454 1162 1499 Domino
1181 1453 1362 1514 placuit,
1386 1453 1444 1498 ita
1461 1453 1629 1499 factum
1646 1462 1736 1499 est:

341 1543 363 1568 ))
398 1525 455 1570 sit
476 1540 638 1570 nomen
657 1525 832 1570 Domini
853 1523 1176 1569 benedictum2.
1204 1543 1224 1567 »
1249 1526 1286 1570 Ο
1308 1523 1472 1570 divitiae
1488 1525 1737 1581 interiores,

339 1611 430 1656 quo
453 1595 525 1640 fur
546 1611 636 1640 non
656 1595 849 1640 accedit!
872 1597 970 1654 Ipse
996 1594 1178 1639 dederat
1200 1598 1315 1640 Deus
1337 1596 1456 1640 unde
1475 1595 1737 1656 accipiebat3

339 1665 431 1726 ipse
453 1664 689 1721 ditaverat,
711 1665 832 1710 unde
857 1664 923 1709 illi
944 1664 1159 1710 offerebat
1180 1665 1303 1726 quod
1327 1666 1517 1710 amabat.
1543 1665 1740 1711 Laudem

340 1753 366 1782 a
383 1745 428 1781 te
449 1738 609 1797 quaerit
638 1738 776 1791 Deus,
807 1735 1127 1780 confessionem
1153 1744 1276 1780 tuam
1309 1736 1468 1797 quaerit
1490 1739 1620 1782 Deus.
1656 1737 1742 1782 Sed

341 1807 397 1852 de
420 1823 524 1868 agro
548 1816 625 1852 tuo
647 1805 815 1868 aliquid
835 1807 1018 1852 daturus
1034 1808 1106 1852 es?
1125 1809 1221 1867 Ipse
1245 1806 1361 1868 pluit
1382 1817 1432 1852 ut
1451 1808 1648 1853 haberes.
1676 1811 1740 1853 De

344 1895 443 1924 arca
464 1878 647 1923 daturus
669 1893 713 1922 es
735 1877 934 1939 aliquid?
963 1880 1059 1937 Ipse
1088 1878 1278 1923 instituit
1306 1877 1427 1939 quod
1460 1878 1644 1925 daturus
1677 1895 1737 1925 es.

344 1950 461 2004 Quid
481 1949 664 1994 daturus
685 1964 729 1993 es
759 1947 883 2010 quod
907 1948 962 1993 ab
985 1947 1061 1993 illo
1085 1964 1175 1994 non
1196 1950 1425 2010 accepisti?
1444 1969 1467 1993 «
1491 1949 1606 2004 Quid
1625 1951 1743 1996 enim

346 2040 368 2064 υ
404 2021 539 2066 habes
566 2019 688 2082 quod
709 2035 800 2065 non
817 2019 1020 2079 accepisti
1033 2020 1077 2064 ΒΡ
1097 2037 1118 2062 >›
1144 2023 1207 2065 De
1228 2019 1361 2066 corde
1376 2019 1531 2066 dabis?
1554 2024 1652 2082 Ipse
1669 2021 1745 2067 de·

346 2092 413 2137 dit
431 2092 587 2146 fidem,
608 2106 730 2152 spem
745 2099 788 2135 et
809 2090 1090 2135 charitatem:
1108 2091 1192 2136 hoc
1215 2090 1463 2151 prolaturus
1477 2127 1488 2148 ,
1510 2092 1595 2137 hoc
1617 2092 1744 2138 sacri-

346 2165 557 2209 ficaturus
569 2179 628 2208 es.
645 2161 730 2208 Sed
744 2161 874 2222 plane
889 2161 1034 2208 omnia
1047 2161 1120 2207 illa
1133 2171 1290 2207 caetera
1308 2171 1453 2222 potest
1469 2163 1550 2208 tibi
1572 2163 1744 2208 auferre

347 2235 550 2280 inimicus
570 2234 734 2290 invito,
761 2233 845 2278 hoc
863 2231 1035 2277 auferre
1063 2248 1155 2278 non
1178 2242 1322 2294 potest
1348 2233 1430 2278 nisi
1456 2233 1636 2280 volenti.
1663 2233 1745 2279 Illa

347 2306 504 2368 perdet
524 2315 568 2352 et
587 2306 772 2364 invitus,
791 2313 836 2350 et
850 2304 1001 2350 volens
1017 2304 1180 2351 habere
1192 2321 1364 2363 aurum,
1384 2304 1541 2368 perdet
1561 2318 1742 2366 aurum,

350 2387 395 2423 et
422 2377 574 2424 volens
595 2377 758 2422 habere
789 2374 995 2432 domum,
1025 2376 1180 2436 perdet
1203 2375 1386 2423 domum
1414 2392 1423 2420 :
1453 2377 1586 2423 fidem
1613 2393 1744 2424 nemo

352 2448 507 2511 perdet
522 2449 602 2494 nisi
624 2448 700 2509 qui
722 2448 946 2508 spreverit.

406 2542 413 2559 ¹
432 2534 544 2576 Job.1,
569 2542 618 2566 12.
635 2550 676 2556 -
697 2532 946 2565 ²1bid.21.—
966 2532 978 2555 3
998 2544 1008 2564 1
1027 2535 1100 2566 Cor.
1122 2544 1168 2574 iv,
1189 2545 1219 2574 ς.
