<?xml version="1.0" encoding="UTF-8"?>
<!DOCTYPE html PUBLIC "-//W3C//DTD XHTML 1.0 Transitional//EN"
    "http://www.w3.org/TR/xhtml1/DTD/xhtml1-transitional.dtd">
<html xmlns="http://www.w3.org/1999/xhtml" xml:lang="en" lang="en">
 <head>
  <title>
</title>
<meta http-equiv="Content-Type" content="text/html;charset=utf-8" />
  <meta name='ocr-system' content='tesseract 3.04.00' />
  <meta name='ocr-capabilities' content='ocr_page ocr_carea ocr_par ocr_line ocrx_word'/>
</head>
<body>
  <div class='ocr_page' id='page_1' title='image "./operaomniaaccura08auguuoft_0483.png"; bbox 0 0 1841 3223; ppageno 0'>
   <div class='ocr_carea' id='block_1_1' title="bbox 427 257 1439 305">
    <p class='ocr_par' dir='ltr' id='par_1_1' title="bbox 427 257 1439 305">
     <span class='ocr_line' id='line_1_1' title="bbox 427 257 1439 305; baseline -0.003 -1"><span class='ocrx_word' id='word_1_1' title='bbox 427 274 673 305; x_wconf 66' lang='lat' dir='ltr'>ENARRA‘no</span> <span class='ocrx_word' id='word_1_2' title='bbox 706 279 751 305; x_wconf 80' lang='lat' dir='ltr'>IN</span> <span class='ocrx_word' id='word_1_3' title='bbox 784 275 987 305; x_wconf 71' lang='lat' dir='ltr'>PsALMUM</span> <span class='ocrx_word' id='word_1_4' title='bbox 1021 277 1077 303; x_wconf 78' lang='lat' dir='ltr'>Lt.</span> <span class='ocrx_word' id='word_1_5' title='bbox 1355 257 1439 297; x_wconf 76' lang='grc'>469</span> 
     </span>
    </p>
   </div>
   <div class='ocr_carea' id='block_1_2' title="bbox 42 336 1447 2659">
    <p class='ocr_par' dir='ltr' id='par_1_2' title="bbox 45 336 1447 1537">
     <span class='ocr_line' id='line_1_2' title="bbox 50 336 1447 403; baseline -0.008 -15"><span class='ocrx_word' id='word_1_6' title='bbox 50 344 140 388; x_wconf 89' lang='lat' dir='ltr'>sine</span> <span class='ocrx_word' id='word_1_7' title='bbox 151 342 419 397; x_wconf 85' lang='lat' dir='ltr'>lassitudine,</span> <span class='ocrx_word' id='word_1_8' title='bbox 436 343 526 387; x_wconf 85' lang='lat' dir='ltr'>sine</span> <span class='ocrx_word' id='word_1_9' title='bbox 539 343 787 398; x_wconf 82' lang='lat' dir='ltr'>intervallo⁷</span> <span class='ocrx_word' id='word_1_10' title='bbox 805 344 895 387; x_wconf 89' lang='lat' dir='ltr'>sine</span> <span class='ocrx_word' id='word_1_11' title='bbox 907 341 1174 403; x_wconf 76' lang='lat' dir='ltr'>pausatione.</span> <span class='ocrx_word' id='word_1_12' title='bbox 1190 341 1246 382; x_wconf 83' lang='lat' dir='ltr'>Et</span> <span class='ocrx_word' id='word_1_13' title='bbox 1261 336 1447 397; x_wconf 84' lang='lat' dir='ltr'>quando</span> 
     </span>
     <span class='ocr_line' id='line_1_3' title="bbox 49 407 1440 475; baseline -0.007 -16"><span class='ocrx_word' id='word_1_14' title='bbox 49 431 139 460; x_wconf 90' lang='lat' dir='ltr'>non</span> <span class='ocrx_word' id='word_1_15' title='bbox 161 414 285 470; x_wconf 87' lang='lat' dir='ltr'>facis,</span> <span class='ocrx_word' id='word_1_16' title='bbox 311 415 497 473; x_wconf 80' lang='lat' dir='ltr'>cogitas3</span> <span class='ocrx_word' id='word_1_17' title='bbox 522 423 572 458; x_wconf 88' lang='lat' dir='ltr'>ut</span> <span class='ocrx_word' id='word_1_18' title='bbox 603 414 781 475; x_wconf 71' lang='lat' dir='ltr'>quando</span> <span class='ocrx_word' id='word_1_19' title='bbox 800 413 965 474; x_wconf 85' lang='lat' dir='ltr'>aliquid</span> <span class='ocrx_word' id='word_1_20' title='bbox 987 411 1087 457; x_wconf 84' lang='lat' dir='ltr'>mali</span> <span class='ocrx_word' id='word_1_21' title='bbox 1113 410 1233 455; x_wconf 85' lang='lat' dir='ltr'>abest</span> <span class='ocrx_word' id='word_1_22' title='bbox 1253 425 1274 452; x_wconf 87' lang='lat' dir='ltr'>a</span> <span class='ocrx_word' id='word_1_23' title='bbox 1298 407 1440 451; x_wconf 89' lang='lat' dir='ltr'>mani-</span> 
     </span>
     <span class='ocr_line' id='line_1_4' title="bbox 49 480 1441 542; baseline -0.007 -12"><span class='ocrx_word' id='word_1_24' title='bbox 49 486 151 542; x_wconf 90' lang='lat' dir='ltr'>bus,</span> <span class='ocrx_word' id='word_1_25' title='bbox 178 502 201 530; x_wconf 88' lang='lat' dir='ltr'>a</span> <span class='ocrx_word' id='word_1_26' title='bbox 225 484 356 530; x_wconf 84' lang='lat' dir='ltr'>corde</span> <span class='ocrx_word' id='word_1_27' title='bbox 379 501 468 529; x_wconf 92' lang='lat' dir='ltr'>non</span> <span class='ocrx_word' id='word_1_28' title='bbox 496 484 606 528; x_wconf 85' lang='lat' dir='ltr'>absit</span> <span class='ocrx_word' id='word_1_29' title='bbox 634 505 642 529; x_wconf 84' lang='grc'>;</span> <span class='ocrx_word' id='word_1_30' title='bbox 673 494 749 529; x_wconf 86' lang='lat' dir='ltr'>aut</span> <span class='ocrx_word' id='word_1_31' title='bbox 772 483 873 528; x_wconf 77' lang='lat' dir='ltr'>facis</span> <span class='ocrx_word' id='word_1_32' title='bbox 900 484 1086 537; x_wconf 89' lang='lat' dir='ltr'>malum,</span> <span class='ocrx_word' id='word_1_33' title='bbox 1116 489 1190 525; x_wconf 87' lang='lat' dir='ltr'>aut</span> <span class='ocrx_word' id='word_1_34' title='bbox 1214 480 1319 523; x_wconf 85' lang='lat' dir='ltr'>dum</span> <span class='ocrx_word' id='word_1_35' title='bbox 1348 491 1441 521; x_wconf 92' lang='lat' dir='ltr'>non</span> 
     </span>
     <span class='ocr_line' id='line_1_5' title="bbox 49 547 1441 618; baseline -0.007 -17"><span class='ocrx_word' id='word_1_36' title='bbox 49 566 171 618; x_wconf 87' lang='lat' dir='ltr'>potes</span> <span class='ocrx_word' id='word_1_37' title='bbox 196 556 361 610; x_wconf 85' lang='lat' dir='ltr'>facere,</span> <span class='ocrx_word' id='word_1_38' title='bbox 383 555 488 600; x_wconf 81' lang='lat' dir='ltr'>dicis</span> <span class='ocrx_word' id='word_1_39' title='bbox 504 555 686 609; x_wconf 83' lang='lat' dir='ltr'>malum,</span> <span class='ocrx_word' id='word_1_40' title='bbox 702 556 786 600; x_wconf 88' lang='lat' dir='ltr'>hoc</span> <span class='ocrx_word' id='word_1_41' title='bbox 804 564 882 610; x_wconf 87' lang='lat' dir='ltr'>est,</span> <span class='ocrx_word' id='word_1_42' title='bbox 902 553 1122 598; x_wconf 83' lang='lat' dir='ltr'>maledicis</span> <span class='ocrx_word' id='word_1_43' title='bbox 1145 572 1152 596; x_wconf 89' lang='lat'>:</span> <span class='ocrx_word' id='word_1_44' title='bbox 1172 560 1247 595; x_wconf 89' lang='lat' dir='ltr'>aut</span> <span class='ocrx_word' id='word_1_45' title='bbox 1263 547 1441 609; x_wconf 87' lang='lat' dir='ltr'>quando</span> 
     </span>
     <span class='ocr_line' id='line_1_6' title="bbox 53 622 1436 686; baseline -0.007 -14"><span class='ocrx_word' id='word_1_46' title='bbox 53 643 134 671; x_wconf 88' lang='lat' dir='ltr'>nec</span> <span class='ocrx_word' id='word_1_47' title='bbox 156 628 239 672; x_wconf 89' lang='lat' dir='ltr'>hoc</span> <span class='ocrx_word' id='word_1_48' title='bbox 262 635 411 686; x_wconf 87' lang='lat' dir='ltr'>potes,</span> <span class='ocrx_word' id='word_1_49' title='bbox 433 627 496 671; x_wconf 88' lang='lat' dir='ltr'>vis</span> <span class='ocrx_word' id='word_1_50' title='bbox 517 635 560 670; x_wconf 90' lang='lat' dir='ltr'>et</span> <span class='ocrx_word' id='word_1_51' title='bbox 582 626 742 684; x_wconf 75' lang='lat' dir='ltr'>cogitas</span> <span class='ocrx_word' id='word_1_52' title='bbox 767 625 947 669; x_wconf 86' lang='lat' dir='ltr'>malum.</span> <span class='ocrx_word' id='word_1_53' title='bbox 975 644 995 666; x_wconf 88' lang='lat'>«</span> <span class='ocrx_word' id='word_1_54' title='bbox 1018 627 1123 667; x_wconf 85' lang='lat' dir='ltr'>Tota</span> <span class='ocrx_word' id='word_1_55' title='bbox 1146 622 1239 665; x_wconf 79' lang='lat' dir='ltr'>die¹</span> <span class='ocrx_word' id='word_1_56' title='bbox 1259 639 1278 661; x_wconf 66' lang='lat' dir='ltr'>n</span> <span class='ocrx_word' id='word_1_57' title='bbox 1311 635 1436 678; x_wconf 79' lang='lat' dir='ltr'>ergo,</span> 
     </span>
     <span class='ocr_line' id='line_1_7' title="bbox 49 694 1436 756; baseline -0.006 -14"><span class='ocrx_word' id='word_1_58' title='bbox 49 698 94 742; x_wconf 90' lang='lat' dir='ltr'>id</span> <span class='ocrx_word' id='word_1_59' title='bbox 110 707 187 754; x_wconf 87' lang='lat' dir='ltr'>est,</span> <span class='ocrx_word' id='word_1_60' title='bbox 204 698 295 742; x_wconf 88' lang='lat' dir='ltr'>sine</span> <span class='ocrx_word' id='word_1_61' title='bbox 310 697 640 741; x_wconf 77' lang='lat' dir='ltr'>intermissione.</span> <span class='ocrx_word' id='word_1_62' title='bbox 654 699 942 756; x_wconf 74' lang='lat' dir='ltr'>Expectamus</span> <span class='ocrx_word' id='word_1_63' title='bbox 955 694 1233 739; x_wconf 82' lang='lat' dir='ltr'>huicliomini</span> <span class='ocrx_word' id='word_1_64' title='bbox 1246 706 1436 751; x_wconf 87' lang='lat' dir='ltr'>poenam.</span> 
     </span>
     <span class='ocr_line' id='line_1_8' title="bbox 48 762 1441 828; baseline -0.006 -15"><span class='ocrx_word' id='word_1_65' title='bbox 48 772 186 813; x_wconf 86' lang='lat' dir='ltr'>Parva</span> <span class='ocrx_word' id='word_1_66' title='bbox 208 769 288 813; x_wconf 86' lang='lat' dir='ltr'>sibi</span> <span class='ocrx_word' id='word_1_67' title='bbox 310 783 443 828; x_wconf 84' lang='lat' dir='ltr'>poena</span> <span class='ocrx_word' id='word_1_68' title='bbox 463 768 550 811; x_wconf 82' lang='lat' dir='ltr'>est?</span> <span class='ocrx_word' id='word_1_69' title='bbox 572 768 748 812; x_wconf 83' lang='lat' dir='ltr'>Minaris</span> <span class='ocrx_word' id='word_1_70' title='bbox 773 768 811 811; x_wconf 78' lang='lat' dir='ltr'>ei</span> <span class='ocrx_word' id='word_1_71' title='bbox 838 787 846 811; x_wconf 74' lang='grc' dir='ltr'>ε</span> <span class='ocrx_word' id='word_1_72' title='bbox 875 776 922 811; x_wconf 90' lang='lat' dir='ltr'>tu</span> <span class='ocrx_word' id='word_1_73' title='bbox 945 781 1045 810; x_wconf 85' lang='lat' dir='ltr'>cum</span> <span class='ocrx_word' id='word_1_74' title='bbox 1070 764 1108 808; x_wconf 87' lang='lat' dir='ltr'>ei</span> <span class='ocrx_word' id='word_1_75' title='bbox 1130 762 1326 816; x_wconf 87' lang='lat' dir='ltr'>minaris,</span> <span class='ocrx_word' id='word_1_76' title='bbox 1352 776 1441 821; x_wconf 87' lang='lat' dir='ltr'>quo</span> 
     </span>
     <span class='ocr_line' id='line_1_9' title="bbox 48 831 1439 893; baseline -0.006 -10"><span class='ocrx_word' id='word_1_77' title='bbox 48 854 146 883; x_wconf 88' lang='lat' dir='ltr'>eum</span> <span class='ocrx_word' id='word_1_78' title='bbox 169 839 232 883; x_wconf 91' lang='lat' dir='ltr'>vis</span> <span class='ocrx_word' id='word_1_79' title='bbox 255 840 449 893; x_wconf 86' lang='lat' dir='ltr'>mittere,</span> <span class='ocrx_word' id='word_1_80' title='bbox 470 838 514 882; x_wconf 90' lang='lat' dir='ltr'>in</span> <span class='ocrx_word' id='word_1_81' title='bbox 530 837 724 881; x_wconf 76' lang='lat' dir='ltr'>malum?</span> <span class='ocrx_word' id='word_1_82' title='bbox 741 835 920 881; x_wconf 80' lang='lat' dir='ltr'>Dimitte</span> <span class='ocrx_word' id='word_1_83' title='bbox 942 835 1066 880; x_wconf 88' lang='lat' dir='ltr'>illum</span> <span class='ocrx_word' id='word_1_84' title='bbox 1091 835 1136 878; x_wconf 86' lang='lat' dir='ltr'>in</span> <span class='ocrx_word' id='word_1_85' title='bbox 1158 850 1215 878; x_wconf 90' lang='lat' dir='ltr'>se.</span> <span class='ocrx_word' id='word_1_86' title='bbox 1245 836 1300 877; x_wconf 90' lang='lat' dir='ltr'>Ut</span> <span class='ocrx_word' id='word_1_87' title='bbox 1321 831 1439 876; x_wconf 87' lang='lat' dir='ltr'>mul-</span> 
     </span>
     <span class='ocr_line' id='line_1_10' title="bbox 47 906 1441 969; baseline -0.005 -15"><span class='ocrx_word' id='word_1_88' title='bbox 47 919 139 954; x_wconf 89' lang='lat' dir='ltr'>tum</span> <span class='ocrx_word' id='word_1_89' title='bbox 159 911 304 954; x_wconf 84' lang='lat' dir='ltr'>saevias</span> <span class='ocrx_word' id='word_1_90' title='bbox 321 946 331 964; x_wconf 94' lang='lat'>,</span> <span class='ocrx_word' id='word_1_91' title='bbox 363 910 638 969; x_wconf 86' lang='lat' dir='ltr'>subjecturus</span> <span class='ocrx_word' id='word_1_92' title='bbox 662 925 704 952; x_wconf 88' lang='lat' dir='ltr'>es</span> <span class='ocrx_word' id='word_1_93' title='bbox 724 909 869 953; x_wconf 85' lang='lat' dir='ltr'>bestiis</span> <span class='ocrx_word' id='word_1_94' title='bbox 893 928 900 952; x_wconf 90' lang='lat'><strong>:</strong></span> <span class='ocrx_word' id='word_1_95' title='bbox 922 908 967 952; x_wconf 91' lang='lat' dir='ltr'>in</span> <span class='ocrx_word' id='word_1_96' title='bbox 989 923 1032 951; x_wconf 91' lang='lat' dir='ltr'>se</span> <span class='ocrx_word' id='word_1_97' title='bbox 1058 907 1200 966; x_wconf 88' lang='lat' dir='ltr'>ipsum</span> <span class='ocrx_word' id='word_1_98' title='bbox 1229 906 1349 965; x_wconf 82' lang='lat' dir='ltr'>pejor</span> <span class='ocrx_word' id='word_1_99' title='bbox 1379 912 1441 948; x_wconf 86' lang='lat' dir='ltr'>est</span> 
     </span>
     <span class='ocr_line' id='line_1_11' title="bbox 46 976 1441 1038; baseline -0.004 -14"><span class='ocrx_word' id='word_1_100' title='bbox 46 981 205 1024; x_wconf 60' lang='lat' dir='ltr'>bestiis</span> <span class='ocrx_word' id='word_1_101' title='bbox 232 980 372 1024; x_wconf 84' lang='lat' dir='ltr'>Bestia</span> <span class='ocrx_word' id='word_1_102' title='bbox 390 979 508 1023; x_wconf 86' lang='lat' dir='ltr'>enim</span> <span class='ocrx_word' id='word_1_103' title='bbox 537 979 726 1023; x_wconf 83' lang='lat' dir='ltr'>lacerare</span> <span class='ocrx_word' id='word_1_104' title='bbox 756 994 912 1038; x_wconf 86' lang='lat' dir='ltr'>corpus</span> <span class='ocrx_word' id='word_1_105' title='bbox 938 979 1028 1038; x_wconf 87' lang='lat' dir='ltr'>ejus</span> <span class='ocrx_word' id='word_1_106' title='bbox 1049 985 1190 1036; x_wconf 82' lang='lat' dir='ltr'>potest</span> <span class='ocrx_word' id='word_1_107' title='bbox 1222 996 1229 1020; x_wconf 91' lang='lat'>:</span> <span class='ocrx_word' id='word_1_108' title='bbox 1253 976 1344 1035; x_wconf 84' lang='lat' dir='ltr'>ipse</span> <span class='ocrx_word' id='word_1_109' title='bbox 1367 989 1441 1019; x_wconf 88' lang='lat' dir='ltr'>cor</span> 
     </span>
     <span class='ocr_line' id='line_1_12' title="bbox 46 1047 1440 1109; baseline -0.004 -14"><span class='ocrx_word' id='word_1_110' title='bbox 46 1067 174 1096; x_wconf 89' lang='lat' dir='ltr'>suum</span> <span class='ocrx_word' id='word_1_111' title='bbox 207 1066 361 1095; x_wconf 86' lang='lat' dir='ltr'>sanum</span> <span class='ocrx_word' id='word_1_112' title='bbox 395 1049 642 1109; x_wconf 82' lang='lat' dir='ltr'>relinquere</span> <span class='ocrx_word' id='word_1_113' title='bbox 674 1066 761 1094; x_wconf 90' lang='lat' dir='ltr'>non</span> <span class='ocrx_word' id='word_1_114' title='bbox 799 1059 954 1109; x_wconf 85' lang='lat' dir='ltr'>potest.</span> <span class='ocrx_word' id='word_1_115' title='bbox 988 1048 1173 1092; x_wconf 83' lang='lat' dir='ltr'>Interius</span> <span class='ocrx_word' id='word_1_116' title='bbox 1202 1047 1246 1090; x_wconf 90' lang='lat' dir='ltr'>in</span> <span class='ocrx_word' id='word_1_117' title='bbox 1278 1062 1321 1090; x_wconf 88' lang='lat' dir='ltr'>se</span> <span class='ocrx_word' id='word_1_118' title='bbox 1350 1047 1440 1106; x_wconf 86' lang='lat' dir='ltr'>ipse</span> 
     </span>
     <span class='ocr_line' id='line_1_13' title="bbox 47 1120 1440 1180; baseline -0.004 -14"><span class='ocrx_word' id='word_1_119' title='bbox 47 1122 187 1176; x_wconf 84' lang='lat' dir='ltr'>saevit,</span> <span class='ocrx_word' id='word_1_120' title='bbox 214 1130 256 1165; x_wconf 88' lang='lat' dir='ltr'>et</span> <span class='ocrx_word' id='word_1_121' title='bbox 278 1130 327 1164; x_wconf 89' lang='lat' dir='ltr'>tu</span> <span class='ocrx_word' id='word_1_122' title='bbox 352 1121 536 1164; x_wconf 74' lang='lat' dir='ltr'>exterius</span> <span class='ocrx_word' id='word_1_123' title='bbox 558 1121 705 1180; x_wconf 80' lang='lat' dir='ltr'>plagas</span> <span class='ocrx_word' id='word_1_124' title='bbox 734 1120 940 1180; x_wconf 76' lang='lat' dir='ltr'>inquiris?</span> <span class='ocrx_word' id='word_1_125' title='bbox 971 1122 1064 1162; x_wconf 89' lang='lat' dir='ltr'>Imo</span> <span class='ocrx_word' id='word_1_126' title='bbox 1100 1134 1172 1162; x_wconf 83' lang='lat' dir='ltr'>ora</span> <span class='ocrx_word' id='word_1_127' title='bbox 1198 1124 1330 1161; x_wconf 82' lang='lat' dir='ltr'>Deum</span> <span class='ocrx_word' id='word_1_128' title='bbox 1361 1133 1440 1176; x_wconf 87' lang='lat' dir='ltr'>pro</span> 
     </span>
     <span class='ocr_line' id='line_1_14' title="bbox 45 1187 1441 1247; baseline -0.002 -12"><span class='ocrx_word' id='word_1_129' title='bbox 45 1191 147 1247; x_wconf 80' lang='lat' dir='ltr'>illo,</span> <span class='ocrx_word' id='word_1_130' title='bbox 175 1200 224 1235; x_wconf 89' lang='lat' dir='ltr'>ut</span> <span class='ocrx_word' id='word_1_131' title='bbox 244 1190 454 1235; x_wconf 80' lang='lat' dir='ltr'>liberetur</span> <span class='ocrx_word' id='word_1_132' title='bbox 477 1207 498 1234; x_wconf 89' lang='lat' dir='ltr'>a</span> <span class='ocrx_word' id='word_1_133' title='bbox 524 1206 581 1234; x_wconf 90' lang='lat' dir='ltr'>se.</span> <span class='ocrx_word' id='word_1_134' title='bbox 608 1192 920 1233; x_wconf 81' lang='lat' dir='ltr'>Verumtamen</span> <span class='ocrx_word' id='word_1_135' title='bbox 951 1189 995 1232; x_wconf 90' lang='lat' dir='ltr'>in</span> <span class='ocrx_word' id='word_1_136' title='bbox 1014 1189 1097 1232; x_wconf 88' lang='lat' dir='ltr'>hoc</span> <span class='ocrx_word' id='word_1_137' title='bbox 1130 1187 1329 1242; x_wconf 83' lang='lat' dir='ltr'>Psalmo,</span> <span class='ocrx_word' id='word_1_138' title='bbox 1357 1187 1441 1232; x_wconf 87' lang='lat' dir='ltr'>fra-</span> 
     </span>
     <span class='ocr_line' id='line_1_15' title="bbox 45 1259 1439 1321; baseline -0.001 -15"><span class='ocrx_word' id='word_1_139' title='bbox 45 1272 130 1307; x_wconf 82' lang='lat' dir='ltr'>tres</span> <span class='ocrx_word' id='word_1_140' title='bbox 152 1263 259 1318; x_wconf 89' lang='lat' dir='ltr'>mei,</span> <span class='ocrx_word' id='word_1_141' title='bbox 286 1278 373 1306; x_wconf 90' lang='lat' dir='ltr'>non</span> <span class='ocrx_word' id='word_1_142' title='bbox 393 1263 530 1306; x_wconf 86' lang='lat' dir='ltr'>oratio</span> <span class='ocrx_word' id='word_1_143' title='bbox 552 1271 615 1305; x_wconf 86' lang='lat' dir='ltr'>cst</span> <span class='ocrx_word' id='word_1_144' title='bbox 632 1277 711 1321; x_wconf 82' lang='lat' dir='ltr'>pro</span> <span class='ocrx_word' id='word_1_145' title='bbox 731 1261 853 1305; x_wconf 84' lang='lat' dir='ltr'>malis</span> <span class='ocrx_word' id='word_1_146' title='bbox 871 1297 881 1315; x_wconf 92' lang='lat'>,</span> <span class='ocrx_word' id='word_1_147' title='bbox 903 1270 978 1305; x_wconf 87' lang='lat' dir='ltr'>aut</span> <span class='ocrx_word' id='word_1_148' title='bbox 1004 1269 1153 1304; x_wconf 80' lang='lat' dir='ltr'>contra</span> <span class='ocrx_word' id='word_1_149' title='bbox 1175 1259 1311 1303; x_wconf 78' lang='lat' dir='ltr'>malos</span> <span class='ocrx_word' id='word_1_150' title='bbox 1325 1295 1339 1314; x_wconf 80' lang='grc'>,</span> <span class='ocrx_word' id='word_1_151' title='bbox 1365 1259 1439 1304; x_wconf 88' lang='lat' dir='ltr'>sed</span> 
     </span>
     <span class='ocr_line' id='line_1_16' title="bbox 45 1330 1439 1394; baseline -0.003 -16"><span class='ocrx_word' id='word_1_152' title='bbox 45 1334 274 1394; x_wconf 81' lang='lat' dir='ltr'>prophetia</span> <span class='ocrx_word' id='word_1_153' title='bbox 299 1332 407 1393; x_wconf 87' lang='lat' dir='ltr'>quid</span> <span class='ocrx_word' id='word_1_154' title='bbox 440 1336 493 1377; x_wconf 89' lang='lat' dir='ltr'>sit</span> <span class='ocrx_word' id='word_1_155' title='bbox 528 1342 786 1376; x_wconf 84' lang='lat' dir='ltr'>eventurum</span> <span class='ocrx_word' id='word_1_156' title='bbox 814 1331 952 1375; x_wconf 85' lang='lat' dir='ltr'>malis.</span> <span class='ocrx_word' id='word_1_157' title='bbox 985 1334 1082 1375; x_wconf 87' lang='lat' dir='ltr'>Non</span> <span class='ocrx_word' id='word_1_158' title='bbox 1107 1331 1256 1390; x_wconf 82' lang='lat' dir='ltr'>itaque</span> <span class='ocrx_word' id='word_1_159' title='bbox 1279 1330 1439 1389; x_wconf 83' lang='lat' dir='ltr'>putetis</span> 
     </span>
     <span class='ocr_line' id='line_1_17' title="bbox 45 1401 1440 1464; baseline -0.001 -16"><span class='ocrx_word' id='word_1_160' title='bbox 45 1421 95 1449; x_wconf 83' lang='lat' dir='ltr'>ex</span> <span class='ocrx_word' id='word_1_161' title='bbox 115 1404 417 1449; x_wconf 84' lang='lat' dir='ltr'>malevolentia</span> <span class='ocrx_word' id='word_1_162' title='bbox 443 1403 662 1448; x_wconf 88' lang='lat' dir='ltr'>Psalmum</span> <span class='ocrx_word' id='word_1_163' title='bbox 693 1403 860 1464; x_wconf 86' lang='lat' dir='ltr'>aliquid</span> <span class='ocrx_word' id='word_1_164' title='bbox 874 1403 1019 1447; x_wconf 87' lang='lat' dir='ltr'>dicere</span> <span class='ocrx_word' id='word_1_165' title='bbox 1045 1421 1053 1447; x_wconf 90' lang='lat'>:</span> <span class='ocrx_word' id='word_1_166' title='bbox 1075 1402 1234 1446; x_wconf 85' lang='lat' dir='ltr'>dicitur</span> <span class='ocrx_word' id='word_1_167' title='bbox 1256 1401 1371 1445; x_wconf 92' lang='lat' dir='ltr'>enim</span> <span class='ocrx_word' id='word_1_168' title='bbox 1394 1401 1440 1446; x_wconf 89' lang='lat' dir='ltr'>in</span> 
     </span>
     <span class='ocr_line' id='line_1_18' title="bbox 49 1477 484 1537; baseline -0.007 -15"><span class='ocrx_word' id='word_1_169' title='bbox 49 1477 212 1537; x_wconf 85' lang='lat' dir='ltr'>Spiritu</span> <span class='ocrx_word' id='word_1_170' title='bbox 227 1477 484 1536; x_wconf 74' lang='lat' dir='ltr'>prophetiae.</span> 
     </span>
    </p>

    <p class='ocr_par' dir='ltr' id='par_1_3' title="bbox 42 1544 1441 2593">
     <span class='ocr_line' id='line_1_19' title="bbox 105 1544 1441 1606; baseline -0.001 -16"><span class='ocrx_word' id='word_1_171' title='bbox 105 1549 182 1590; x_wconf 87' lang='lat' dir='ltr'>IX.</span> <span class='ocrx_word' id='word_1_172' title='bbox 220 1545 337 1600; x_wconf 89' lang='lat' dir='ltr'>Quid</span> <span class='ocrx_word' id='word_1_173' title='bbox 368 1561 470 1603; x_wconf 82' lang='lat' dir='ltr'>ergo</span> <span class='ocrx_word' id='word_1_174' title='bbox 506 1545 729 1606; x_wconf 77' lang='lat' dir='ltr'>sequitur?</span> <span class='ocrx_word' id='word_1_175' title='bbox 767 1549 871 1590; x_wconf 79' lang='lat' dir='ltr'>Tota</span> <span class='ocrx_word' id='word_1_176' title='bbox 905 1544 1100 1604; x_wconf 86' lang='lat' dir='ltr'>potentia</span> <span class='ocrx_word' id='word_1_177' title='bbox 1133 1553 1232 1598; x_wconf 84' lang='lat' dir='ltr'>tua,</span> <span class='ocrx_word' id='word_1_178' title='bbox 1268 1553 1311 1588; x_wconf 90' lang='lat' dir='ltr'>et</span> <span class='ocrx_word' id='word_1_179' title='bbox 1349 1553 1441 1588; x_wconf 86' lang='lat' dir='ltr'>tota</span> 
     </span>
     <span class='ocr_line' id='line_1_20' title="bbox 44 1614 1439 1677; baseline -0.004 -15"><span class='ocrx_word' id='word_1_180' title='bbox 44 1617 250 1676; x_wconf 83' lang='lat' dir='ltr'>cogitatio</span> <span class='ocrx_word' id='word_1_181' title='bbox 287 1616 527 1677; x_wconf 84' lang='lat' dir='ltr'>iniquitatis</span> <span class='ocrx_word' id='word_1_182' title='bbox 563 1625 653 1660; x_wconf 88' lang='lat' dir='ltr'>tota</span> <span class='ocrx_word' id='word_1_183' title='bbox 692 1614 784 1670; x_wconf 88' lang='lat' dir='ltr'>die,</span> <span class='ocrx_word' id='word_1_184' title='bbox 823 1624 867 1659; x_wconf 92' lang='lat' dir='ltr'>et</span> <span class='ocrx_word' id='word_1_185' title='bbox 899 1615 1125 1659; x_wconf 80' lang='lat' dir='ltr'>meditatio</span> <span class='ocrx_word' id='word_1_186' title='bbox 1161 1614 1439 1673; x_wconf 77' lang='lat' dir='ltr'>malignitatis</span> 
     </span>
     <span class='ocr_line' id='line_1_21' title="bbox 42 1683 1440 1747; baseline -0.001 -16"><span class='ocrx_word' id='word_1_187' title='bbox 42 1688 89 1731; x_wconf 91' lang='lat' dir='ltr'>in</span> <span class='ocrx_word' id='word_1_188' title='bbox 117 1688 266 1747; x_wconf 82' lang='lat' dir='ltr'>lingua</span> <span class='ocrx_word' id='word_1_189' title='bbox 299 1696 375 1731; x_wconf 87' lang='lat' dir='ltr'>tua</span> <span class='ocrx_word' id='word_1_190' title='bbox 408 1687 499 1731; x_wconf 92' lang='lat' dir='ltr'>sine</span> <span class='ocrx_word' id='word_1_191' title='bbox 538 1686 876 1740; x_wconf 84' lang='lat' dir='ltr'>intermissione,</span> <span class='ocrx_word' id='word_1_192' title='bbox 907 1685 1014 1745; x_wconf 84' lang='lat' dir='ltr'>quid</span> <span class='ocrx_word' id='word_1_193' title='bbox 1042 1685 1154 1743; x_wconf 79' lang='lat' dir='ltr'>egit?</span> <span class='ocrx_word' id='word_1_194' title='bbox 1182 1684 1288 1745; x_wconf 89' lang='lat' dir='ltr'>quid</span> <span class='ocrx_word' id='word_1_195' title='bbox 1312 1683 1440 1729; x_wconf 77' lang='lat' dir='ltr'>fecit?</span> 
     </span>
     <span class='ocr_line' id='line_1_22' title="bbox 48 1755 1440 1815; baseline 0 -16"><span class='ocrx_word' id='word_1_196' title='bbox 48 1777 69 1800; x_wconf 92' lang='lat'>«</span> <span class='ocrx_word' id='word_1_197' title='bbox 97 1759 217 1803; x_wconf 86' lang='lat' dir='ltr'>Sicut</span> <span class='ocrx_word' id='word_1_198' title='bbox 239 1756 451 1802; x_wconf 87' lang='lat' dir='ltr'>novacula</span> <span class='ocrx_word' id='word_1_199' title='bbox 479 1766 604 1801; x_wconf 86' lang='lat' dir='ltr'>acuta</span> <span class='ocrx_word' id='word_1_200' title='bbox 635 1756 772 1800; x_wconf 87' lang='lat' dir='ltr'>fecisti</span> <span class='ocrx_word' id='word_1_201' title='bbox 812 1755 964 1799; x_wconf 88' lang='lat' dir='ltr'>dolum</span> <span class='ocrx_word' id='word_1_202' title='bbox 979 1759 1010 1799; x_wconf 75' lang='lat'>².</span> <span class='ocrx_word' id='word_1_203' title='bbox 1048 1774 1067 1796; x_wconf 88' lang='lat'>»</span> <span class='ocrx_word' id='word_1_204' title='bbox 1102 1758 1217 1799; x_wconf 88' lang='lat' dir='ltr'>Ecce</span> <span class='ocrx_word' id='word_1_205' title='bbox 1241 1755 1346 1815; x_wconf 84' lang='lat' dir='ltr'>quid</span> <span class='ocrx_word' id='word_1_206' title='bbox 1372 1756 1440 1799; x_wconf 85' lang='lat' dir='ltr'>fa-</span> 
     </span>
     <span class='ocr_line' id='line_1_23' title="bbox 47 1825 1440 1886; baseline 0 -15"><span class='ocrx_word' id='word_1_207' title='bbox 47 1847 68 1871; x_wconf 85' lang='lat'>»</span> <span class='ocrx_word' id='word_1_208' title='bbox 103 1828 225 1873; x_wconf 86' lang='lat' dir='ltr'>ciunt</span> <span class='ocrx_word' id='word_1_209' title='bbox 245 1829 402 1872; x_wconf 88' lang='lat' dir='ltr'>sanctis</span> <span class='ocrx_word' id='word_1_210' title='bbox 424 1827 548 1882; x_wconf 86' lang='lat' dir='ltr'>mali,</span> <span class='ocrx_word' id='word_1_211' title='bbox 576 1827 752 1886; x_wconf 87' lang='lat' dir='ltr'>capillos</span> <span class='ocrx_word' id='word_1_212' title='bbox 774 1826 950 1870; x_wconf 89' lang='lat' dir='ltr'>radunt.</span> <span class='ocrx_word' id='word_1_213' title='bbox 968 1825 1084 1879; x_wconf 88' lang='lat' dir='ltr'>Quid</span> <span class='ocrx_word' id='word_1_214' title='bbox 1107 1835 1169 1869; x_wconf 88' lang='lat' dir='ltr'>cst</span> <span class='ocrx_word' id='word_1_215' title='bbox 1191 1825 1311 1885; x_wconf 83' lang='lat' dir='ltr'>quod</span> <span class='ocrx_word' id='word_1_216' title='bbox 1329 1825 1440 1871; x_wconf 76' lang='lat' dir='ltr'>dixi?</span> 
     </span>
     <span class='ocr_line' id='line_1_24' title="bbox 47 1896 1438 1956; baseline -0.001 -13"><span class='ocrx_word' id='word_1_217' title='bbox 47 1899 89 1944; x_wconf 91' lang='lat' dir='ltr'>Si</span> <span class='ocrx_word' id='word_1_218' title='bbox 122 1899 208 1943; x_wconf 87' lang='lat' dir='ltr'>sint</span> <span class='ocrx_word' id='word_1_219' title='bbox 241 1898 347 1942; x_wconf 85' lang='lat' dir='ltr'>tales</span> <span class='ocrx_word' id='word_1_220' title='bbox 383 1898 498 1942; x_wconf 83' lang='lat' dir='ltr'>cives</span> <span class='ocrx_word' id='word_1_221' title='bbox 536 1896 773 1941; x_wconf 86' lang='lat' dir='ltr'>Jerusalem</span> <span class='ocrx_word' id='word_1_222' title='bbox 794 1932 804 1951; x_wconf 95' lang='lat'>,</span> <span class='ocrx_word' id='word_1_223' title='bbox 840 1897 917 1956; x_wconf 82' lang='lat' dir='ltr'>qui</span> <span class='ocrx_word' id='word_1_224' title='bbox 960 1896 1139 1940; x_wconf 88' lang='lat' dir='ltr'>audiant</span> <span class='ocrx_word' id='word_1_225' title='bbox 1170 1912 1322 1941; x_wconf 86' lang='lat' dir='ltr'>vocem</span> <span class='ocrx_word' id='word_1_226' title='bbox 1353 1902 1438 1942; x_wconf 82' lang='lat' dir='ltr'>Do-</span> 
     </span>
     <span class='ocr_line' id='line_1_25' title="bbox 43 1966 1438 2028; baseline -0.001 -15"><span class='ocrx_word' id='word_1_227' title='bbox 43 1968 151 2013; x_wconf 89' lang='lat' dir='ltr'>mini</span> <span class='ocrx_word' id='word_1_228' title='bbox 173 1969 254 2023; x_wconf 91' lang='lat' dir='ltr'>sui,</span> <span class='ocrx_word' id='word_1_229' title='bbox 280 1968 391 2027; x_wconf 84' lang='lat' dir='ltr'>regis</span> <span class='ocrx_word' id='word_1_230' title='bbox 409 1967 476 2011; x_wconf 90' lang='lat' dir='ltr'>sui</span> <span class='ocrx_word' id='word_1_231' title='bbox 492 1967 674 2011; x_wconf 85' lang='lat' dir='ltr'>dicentis</span> <span class='ocrx_word' id='word_1_232' title='bbox 697 1987 705 2012; x_wconf 81' lang='lat'>2</span> <span class='ocrx_word' id='word_1_233' title='bbox 727 1966 900 2011; x_wconf 88' lang='lat' dir='ltr'>«Nolite</span> <span class='ocrx_word' id='word_1_234' title='bbox 918 1968 1069 2011; x_wconf 89' lang='lat' dir='ltr'>timere</span> <span class='ocrx_word' id='word_1_235' title='bbox 1091 1982 1163 2011; x_wconf 89' lang='lat' dir='ltr'>eos</span> <span class='ocrx_word' id='word_1_236' title='bbox 1185 1968 1260 2027; x_wconf 87' lang='lat' dir='ltr'>qui</span> <span class='ocrx_word' id='word_1_237' title='bbox 1280 1984 1438 2028; x_wconf 90' lang='lat' dir='ltr'>corpus</span> 
     </span>
     <span class='ocr_line' id='line_1_26' title="bbox 45 2037 1436 2097; baseline -0.001 -15"><span class='ocrx_word' id='word_1_238' title='bbox 45 2058 67 2082; x_wconf 61' lang='grc' dir='ltr'><strong>η</strong></span> <span class='ocrx_word' id='word_1_239' title='bbox 105 2040 335 2094; x_wconf 88' lang='lat' dir='ltr'>occidunt,</span> <span class='ocrx_word' id='word_1_240' title='bbox 368 2039 559 2082; x_wconf 85' lang='lat' dir='ltr'>animam</span> <span class='ocrx_word' id='word_1_241' title='bbox 600 2048 742 2082; x_wconf 82' lang='lat' dir='ltr'>autem</span> <span class='ocrx_word' id='word_1_242' title='bbox 782 2054 871 2082; x_wconf 90' lang='lat' dir='ltr'>non</span> <span class='ocrx_word' id='word_1_243' title='bbox 915 2048 1097 2097; x_wconf 86' lang='lat' dir='ltr'>possunt</span> <span class='ocrx_word' id='word_1_244' title='bbox 1130 2037 1350 2083; x_wconf 79' lang='lat' dir='ltr'>occidere3</span> <span class='ocrx_word' id='word_1_245' title='bbox 1375 2061 1386 2096; x_wconf 73' lang='lat'>3</span> <span class='ocrx_word' id='word_1_246' title='bbox 1416 2058 1436 2081; x_wconf 88' lang='lat'>»</span> 
     </span>
     <span class='ocr_line' id='line_1_27' title="bbox 44 2107 1437 2172; baseline 0 -18"><span class='ocrx_word' id='word_1_247' title='bbox 44 2112 120 2172; x_wconf 89' lang='lat' dir='ltr'>qui</span> <span class='ocrx_word' id='word_1_248' title='bbox 144 2108 326 2154; x_wconf 85' lang='lat' dir='ltr'>audiant</span> <span class='ocrx_word' id='word_1_249' title='bbox 343 2123 513 2163; x_wconf 89' lang='lat' dir='ltr'>vocem,</span> <span class='ocrx_word' id='word_1_250' title='bbox 538 2124 638 2168; x_wconf 81' lang='lat' dir='ltr'>quae</span> <span class='ocrx_word' id='word_1_251' title='bbox 662 2109 795 2152; x_wconf 89' lang='lat' dir='ltr'>modo</span> <span class='ocrx_word' id='word_1_252' title='bbox 817 2123 869 2152; x_wconf 84' lang='lat' dir='ltr'>ex</span> <span class='ocrx_word' id='word_1_253' title='bbox 890 2107 1127 2166; x_wconf 80' lang='lat' dir='ltr'>Evangelio</span> <span class='ocrx_word' id='word_1_254' title='bbox 1150 2109 1327 2153; x_wconf 85' lang='lat' dir='ltr'>recitata</span> <span class='ocrx_word' id='word_1_255' title='bbox 1352 2118 1437 2166; x_wconf 87' lang='lat' dir='ltr'>est,</span> 
     </span>
     <span class='ocr_line' id='line_1_28' title="bbox 50 2177 1438 2239; baseline 0.001 -17"><span class='ocrx_word' id='word_1_256' title='bbox 50 2200 70 2223; x_wconf 89' lang='lat'>«</span> <span class='ocrx_word' id='word_1_257' title='bbox 105 2179 218 2233; x_wconf 83' lang='lat' dir='ltr'>Quid</span> <span class='ocrx_word' id='word_1_258' title='bbox 251 2178 429 2239; x_wconf 88' lang='lat' dir='ltr'>prodest</span> <span class='ocrx_word' id='word_1_259' title='bbox 457 2178 628 2223; x_wconf 90' lang='lat' dir='ltr'>homini</span> <span class='ocrx_word' id='word_1_260' title='bbox 656 2178 690 2222; x_wconf 94' lang='lat' dir='ltr'>si</span> <span class='ocrx_word' id='word_1_261' title='bbox 722 2188 866 2223; x_wconf 88' lang='lat' dir='ltr'>totum</span> <span class='ocrx_word' id='word_1_262' title='bbox 902 2177 1119 2221; x_wconf 89' lang='lat' dir='ltr'>mundum</span> <span class='ocrx_word' id='word_1_263' title='bbox 1152 2177 1360 2234; x_wconf 84' lang='lat' dir='ltr'>lucretur,</span> <span class='ocrx_word' id='word_1_264' title='bbox 1394 2195 1438 2224; x_wconf 90' lang='lat' dir='ltr'>se</span> 
     </span>
     <span class='ocr_line' id='line_1_29' title="bbox 46 2249 1436 2310; baseline 0.002 -17"><span class='ocrx_word' id='word_1_265' title='bbox 46 2270 67 2294; x_wconf 77' lang='lat'>&gt;›</span> <span class='ocrx_word' id='word_1_266' title='bbox 108 2260 253 2296; x_wconf 90' lang='lat' dir='ltr'>autem</span> <span class='ocrx_word' id='word_1_267' title='bbox 277 2251 434 2310; x_wconf 63' lang='lat' dir='ltr'>⁴ipsum</span> <span class='ocrx_word' id='word_1_268' title='bbox 475 2249 784 2295; x_wconf 87' lang='lat' dir='ltr'>detrimentum</span> <span class='ocrx_word' id='word_1_269' title='bbox 825 2249 954 2294; x_wconf 85' lang='lat' dir='ltr'>faciat</span> <span class='ocrx_word' id='word_1_270' title='bbox 985 2250 1002 2274; x_wconf 81' lang='lat'>4</span> <span class='ocrx_word' id='word_1_271' title='bbox 1045 2268 1054 2294; x_wconf 70' lang='grc' dir='ltr'>ε</span> <span class='ocrx_word' id='word_1_272' title='bbox 1089 2268 1108 2290; x_wconf 84' lang='lat'>»</span> <span class='ocrx_word' id='word_1_273' title='bbox 1149 2259 1436 2296; x_wconf 82' lang='lat' dir='ltr'>contemnunt</span> 
     </span>
     <span class='ocr_line' id='line_1_30' title="bbox 44 2320 1437 2382; baseline -0.001 -15"><span class='ocrx_word' id='word_1_274' title='bbox 44 2323 188 2367; x_wconf 91' lang='lat' dir='ltr'>omnia</span> <span class='ocrx_word' id='word_1_275' title='bbox 209 2321 438 2381; x_wconf 86' lang='lat' dir='ltr'>praesentia</span> <span class='ocrx_word' id='word_1_276' title='bbox 461 2321 600 2376; x_wconf 82' lang='lat' dir='ltr'>bona,</span> <span class='ocrx_word' id='word_1_277' title='bbox 636 2321 813 2380; x_wconf 89' lang='lat' dir='ltr'>insuper</span> <span class='ocrx_word' id='word_1_278' title='bbox 841 2329 884 2365; x_wconf 89' lang='lat' dir='ltr'>et</span> <span class='ocrx_word' id='word_1_279' title='bbox 912 2321 1047 2379; x_wconf 87' lang='lat' dir='ltr'>ipsam</span> <span class='ocrx_word' id='word_1_280' title='bbox 1068 2320 1217 2364; x_wconf 81' lang='lat' dir='ltr'>vitam.</span> <span class='ocrx_word' id='word_1_281' title='bbox 1247 2323 1304 2365; x_wconf 90' lang='lat' dir='ltr'>Et</span> <span class='ocrx_word' id='word_1_282' title='bbox 1331 2322 1437 2382; x_wconf 85' lang='lat' dir='ltr'>quid</span> 
     </span>
     <span class='ocr_line' id='line_1_31' title="bbox 43 2389 1440 2437; baseline -0.001 0"><span class='ocrx_word' id='word_1_283' title='bbox 43 2392 211 2437; x_wconf 84' lang='lat' dir='ltr'>factura</span> <span class='ocrx_word' id='word_1_284' title='bbox 235 2402 298 2436; x_wconf 88' lang='lat' dir='ltr'>est</span> <span class='ocrx_word' id='word_1_285' title='bbox 321 2391 533 2436; x_wconf 88' lang='lat' dir='ltr'>novacula</span> <span class='ocrx_word' id='word_1_286' title='bbox 551 2392 694 2436; x_wconf 71' lang='lat' dir='ltr'>Doech</span> <span class='ocrx_word' id='word_1_287' title='bbox 712 2391 880 2435; x_wconf 90' lang='lat' dir='ltr'>homini</span> <span class='ocrx_word' id='word_1_288' title='bbox 902 2389 1131 2434; x_wconf 86' lang='lat' dir='ltr'>meditanti</span> <span class='ocrx_word' id='word_1_289' title='bbox 1153 2391 1198 2434; x_wconf 93' lang='lat' dir='ltr'>in</span> <span class='ocrx_word' id='word_1_290' title='bbox 1221 2391 1302 2435; x_wconf 89' lang='lat' dir='ltr'>hac</span> <span class='ocrx_word' id='word_1_291' title='bbox 1324 2402 1440 2437; x_wconf 87' lang='lat' dir='ltr'>terra</span> 
     </span>
     <span class='ocr_line' id='line_1_32' title="bbox 43 2460 1441 2520; baseline 0 -14"><span class='ocrx_word' id='word_1_292' title='bbox 43 2478 224 2520; x_wconf 87' lang='lat' dir='ltr'>regnum</span> <span class='ocrx_word' id='word_1_293' title='bbox 264 2461 478 2506; x_wconf 82' lang='lat' dir='ltr'>coelorum</span> <span class='ocrx_word' id='word_1_294' title='bbox 498 2497 509 2516; x_wconf 84' lang='lat'>,</span> <span class='ocrx_word' id='word_1_295' title='bbox 548 2471 591 2506; x_wconf 90' lang='lat' dir='ltr'>et</span> <span class='ocrx_word' id='word_1_296' title='bbox 636 2460 787 2505; x_wconf 88' lang='lat' dir='ltr'>futuro</span> <span class='ocrx_word' id='word_1_297' title='bbox 826 2461 872 2504; x_wconf 89' lang='lat' dir='ltr'>in</span> <span class='ocrx_word' id='word_1_298' title='bbox 904 2475 1039 2519; x_wconf 77' lang='lat' dir='ltr'>regno</span> <span class='ocrx_word' id='word_1_299' title='bbox 1074 2460 1290 2505; x_wconf 86' lang='lat' dir='ltr'>coelorum</span> <span class='ocrx_word' id='word_1_300' title='bbox 1314 2498 1324 2516; x_wconf 92' lang='lat'>,</span> <span class='ocrx_word' id='word_1_301' title='bbox 1358 2463 1441 2506; x_wconf 91' lang='lat' dir='ltr'>ha-</span> 
     </span>
     <span class='ocr_line' id='line_1_33' title="bbox 44 2533 1433 2593; baseline -0.001 -16"><span class='ocrx_word' id='word_1_302' title='bbox 44 2534 166 2578; x_wconf 82' lang='lat' dir='ltr'>benti</span> <span class='ocrx_word' id='word_1_303' title='bbox 197 2549 342 2577; x_wconf 89' lang='lat' dir='ltr'>secum</span> <span class='ocrx_word' id='word_1_304' title='bbox 376 2539 533 2589; x_wconf 82' lang='lat' dir='ltr'>Deum,</span> <span class='ocrx_word' id='word_1_305' title='bbox 579 2542 622 2576; x_wconf 89' lang='lat' dir='ltr'>et</span> <span class='ocrx_word' id='word_1_306' title='bbox 662 2547 945 2592; x_wconf 86' lang='lat' dir='ltr'>permansuro</span> <span class='ocrx_word' id='word_1_307' title='bbox 969 2547 1068 2575; x_wconf 90' lang='lat' dir='ltr'>cum</span> <span class='ocrx_word' id='word_1_308' title='bbox 1087 2534 1197 2576; x_wconf 82' lang='lat' dir='ltr'>Deo?</span> <span class='ocrx_word' id='word_1_309' title='bbox 1232 2533 1337 2593; x_wconf 87' lang='lat' dir='ltr'>quid</span> <span class='ocrx_word' id='word_1_310' title='bbox 1370 2542 1433 2577; x_wconf 83' lang='lat' dir='ltr'>cst</span> 
     </span>
    </p>

    <p class='ocr_par' dir='ltr' id='par_1_4' title="bbox 94 2616 1197 2659">
     <span class='ocr_line' id='line_1_34' title="bbox 94 2616 1197 2659; baseline -0.002 -9"><span class='ocrx_word' id='word_1_311' title='bbox 94 2626 102 2641; x_wconf 87' lang='lat'>¹</span> <span class='ocrx_word' id='word_1_312' title='bbox 124 2619 203 2650; x_wconf 71' lang='lat' dir='ltr'>Psat.</span> <span class='ocrx_word' id='word_1_313' title='bbox 226 2630 266 2659; x_wconf 77' lang='lat' dir='ltr'>m,</span> <span class='ocrx_word' id='word_1_314' title='bbox 288 2617 318 2659; x_wconf 70' lang='grc'>4.</span> <span class='ocrx_word' id='word_1_315' title='bbox 336 2636 376 2641; x_wconf 85' lang='lat'>——</span> <span class='ocrx_word' id='word_1_316' title='bbox 404 2626 415 2641; x_wconf 86' lang='lat'><strong>²</strong></span> <span class='ocrx_word' id='word_1_317' title='bbox 432 2619 512 2650; x_wconf 79' lang='lat' dir='ltr'>[bid.</span> <span class='ocrx_word' id='word_1_318' title='bbox 535 2636 575 2640; x_wconf 83' lang='lat'>—</span> <span class='ocrx_word' id='word_1_319' title='bbox 603 2617 615 2640; x_wconf 78' lang='lat'>3</span> <span class='ocrx_word' id='word_1_320' title='bbox 638 2617 751 2650; x_wconf 54' lang='lat' dir='ltr'>Manli.</span> <span class='ocrx_word' id='word_1_321' title='bbox 776 2629 809 2657; x_wconf 87' lang='lat' dir='ltr'>x,</span> <span class='ocrx_word' id='word_1_322' title='bbox 827 2617 880 2649; x_wconf 72' lang='lat'>28.</span> <span class='ocrx_word' id='word_1_323' title='bbox 907 2635 940 2641; x_wconf 87' lang='lat'>—·</span> <span class='ocrx_word' id='word_1_324' title='bbox 958 2616 1034 2649; x_wconf 63' lang='lat'>4111.</span> <span class='ocrx_word' id='word_1_325' title='bbox 1055 2629 1121 2658; x_wconf 77' lang='lat' dir='ltr'>xvi,</span> <span class='ocrx_word' id='word_1_326' title='bbox 1143 2618 1197 2649; x_wconf 75' lang='lat'>20.</span> 
     </span>
    </p>
   </div>
  </div>
 </body>
</html>
