1841 3223
9 147 15 293 ι

9 297 13 497 ἓ

7 499 13 636 3

6 637 12 852 3

481 200 721 234 ENARRATIO
754 208 799 234 IN
832 206 1034 235 PsALMUM
1067 211 1152 236 Liv.
1412 199 1494 238 525

45 284 48 286 ’
111 270 334 322 credentes
354 279 398 314 et
418 270 777 316 contradicentes.
808 292 827 314 «
858 274 1076 326 Quoniam
1105 274 1194 319 vidi
1220 273 1495 354 iniquitatem

113 358 134 381 »
168 351 212 385 et
232 340 649 386 contradictionem
640 357 684 386 m
705 342 943 386 civitate.»

166 425 289 466 XIII.
311 441 331 465 «
349 422 426 467 Die
446 438 495 467 ac
511 431 639 467 nocte
662 423 952 468 circumdabit
972 440 1066 469 eam
1083 441 1214 485 super
1234 442 1381 471 muros
1400 428 1493 487 ejus

111 510 133 534 »
166 492 371 553 iniquitas
394 502 439 538 et
466 492 631 538 labor¹.
665 496 804 554 Super
831 510 978 540 muros
1001 497 1118 555 ejus,
1148 514 1167 536 »
1194 513 1322 557 super
1350 498 1496 541 muni-

107 572 256 608 menta
283 564 373 624 ejus
393 598 404 619 ‚
439 572 592 608 tenens
622 564 745 624 quasi
772 565 913 624 capita
942 566 1056 625 ejus,
1089 565 1257 611 nobiles
1283 568 1388 626 ejus,
1416 567 1496 611 Ille

108 633 286 689 nobilis,
317 634 352 678 si
381 634 650 679 Christianus
682 643 816 690 esset,
849 650 979 680 nemo
1010 646 1249 681 remaneret
1283 652 1491 696 paganus.

100 702 372 764 'Plerumque
402 704 556 749 dicunt
580 705 779 749 homines
804 724 812 749 :
838 708 975 751 Nemo
1007 715 1248 750 remaneret
1275 722 1492 766 paganus,

107 774 142 817 si
162 772 236 819 ille
257 783 366 819 esset
392 775 678 821 Christianus.
715 775 979 836 Plerumque
1001 775 1155 821 dicunt
1178 777 1374 820 homines
1399 793 1407 817 :
1439 779 1497 820 Et

103 842 182 888 ille
205 844 239 889 si
263 845 386 890 fieret
407 845 678 890 Christianus
694 879 705 897 ‚
737 847 834 906 quis
857 856 1099 890 remaneret
1121 848 1346 905 paganus?
1364 847 1497 899 Quod

99 929 211 973 -ergo
239 914 438 959 nondum
460 916 575 960 fiunt
600 915 859 971 Christiani,
890 917 1012 977 quasi
1040 917 1154 960 muri
1179 926 1281 961 sunt
1313 916 1495 961 civitatis

106 984 221 1030 illius
242 1001 332 1031 non
353 985 567 1031 credentis
597 995 641 1030 et
669 986 1020 1032 contradicentis.
1053 987 1259 1041 Quandiu
1284 987 1353 1031 isti
1380 988 1493 1031 muri

107 1056 316 1100 stabunt?
341 1059 438 1102 Non
470 1072 638 1116 semper
669 1057 863 1102 stabunt.
898 1058 1064 1103 Circuit
1096 1074 1193 1102 arca
1215 1074 1361 1102 muros
1384 1059 1495 1102 Jeri—

108 1126 191 1170 cho
211 1127 379 1171 :veniet
397 1135 567 1187 tempus
589 1127 773 1187 septimo
791 1143 900 1172 arcae
917 1128 1102 1172 circuitu
1118 1164 1128 1183 ,
1147 1137 1197 1172 ut
1215 1143 1363 1172 omnes
1381 1129 1494 1171 muri

107 1196 291 1242 civitatis
313 1213 401 1242 non
423 1196 638 1242 credentis
670 1207 713 1242 et
744 1199 1078 1244 contradicentis
1113 1198 1310 1243 cadant2.
1348 1202 1494 1243 Donec

106 1268 206 1323 fiat,
231 1268 436 1313 turbatur
457 1269 536 1313 iste
556 1269 603 1313 in
625 1270 929 1314 exercitatione
950 1286 1051 1328 sua3
1079 1279 1121 1314 et
1142 1269 1363 1330 perferens
1391 1269 1493 1314 reli-

106 1338 230 1398 quias
265 1339 684 1395 contradicentium,
717 1349 839 1400 optat
866 1356 1030 1400 pennas
1060 1339 1335 1395 avolationis,
1373 1349 1494 1399 optat

106 1409 301 1469 requiem
325 1409 496 1453 deserti.
526 1413 619 1454 Imo
643 1410 772 1455 duret
792 1411 906 1455 inter
928 1410 1288 1466 contradicentes,
1304 1410 1494 1470 perferat

105 1480 245 1524 minas
264 1516 275 1535 ‚
303 1480 425 1525 bibat
451 1481 702 1541 opprobria,
734 1491 930 1541 expectet
958 1482 1035 1541 qui
1056 1497 1157 1525 eum
1179 1481 1345 1526 salvum
1363 1479 1493 1524 faciat

106 1568 128 1596 a
159 1551 515 1611 pusillanimitate
546 1561 589 1597 et
618 1561 872 1612 tempestate
899 1571 907 1596 :
943 1553 1164 1596 intueatur
1190 1561 1323 1611 caput
1353 1566 1493 1595 exem-

104 1622 230 1681 plum
249 1623 350 1668 vitae
367 1639 456 1667 suae
472 1658 483 1679 ‚
507 1622 813 1683 tranquilletur
833 1623 877 1666 in
907 1637 981 1682 spe
996 1657 1007 1677 ,
1033 1623 1112 1666 etsi
1134 1622 1337 1666 turbatur
1360 1621 1404 1665 in
1427 1637 1487 1665 re.

109 1711 131 1735 «
164 1693 237 1736 Die
258 1709 307 1737 ac
329 1702 457 1738 nocte
479 1691 768 1737 circumdabit
790 1707 884 1736 eam
901 1707 1030 1751 super
1052 1707 1197 1736 muros
1220 1693 1311 1751 ejus
1332 1690 1491 1750 iniqui-

108 1780 128 1804 »
164 1771 244 1819 tas,
263 1772 306 1808 et
322 1763 448 1808 labor
464 1763 509 1807 in
532 1762 677 1807 medio
699 1764 790 1823 ejus
808 1772 851 1806 et
866 1763 1118 1822 injustitiass.
1139 1780 1159 1802 »
1178 1760 1344 1805 Etideo
1366 1759 1491 1804 labor

105 1833 192 1888 ibi,
229 1834 331 1892 quia
355 1834 560 1893 iniquitas
581 1834 643 1878 ibi
668 1853 676 1878 :
708 1834 810 1894 quia
839 1833 1048 1893 injustitia
1070 1832 1131 1876 ibi
1147 1867 1157 1886 ‚
1183 1831 1281 1876 ideo
1303 1840 1346 1874 et
1367 1829 1491 1874 labor

105 1904 182 1948 ibi.
200 1903 284 1949 Sed
296 1903 476 1947 audiant
491 1904 796 1946 extendentem
811 1919 963 1947 manus
978 1919 986 1944 z
999 1903 1178 1947 «Venite
1194 1901 1249 1946 ad
1259 1917 1328 1945 me
1341 1916 1490 1946 omnes

109 1993 130 2017 ))
165 1975 242 2035 qui
267 1973 515 2019 laboratis⁴.
545 1991 564 2015 »
601 1975 688 2018 Vos
716 1973 930 2026 clamatis,
961 1987 1037 2017 vos
1065 1972 1384 2027 contradicitis,
1415 1987 1490 2016 vos

105 2045 409 2096 conviciamini
434 2061 443 2087 ε
478 2043 551 2089 ille
581 2060 604 2088 e
633 2052 812 2089 contra:
842 2062 862 2085 «
888 2043 1042 2087 Venite
1065 2041 1119 2086 ad
1147 2057 1215 2085 me
1244 2056 1392 2085 omnes
1415 2042 1491 2100 qui

109 2135 130 2159 1)
164 2116 368 2162 laboratis
386 2135 406 2158 »
423 2116 470 2160 in
490 2114 693 2175 superbia
710 2123 867 2169 vestra,
886 2122 929 2157 et
948 2112 1223 2173 requiescetis
1247 2112 1293 2155 in
1310 2110 1490 2155 humili—

106 2196 196 2232 tate
212 2203 322 2232 mea.
343 2187 533 2232 «Discite
550 2204 574 2231 a
594 2201 679 2241 me,
702 2186 866 2246 inquit,
894 2185 995 2245 quia
1013 2185 1126 2228 mitis
1144 2199 1239 2228 sum
1254 2192 1297 2227 et
1315 2183 1490 2227 humilis

109 2276 131 2300 n
165 2259 318 2314 corde,
343 2268 387 2304 et
405 2258 632 2303 invenietis
654 2257 845 2318 requiem
870 2256 1096 2301 animabus
1116 2255 1308 2300 vestrisf’.
1327 2253 1491 2298 »Unde

98 2329 224 2374 *renim
247 2329 310 2374 illi
335 2329 558 2384 laborant,
582 2328 661 2372 nisi
695 2328 798 2389 quia
828 2342 919 2371 non
947 2335 1048 2370 sunt
1081 2325 1206 2370 mites
1234 2333 1276 2369 et
1304 2324 1490 2368 humiles

156 2444 165 2461 ¹
186 2438 266 2471 Psal.
285 2449 348 2480 mv,
376 2450 426 2471 11.
448 2454 490 2460 —
510 2444 522 2460 ²
540 2437 635 2469 Josnc²
654 2447 696 2477 vi,
719 2436 750 2469 5.
773 2453 813 2458 —
834 2433 847 2458 3
866 2434 945 2467 psal.
971 2445 1044 2476 mv,
1068 2444 1117 2466 12.
1140 2450 1182 2456 —
1201 2431 1217 2463 4
1235 2432 1350 2466 Matth.
1370 2443 1413 2473 in,
1436 2431 1488 2464 28.

110 2510 152 2517 -
176 2493 288 2528 ⁵1bid.
309 2503 364 2538 29.
