1841 3223
386 173 466 212 174
810 186 844 211 s.
881 183 1113 211 AL'GbszrlNl
1147 185 1328 212 El‘lSCOPI

380 250 497 304 Quid
523 249 708 294 tabidius
732 250 913 292 aranea?
942 248 1112 293 Animal
1137 250 1276 309 ipsum
1305 248 1419 294 dico.
1446 254 1704 311 Quanquam
1727 260 1770 296 et

380 320 480 379 ipsis
505 319 596 364 telis
616 334 871 364 aranearum
887 318 995 379 quid
1014 320 1200 364 tabidius
1215 322 1232 364 ἶ)
1245 321 1434 364 Attende
1451 330 1494 365 et
1515 321 1657 381 ipsum
1675 321 1770 365 ani-

379 390 466 434 mal
484 405 612 450 quam
638 388 834 434 tabidum
858 399 936 434 est.
959 393 1076 434 Pone
1099 407 1225 450 supra
1251 390 1621 451 leviterdigitum,
1643 393 1769 436 ruina

379 470 442 505 est
468 480 475 505 z
502 459 806 505 nihilomnino
829 459 1031 505 tabidius.
1061 461 1206 505 Talem
1231 461 1370 507 fecisti
1393 463 1585 506 animam
1608 478 1765 518 meam,

378 531 521 590 inquit
536 566 546 585 ,
586 531 827 576 erudiendo
861 547 929 575 me
962 547 1041 591 pro
1073 532 1320 592 iniquitate.
1360 531 1545 585 Quando
1581 533 1770 578 eruditio

377 601 601 646 infirmum
632 602 733 646 fecit
753 639 763 657 ,
799 601 1002 663 quaedam
1039 601 1250 646 fortitudo
1285 611 1378 646 erat
1414 603 1585 647 vitium.
1633 602 1770 648 Video

377 673 590 735 quosdam
622 673 900 735 prmvolasse,
937 683 979 718 et
1009 673 1299 730 intellexisse3
1330 673 1406 718 sed
1436 690 1459 718 a
1488 674 1770 734 celerioribus

378 762 467 791 non
494 755 597 790 sunt
629 744 854 790 deserendi
887 744 1115 799 tardiores,
1141 754 1191 789 ut
1213 745 1375 805 pariter
1406 746 1521 790 viam
1560 746 1770 791 sermonis
1832 800 1836 814 1

377 828 571 877 carpant.
606 820 698 861 Hoc
727 817 837 872 dixi,
873 817 957 860 hoc
990 814 1221 875 intelligite
1250 835 1258 861 :
1289 816 1331 861 Si
1355 816 1541 861 eruditio
1567 817 1673 877 justi
1693 816 1772 861 Dei

376 888 488 932 hane
512 889 807 932 infirmitatem
843 886 946 931 fecit
964 921 974 941 ,
1011 885 1221 931 i'ortitudo
1257 887 1461 947 quaedam
1483 896 1575 931 erat
1594 887 1765 932 vitium.

376 959 653 1003 Fortitudine
670 957 859 1019 quadam
883 956 1105 1017 displicuit
1126 958 1280 1011 homo,
1305 967 1356 1001 ut
1377 958 1623 1002 erudiretur
1644 958 1771 1001 infir-

375 1029 526 1073 mitate
548 1049 557 1074 ε
595 1030 696 1090 quia
718 1029 921 1089 superbia
944 1028 1133 1089 quadam
1167 1028 1417 1088 displicuit,
1451 1038 1501 1073 ut
1524 1029 1771 1073 erudiretur

375 1099 637 1144 humilitate.
665 1103 815 1144 Fortes
838 1116 882 1143 se
904 1115 995 1144 esse
1012 1099 1168 1144 dicunt
1189 1115 1338 1144 omnes
1362 1100 1553 1160 superbi.
1575 1099 1680 1145 Ideo
1701 1100 1770 1145 vi-

376 1181 531 1216 cerunt
554 1170 682 1216 multi
703 1171 758 1216 ab
776 1171 954 1215 Oriente
973 1180 1015 1215 et
1037 1170 1091 1214 ab
1115 1169 1355 1215 Occidente
1372 1172 1610 1226 venientes,
1631 1180 1681 1216 ut
1702 1187 1771 1216 re-

376 1243 589 1288 cumbant
612 1258 711 1287 cum
742 1242 962 1287 Abraham
982 1251 1025 1286 et
1049 1245 1167 1286 Isaac
1191 1251 1235 1286 et
1257 1242 1393 1286 Jacob
1416 1243 1461 1286 in
1484 1257 1618 1301 regno
1635 1242 1772 1288 coelo-

376 1329 502 1358 rum:
538 1330 673 1374 quare
695 1314 926 1358 vicerunt?
958 1313 1063 1366 Quia
1097 1311 1230 1357 sortes
1264 1329 1353 1357 esse
1375 1312 1628 1358 noluerunt.
1656 1312 1771 1367 Quid

374 1395 438 1429 cst
457 1421 467 1440 ,
492 1385 626 1430 fortes
649 1401 738 1430 esse
756 1383 1024 1429 noluerunt?
1047 1387 1108 1429 De
1132 1400 1175 1428 se
1199 1400 1463 1444 praesumere
1494 1385 1737 1429 timuerunt
1758 1404 1767 1430 :

367 1456 583 1516 justitiam
605 1472 727 1501 suam
750 1472 840 1500 non
860 1456 1200 1507 constituerunt,
1222 1455 1462 1516 utjustitiae
1480 1456 1558 1500 Dei
1579 1456 1770 1516 subjice-

373 1537 525 1572 rentur
540 1530 571 1572 1.
598 1528 796 1588 Denique
818 1526 995 1588 quando
1017 1525 1126 1570 dixit
1148 1526 1356 1571 Dominus
1374 1527 1484 1571 hoc:
1515 1546 1534 1569 «
1558 1526 1690 1571 Multi
1713 1527 1769 1571 ab

376 1616 396 1640 >›
431 1599 609 1643 Oriente
631 1608 673 1643 et
688 1598 927 1643 Occidente
950 1597 1142 1652 venient,
1160 1606 1202 1641 et
1220 1597 1477 1642 recumbent
1499 1613 1602 1642 cum
1623 1598 1767 1642 Abra-

375 1687 396 1711 »
431 1671 533 1714 ham
563 1680 607 1714 et
641 1674 759 1715 Isaac
782 1679 825 1714 et
847 1670 984 1714 Jacob
1008 1669 1051 1712 in
1088 1684 1224 1728 regno
1262 1668 1499 1725 coelorum,
1524 1669 1603 1713 filii
1624 1678 1770 1714 autem

375 1758 395 1782 »
431 1741 608 1800 regni2,
637 1758 657 1781 »
684 1739 730 1783 id
757 1749 844 1794 est,
879 1739 1044 1791 Judaei,
1071 1740 1321 1796 ignorantes
1343 1741 1558 1798 justitiam
1590 1740 1690 1795 Dei,
1727 1749 1770 1784 et

373 1827 495 1856 suam
518 1810 712 1856 volentes
736 1818 946 1863 statuere,
977 1828 997 1849 «
1020 1808 1157 1852 Ibunt
1178 1808 1223 1851 in
1246 1810 1447 1854 tenebras
1469 1810 1699 1854 exteriores
1722 1828 1765 1856 2»

373 1882 664 1928 recordamini
681 1881 813 1925 fidem
831 1879 951 1924 illam
966 1879 1243 1924 Centurionis
1257 1880 1387 1924 unius
1405 1896 1456 1924 ex
1477 1881 1643 1941 populo
1662 1896 1770 1940 gen-

372 1953 483 1998 tium
501 1989 512 2009 ‚
538 1954 597 1997 ita
620 1952 666 1996 in
697 1967 741 1996 se
764 1950 948 2004 infirmi,
981 1949 1039 1993 ita
1063 1965 1152 1994 non
1175 1948 1299 1994 fortis
1329 1960 1379 1994 ut
1401 1951 1564 1995 diceret
1588 1971 1596 1996 ε
1627 1971 1647 1993 «
1670 1954 1769 1997 Non

375 2041 396 2065 >›
433 2039 529 2068 sum
551 2022 710 2081 dignus
724 2030 774 2065 ut
795 2020 876 2065 sub
892 2029 1056 2064 tectum
1075 2035 1222 2063 meum
1242 2020 1389 2065 intres.
1405 2024 1536 2066 »Non
1558 2030 1650 2065 erat
1671 2021 1768 2081 dig-

373 2111 482 2150 nus,
519 2094 594 2154 qui
624 2093 845 2139 Christum
879 2090 1010 2135 domo
1040 2091 1275 2150 reciperet,
1301 2101 1346 2136 et
1379 2093 1470 2153 jam
1491 2091 1622 2138 corde
1645 2107 1767 2137 rece-

374 2175 510 2226 perat.
524 2164 700 2209 Etenim
722 2163 924 2222 magister
945 2160 1017 2204 ille
1039 2161 1311 2218 humilitatis,
1326 2161 1460 2207 Filius
1477 2163 1662 2208 hominis
1674 2164 1767 2224 jam

373 2239 598 2282 invenerat
630 2237 675 2281 in
703 2237 793 2296 ejus
825 2243 1002 2295 pectore
1023 2233 1099 2277 ubi
1135 2243 1268 2293 caput
1289 2233 1564 2279 reclinaretss.
1591 2235 1660 2279 Ad
1683 2235 1766 2279 hoc

373 2309 556 2354 verbum
578 2305 858 2353 Centurionis
882 2304 1090 2349 Dominus
1113 2304 1368 2364 respiciens,
1395 2304 1449 2349 ad
1471 2315 1699 2365 sequentes
1721 2320 1765 2350 se

374 2379 481 2424 dixit
503 2400 511 2425 ε
542 2399 562 2422 «
588 2383 728 2424 Amen
750 2377 850 2422 dico
872 2376 1019 2431 vobiS,
1045 2376 1090 2419 in
1113 2375 1236 2420 nullo
1263 2376 1410 2421 inveni
1436 2386 1602 2422 tantam
1632 2376 1765 2421 sidem

377 2468 398 2493 η
434 2450 480 2494 in
504 2449 678 2494 Israel&
710 2469 727 2491 »
754 2451 884 2493 Hunc
912 2447 1136 2491 infirmum
1167 2446 1356 2503 invenit,
1392 2447 1604 2492 Isra‘e'litas
1630 2445 1763 2492 fortes

422 2542 431 2560 ¹
452 2538 542 2569 Rom.
562 2546 595 2578 x,
619 2534 649 2568 3.
668 2548 711 2558 ——-
724 2540 736 2558 ²
755 2532 872 2567 Mauh.
888 2543 956 2576 vui,
969 2532 1057 2566 8-12.
1074 2549 1116 2557 —
1135 2530 1148 2556 3
1164 2533 1242 2565 Luc.
1259 2543 1306 2575 xx,
1327 2532 1380 2566 58.
1397 2549 1439 2557 —
1453 2531 1469 2563 6
1487 2532 1600 2566 Matth.
1617 2542 1688 2572 vm,
1705 2543 1756 2566 ιο.
