1841 3223
411 231 652 260 ENARRATIO
684 233 729 259 IN
762 229 966 259 PSALMUM
998 232 1141 259 XXXIX.
1378 222 1461 260 205

80 295 202 341 Tales
221 296 292 341 hic
315 312 441 341 voces
464 306 591 350 sunt,
617 295 842 341 audiamus
863 313 932 341 eas
953 295 1022 356 pie
1039 331 1049 351 ,
1074 305 1117 340 et
1140 311 1333 340 amemus
1356 297 1424 356 pie
1450 316 1460 341 :
1481 355 1483 358 ι

75 367 230 424 corde⁷
272 367 421 427 lingua
438 403 448 422 ,
482 367 684 412 omnibus
712 367 927 412 medullis·
950 367 1106 412 nostris
1132 367 1226 410 haec
1248 366 1459 412 dicamus.

75 441 212 484 Nemo
233 439 449 498 sejustum
470 446 611 497 putet,
633 438 740 482 vivit
762 438 839 497 qui
858 437 1069 498 loquitur,
1089 437 1211 492 vivit,
1236 447 1279 482 et
1295 437 1466 482 utinam

74 509 205 553 vivat.
223 507 459 553 Adhuchic
472 507 599 563 vivit,
621 507 765 552 adhuc
787 523 886 552 cum
911 519 1049 552 morte
1071 508 1176 553 vivit
1197 528 1206 553 :
1228 517 1271 553 ct
1290 509 1324 553 si
1344 509 1466 569 spiri-

74 588 142 624 tus
163 578 251 624 vita
273 587 336 622 est
357 587 532 638 propter
545 578 758 639 justitiam
775 612 786 633 ‚
812 592 966 637 corpus
986 587 1132 622 tamen
1154 588 1376 623 mortuum
1400 589 1464 624 est

72 659 250 711 propter
264 659 493 711 peccatum
505 652 534 694 1.
567 669 588 692 ι(
600 652 660 705 Et
676 665 833 710 corpus
856 648 977 710 quod
998 650 1293 709 corrumpitur
1310 667 1464 710 aggra-

77 741 95 763 »
129 730 203 767 vat
236 721 448 776 animam,
486 730 529 764 et
559 719 762 780 deprimit
796 729 966 764 terrena
999 719 1259 764 inhabitatio
1287 736 1462 767 sonsum

75 810 95 834 »
130 791 268 837 multa
285 792 550 851 cogitantem
563 795 596 835 ².
620 811 641 832 η
669 794 861 836 Pertinet
883 805 983 848 ergo
1006 791 1059 834 ad
1080 799 1120 835 te
1134 790 1319 835 clamare
1335 827 1346 846 ,
1367 807 1464 852 per-

71 862 182 907 tinet
203 877 373 922 gemerc
388 898 399 918 ‚
423 861 612 922 pertinet
633 862 851 916 confiteri,
881 877 971 906 non
994 871 1036 906 te
1064 860 1275 917 exaltare,
1307 877 1397 906 non
1419 872 1462 907 te

64 935 252 994 jactare,
273 949 363 977 non
385 942 427 976 tc
450 933 535 977 tuis
565 933 726 977 meritis
752 933 924 992 gloriari
956 953 964 977 :
988 933 1088 993 quia
1117 933 1194 977 etsi
1221 933 1355 978 habes
1384 933 1463 979 ali-

69 1003 178 1065 quid
190 1002 485 1062 gaudendum,
503 1002 610 1064 quid
624 1012 687 1047 est
701 1002 821 1064 quod
838 1020 927 1048 non
944 1004 1185 1064 accepisti3?
1204 1023 1223 1045 «
1242 1005 1460 1058 Quoniam

73 1092 93 1116 »
129 1072 510 1118 circumdederunt
530 1089 598 1118 mc
616 1073 752 1129 mala,
778 1090 965 1135 quorum
990 1090 1078 1119 non
1101 1084 1165 1119 est
1187 1091 1410 1120 numerus.
1434 1095 1454 1118 n

126 1147 249 1189 XXI.
271 1145 735 1205 «Comprehenderunt
745 1145 1071 1205 meiniquitates
1087 1161 1208 1201 meze,
1226 1155 1268 1190 et
1280 1162 1369 1191 non
1382 1162 1456 1206 po·

73 1235 91 1257 >›
108 1215 230 1260 tuiut
245 1215 440 1260 viderem
452 1216 512 1259 4.»
534 1218 611 1259 Est
628 1215 793 1276 aliquid
802 1215 923 1276 quod
939 1215 1161 1260 videamus
1179 1236 1188 1261 :
1210 1217 1285 1277 qui
1302 1217 1459 1276 premit

67 1295 119 1331 ut
140 1302 230 1331 non
250 1286 505 1331 videamus?
526 1289 680 1331 Nonne
703 1286 936 1347 iniquitas?
958 1287 1146 1331 Oculum
1170 1296 1295 1331 tuum
1322 1303 1376 1331 ne
1399 1288 1457 1332 is-

68 1365 156 1401 tam
168 1356 311 1401 lucem
321 1355 467 1400 videre
477 1372 638 1416 posses,
657 1357 884 1417 premebat
898 1356 1088 1401 fortassis
1104 1358 1262 1402 humor
1272 1358 1453 1414 irruens,

67 1427 291 1487 premebat
307 1427 489 1472 fortasse
511 1426 658 1471 fumus
672 1463 683 1483 ,
700 1426 863 1487 pulvis,
888 1427 1053 1488 aliquid
1071 1428 1303 1488 injectum3
1329 1438 1371 1472 ct
1392 1428 1457 1473 le-

66 1513 166 1542 vare
183 1497 359 1542 oculum
379 1497 575 1549 saucium
597 1507 880 1557 nonrpoteras
904 1497 958 1541 ad
987 1498 1111 1541 istam
1134 1497 1274 1542 lucem
1311 1519 1320 1543 :
1347 1499 1456 1560 quid

65 1584 184 1628 ergo,
201 1584 275 1613 cor
286 1568 479 1613 saucium
496 1567 657 1613 levabis
673 1568 728 1612 ad
738 1571 1066 1613 Det1n19Nonne
1078 1569 1196 1629 prius
1211 1570 1455 1615 sanandum

64 1648 128 1683 cst
155 1648 206 1682 ut
239 1637 415 1683 videas?
451 1641 606 1683 Nonne
636 1638 849 1697 superbus
881 1638 1112 1694 inveniris,
1155 1656 1255 1685 cum
1300 1641 1405 1686 dicis
1442 1661 1450 1686 ε

66 1709 210 1753 Primo
231 1708 401 1753 videam
417 1743 429 1762 ‚
456 1717 498 1752 et
525 1709 584 1753 sic
606 1708 804 1752 credam?
827 1709 933 1762 Quis
960 1709 1095 1754 dicit?
1115 1712 1220 1764 Quis
1243 1713 1357 1756 enim
1386 1713 1453 1757 vi-

64 1795 187 1825 surus
208 1778 314 1824 dicit
348 1799 356 1824 :
384 1778 565 1823 Videam
582 1814 592 1834 ‚
628 1788 671 1823 et
702 1779 760 1824 sic
788 1779 988 1825 credam?
1022 1784 1181 1825 Lucem
1205 1792 1455 1828 ostensurus

63 1866 158 1895 sum
175 1886 186 1906 ‚
205 1851 398 1895 imovero
420 1850 511 1909 ipsa
535 1865 579 1893 se
604 1849 678 1893 lux
701 1849 928 1894 ostendere
949 1851 1068 1895 vult(
1086 1853 1199 1897 Cui?
1217 1854 1344 1897 Caeco
1363 1869 1453 1898 nou

63 1930 207 1981 potest
222 1957 233 1976 ‚
258 1937 347 1965 non
364 1920 496 1965 videt.
524 1919 649 1964 Unde
673 1936 763 1965 non
784 1921 929 1965 videt?
951 1923 1138 1967 Gravato
1155 1922 1282 1967 oculo
1306 1923 1455 1969 multis

63 1991 266 2051 peccatis.
289 1991 406 2045 Quid
420 1990 537 2035 enim
555 1991 639 2034 ait?
664 2009 681 2031 «
700 1992 1140 2057 Comprehendcrunt
1161 2010 1230 2037 me
1251 1994 1455 2055 iniquita-

69 2082 88 2105 ›>
123 2072 186 2107 tes
207 2077 338 2117 meae,
364 2071 407 2106 et
428 2077 518 2106 non
534 2062 660 2121 potui
678 2071 726 2106 ut
738 2062 946 2108 viderem.
972 2085 987 2106 »
1008 2068 1332 2110 Removcantur
1351 2082 1452 2125 ergo

63 2133 331 2194 iniquitates,
356 2132 632 2177 dimittantur
649 2143 841 2193 peccata,
866 2133 1035 2179 levetur
1051 2137 1223 2196 pondus
1238 2138 1292 2181 ab
1307 2137 1449 2193 oculo,

32 2214 34 2217 ’
63 2213 239 2248 sanetur
255 2202 376 2265 quod
397 2202 593 2247 saucium
606 2212 691 2256 est,
713 2204 972 2249 adhibeatur
986 2206 1165 2252 mordax
1183 2217 1453 2268 praeceptum

64 2274 188 2335 quasi
207 2273 455 2332 collyrium.
492 2273 614 2318 Prius
642 2274 765 2319 effice
795 2275 916 2334 quod
938 2276 1017 2319 tibi
1039 2277 1290 2337 praecipitur
1317 2298 1326 2323 ε
1352 2294 1454 2324 sana

64 2361 154 2401 cor,
184 2345 351 2389 munda
388 2360 478 2400 cor,
505 2343 638 2404 dilige
658 2344 886 2390 inimicum
919 2350 1089 2391 tuum⁵.
1122 2351 1178 2392 Et
1197 2349 1293 2409 quis
1311 2349 1453 2409 diligit

63 2416 291 2461 inimicum
320 2418 477 2460 suum?
510 2419 603 2461 Hoc
625 2416 751 2477 jubet
785 2417 1000 2473 medicus,
1027 2433 1223 2463 amarum
1252 2430 1339 2476 cst,
1377 2420 1454 2466 sed

113 2519 122 2535 ¹
142 2515 233 2544 Rom.
253 2524 322 2553 vni,
354 2524 404 2546 πο.
425 2530 467 2535 -—
487 2520 499 2535 ²
518 2515 591 2555 Sap.
613 2524 657 2553 ix,
680 2513 731 2545 15.
751 2531 793 2536 -
816 2512 829 2536 3
854 2524 865 2545 1
889 2515 959 2546 Cor.
982 2526 1028 2554 iv,
1047 2526 1062 2557 Ἰ·
1089 2514 1157 2547 -4
1173 2517 1253 2549 Psal.
1274 2529 1382 2560 xxxix,
1399 2519 1450 2551 13.

73 2584 114 2590 -
139 2566 153 2590 5
174 2568 286 2600 Multis.
309 2579 340 2609 v,
356 2566 410 2610 44',
427 2572 459 2600 ct
477 2570 550 2600 Luc.
574 2579 615 2610 vr,
637 2577 676 2610 Ἐς
701 2568 798 2601 (2135.
