1841 3223
389 215 445 256 74
825 223 860 252 s.
896 222 1128 251 Auen-snm
1160 222 1341 249 Emscom

385 305 647 358 voluerunt,
679 303 725 347 in
753 302 897 346 anima
919 300 1176 344 moriantur.
1198 297 1303 343 lllos
1321 298 1437 342 enim
1459 313 1650 359 quorum
1677 314 1775 344 cor-

385 391 491 436 pora
528 375 770 419 interficere
802 371 1059 427 voluerunt,
1093 386 1264 416 securos
1297 370 1508 415 Dominus
1539 368 1664 425 fecit,
1706 370 1776 415 di-

386 462 486 491 cens
521 446 580 489 cis
606 465 614 489 ;
644 464 664 486 «
695 442 838 489 Nolite
864 443 1017 487 timere
1045 458 1116 487 eos
1145 442 1220 502 qui
1253 457 1410 501 corpus
1436 440 1659 498 occidunt,
1681 442 1777 486 ani-

384 533 499 562 mam
524 525 671 560 autem
703 531 792 560 non
824 524 1003 576 possunt
1038 513 1270 559 occidere1.
1306 532 1326 554 n
1363 512 1503 566 Quale
1533 521 1597 557 est
1631 522 1778 558 autem

384 588 534 634 saevire
557 585 731 646 gladio,
755 602 835 630 nec
865 601 989 646 posse
1030 585 1227 630 occidere
1247 585 1324 628 nisi
1346 599 1503 644 corpus
1524 584 1702 639 inimici,
1735 593 1778 628 et

383 675 508 720 posse
537 658 734 703 occidere
758 658 947 702 animam
976 659 1125 702 suam?
1157 656 1408 715 Desipiunt,
1441 665 1591 700 contra
1627 670 1671 699 se
1699 671 1780 700 sae-

381 731 509 774 viunt
525 765 536 781 ,
563 730 812 783 insaniunt,
846 743 934 773 non
957 743 1001 772 se
1021 727 1174 771 vident
1195 746 1204 771 ;
1245 735 1454 786 tanquam
1487 725 1520 770 si
1543 725 1675 771 vellet
1697 725 1779 770 ali-

382 802 481 863 quis
503 817 580 862 per
611 817 768 860 corpus
791 815 917 845 suum
952 798 1114 843 ferrum
1144 798 1339 858 trajicere
1356 833 1368 853 ,
1399 806 1450 842 ut
1476 796 1781 846 conscinderet

383 867 578 918 tunicam
618 871 811 918 alterius.
851 870 1052 916 Attendis
1093 886 1182 931 quo
1212 869 1468 930 pervenisti,
1502 878 1545 913 et
1578 884 1668 914 non
1711 879 1780 914 at-

382 944 524 989 tendis
569 961 655 1005 qua
700 942 900 1003 trajecisti
923 963 934 999 3
974 940 1089 985 illius
1132 939 1380 986 conscidisti
1415 949 1579 984 vestem
1602 975 1614 995 ,
1659 944 1780 984 tu'am

382 1031 573 1059 carnem.
600 1017 781 1060 Constat
803 1028 905 1072 ergo
932 1012 1030 1073 plus
1057 1027 1147 1056 esse
1177 1011 1299 1072 quod
1333 1027 1377 1056 se
1404 1011 1575 1055 laedunt
1610 1011 1776 1071 iniqui,

382 1094 426 1130 et
460 1084 580 1146 quod
618 1084 699 1128 sibi
722 1093 911 1138 nocent,
954 1098 1086 1143 quam
1113 1082 1233 1143 quod
1266 1082 1347 1127 sibi
1380 1080 1585 1126 videntur
1622 1096 1780 1126 nocere

384 1155 467 1201 illis
496 1171 607 1216 quos
634 1155 837 1200 oderunt.
865 1174 885 1197 «
919 1157 1100 1198 Framea
1140 1170 1292 1199 eorum
1326 1153 1459 1197 intret
1499 1153 1546 1196 in
1573 1153 1780 1212 coripso-

385 1245 407 1269 »
443 1242 558 1271 rum.
583 1245 604 1268 n
635 1226 858 1272 Sententia
900 1225 1075 1270 Domini
1098 1234 1184 1279 est,
1228 1223 1352 1268 aliter
1380 1223 1471 1267 fieri
1501 1239 1591 1268 non
1619 1232 1775 1284 potest.

386 1317 407 1341 «
431 1301 489 1343 Et
510 1313 633 1342 arcus
657 1313 807 1342 eorum
830 1306 1096 1342 conteratur.
1123 1314 1142 1336 n
1164 1295 1281 1349 Quid
1308 1305 1392 1350 cst,
1423 1314 1443 1337 «
1466 1298 1604 1339 Arcus
1628 1309 1779 1339 eorum

385 1388 405 1411 »
432 1371 712 1415 conteratur?
730 1367 904 1413 Insidiae
922 1368 1116 1428 ipsorum
1131 1365 1408 1411 frustrentur.
1435 1366 1639 1425 Superius
1661 1365 1779 1409 enim

381 1439 575 1486 dixerat:
604 1440 843 1486 »Gladium
867 1440 1113 1484 eduxerunt
1126 1448 1389 1499 peccatores,
1406 1437 1692 1482 intenderunt
1709 1452 1779 1480 ar-

382 1528 522 1557 »cum
545 1528 687 1557 suum.
717 1531 737 1553 »
764 1511 907 1556 Gladii
936 1510 1238 1566 eductionem,
1269 1508 1455 1569 intelligi
1486 1508 1630 1554 voluit
1652 1524 1781 1568 aper-

381 1592 469 1628 tam
493 1583 882 1644 oppugnationem.
908 1586 1045 1627 Arcus
1067 1590 1213 1625 autem
1240 1581 1529 1625 intentionem
1546 1615 1557 1635 ,
1588 1578 1780 1624 occultas

379 1653 555 1698 insidias
574 1653 759 1711 intelligi
782 1652 936 1697 voluit.
959 1656 1073 1697 Ecce
1092 1652 1259 1711 gladius
1284 1654 1375 1713 ejus
1396 1652 1570 1712 perimit
1591 1666 1691 1695 eum
1705 1686 1716 1706 ,
1737 1660 1780 1695 et

379 1722 603 1783 dispositio
620 1723 874 1767 insidiarum
892 1724 982 1783 ejus
1005 1722 1251 1767 frustratur.
1270 1723 1389 1775 Quid
1405 1732 1492 1777 est,
1516 1722 1781 1767 frustratur?

379 1794 498 1840 Nihil
519 1805 649 1839 nocet
674 1796 809 1855 justo.
836 1794 1071 1848 Quomodo
1104 1809 1206 1851 ergo
1245 1793 1355 1837 nihil
1387 1793 1425 1837 ei
1449 1793 1624 1848 nocuit,
1655 1793 1780 1837 verbi

377 1866 512 1924 gratia
531 1901 541 1921 ,
567 1881 699 1927 quem
721 1866 779 1910 sic
797 1865 1029 1925 expoliavit
1043 1900 1053 1920 ,
1075 1865 1146 1909 cui
1169 1863 1366 1909 tollendo
1393 1880 1458 1908 res
1492 1879 1589 1908 suas
1611 1864 1667 1908 ad
1698 1880 1780 1908 an-

379 1937 546 1997 gustias·
564 1936 796 1996 perduxit?
815 1936 957 1980 Habet
974 1934 1096 1996 quod
1116 1944 1284 1990 cantet,
1314 1954 1335 1976 «
1360 1934 1514 1979 Melius
1544 1943 1608 1979 est
1635 1933 1780 1979 modi-

380 2025 401 2050 »
427 2023 525 2052 cum
542 2008 659 2069 justo
673 2023 804 2067 super
821 2006 992 2051 divitias
1022 2015 1305 2066 peccatorum
1322 2004 1524 2050 multas2.
1548 2024 1568 2047 »

438 2081 514 2123 IV.
552 2078 636 2124 Sed
660 2087 859 2138 potentes
877 2086 980 2122 sunt
1000 2077 1159 2137 iniqui,
1180 2085 1224 2120 et
1245 2076 1385 2119 multa
1407 2075 1591 2131 faciunt,
1613 2085 1656 2120 et
1672 2091 1781 2136 sup-

377 2151 489 2210 petit
511 2150 570 2193 eis
590 2165 734 2194 rerum
760 2148 970 2205 effectus,
997 2148 1153 2205 agendi
1176 2146 1370 2191 celeritas
1387 2183 1397 2202 ‚
1415 2147 1655 2206 jussionem
1672 2148 1780 2192 obe-

378 2221 541 2265 dientia
555 2220 779 2281 sequitur?
793 2218 1017 2280 Numquid
1032 2233 1202 2278 semper
1220 2219 1291 2262 sic.
1334 2238 1353 2260 «
1370 2218 1587 2272 Quoniam
1603 2218 1779 2263 brachia

379 2309 400 2332 »
436 2300 716 2351 peccatorum
750 2290 1077 2335 conterentur3.
1109 2307 1128 2329 »
1158 2289 1338 2333 Brachia
1361 2304 1464 2348 ergo
1487 2303 1662 2344 eorum,
1699 2304 1780 2349 po-

376 2362 511 2407 tentia
542 2378 708 2406 eorum.
741 2361 859 2416 Quid
892 2361 1088 2406 facturus
1116 2369 1180 2404 est
1212 2360 1258 2404 in
1291 2361 1522 2420 gehenna?
1550 2363 1621 2405 An
1657 2360 1779 2421 quod

377 2433 481 2479 facit
511 2433 586 2478 ille
607 2433 754 2490 dives,
794 2434 870 2495 qui
893 2433 1013 2494 apud
1055 2448 1232 2492 superos
1256 2432 1536 2492 epulabatur,
1563 2433 1680 2493 apud
1709 2433 1778 2478 in-

376 2506 491 2550 feros
525 2505 874 2566 torquebatur⁴i³
913 2525 933 2547 «
959 2504 1141 2549 Brachia
1166 2520 1267 2562 ergo
1299 2519 1450 2549 eorum
1472 2513 1774 2548 conterentur.

425 2591 566 2625 ¹Ma1tl1.
583 2603 615 2633 x,
635 2591 766 2625 28.—²
782 2591 860 2624 Psal.
880 2602 989 2633 xxxvi,
1013 2590 1063 2624 16.
1078 2607 1120 2613 —
1137 2587 1249 2624 31bid.
1276 2601 1325 2632 17.
1348 2589 1417 2619 -4
1436 2592 1515 2625 Luc.
1533 2601 1596 2630 xvi,
1622 2594 1701 2633 19ct
1716 2589 1770 2632 24.
