1841 3223
389 203 472 241 328
821 212 855 241 3.
891 212 1122 244 AUGUSTINI
1154 217 1337 245 EPISCOPI

385 279 595 340 qufelibet
613 313 623 333 ,
657 294 747 323 non
774 278 964 340 denique
993 281 1209 341 Angelus,
1241 299 1331 328 non
1365 283 1510 345 aliqua
1543 294 1737 331 creatura
1759 321 1770 342 ‚

387 352 475 395 sive
507 359 700 405 terrena,
729 349 816 394 sive
838 350 1048 407 coelestis,
1074 352 1148 396 sed
1178 372 1197 395 «
1224 355 1435 398 Dominus
1457 355 1670 400 virtutum
1692 373 1775 401 no-

389 439 410 461 »
446 420 614 463 hiscum
631 455 640 473 ‚
666 429 889 480 susceptor
911 431 1057 466 noster
1076 426 1189 467 Deus
1216 425 1368 469 Jacob.
1399 445 1416 466 »
1442 426 1525 478 Qui
1550 427 1664 471 misit
1683 430 1774 472 An-

388 491 528 550 gelos,
553 491 671 535 venit
693 501 790 551 post
820 492 1005 551 Angelos
1023 530 1033 549 ,
1058 496 1177 539 venit
1207 505 1255 540 ut
1284 497 1322 539 ei
1351 497 1560 541 servirent
1587 499 1743 557 Angeli
1761 535 1772 556 ,

384 563 508 606 venit
530 572 580 606 ut
601 563 797 607 homines
822 562 981 608 faceret
1006 564 1194 625 aequales
1218 567 1408 625 Angelis.
1438 571 1597 627 Magna
1621 570 1773 628 gratia.

389 653 411 676 «
449 634 490 678 Si
513 637 626 677 Deus
648 650 726 693 pro
750 635 875 679 nobis
891 671 901 689 ,
923 636 1017 695 quis
1035 645 1183 680 contra
1204 640 1310 680 nos‘?
1333 638 1542 682 Dominus
1562 639 1775 684 virtutum

387 724 410 747 )›
447 705 720 749 nobiscum.«
739 706 844 758 Quis
867 707 1077 751 Dominus
1088 707 1300 751 virtutum
1313 708 1585 753 nobiseum.»
1608 711 1650 755 Si
1663 714 1776 755 Deus

390 795 411 817 n
450 793 528 836 pro
548 776 672 820 nobis
690 812 700 831 ‚
723 777 900 837 inquam
918 812 928 832 ,
955 777 1052 837 quis
1074 787 1224 822 contra
1247 781 1356 823 nos?
1373 779 1457 832 Qui
1471 779 1777 841 Filiosuopro-

389 866 411 888 »
440 848 535 908 prio
554 864 641 892 non
660 847 875 907 pepercit,
901 847 976 892 sed
994 863 1072 908 pro
1081 849 1205 893 nobis
1223 850 1426 894 omnibus
1440 849 1619 895 tradidit
1633 850 1773 908 illum,

389 937 412 960 n
447 919 671 980 quomodo
694 934 783 963 non
805 928 848 963 et
870 934 970 963 cum
992 919 1068 964 illo
1082 921 1225 965 omnia
1242 921 1609 967 nobisdonavit¹i³
1625 941 1644 964 η
1662 926 1778 982 Ergo

387 991 528 1035 securi
557 991 715 1046 simus,
746 990 792 1033 in
825 990 1138 1051 tranquillitate
1174 991 1315 1036 cordis
1346 993 1589 1037 nutriamus
1614 994 1777 1039 bonam

387 1061 696 1106 conscientiam
728 1061 782 1104 de
807 1076 920 1121 pane
951 1062 1138 1106 Domini.
1169 1082 1189 1104 (ι
1214 1063 1424 1107 Dominus
1452 1064 1665 1108 virtutum
1694 1080 1778 1109 no-

390 1150 412 1173 »
448 1132 614 1176 hiscum
628 1168 638 1187 ,
667 1141 890 1192 susceptor
904 1141 1050 1177 noster
1072 1136 1185 1177 Deus
1204 1133 1355 1178 Jacob.
1378 1152 1398 1175 »
1414 1136 1779 1196 Quantacumque

388 1203 443 1247 sit
464 1203 691 1247 infirmitas
718 1211 793 1247 tua
810 1238 821 1258 ‚
852 1203 952 1247 vide
973 1203 1071 1264 quis
1093 1213 1135 1248 te
1160 1204 1379 1264 suscipiat.
1406 1208 1606 1263 AEgrotat
1634 1206 1779 1251 nescio

388 1273 485 1333 quis
503 1309 513 1328 ,
540 1273 774 1317 adhibetur
795 1274 989 1317 medicus
1017 1293 1025 1318 ;
1052 1283 1299 1334 susceptum
1317 1290 1445 1319 suum
1463 1275 1569 1320 dicit
1586 1276 1779 1321 medicus

389 1354 617 1402 aegrotum.
653 1345 759 1398 Quis
787 1360 888 1388 eum
911 1345 1125 1404 suscepit?
1155 1344 1249 1389 Ille.
1281 1348 1441 1405 Magna
1470 1362 1564 1407 spes
1597 1348 1745 1392 salutis
1765 1383 1776 1402 ,

387 1430 572 1474 magnus
592 1415 784 1459 medicus
807 1430 907 1458 cum
925 1416 1127 1476 suscepit.
1153 1416 1258 1469 Quis
1276 1416 1495 1461 medicus?
1517 1418 1667 1461 Omnis
1684 1434 1779 1462 me-

389 1485 511 1530 dicus
534 1495 692 1546 prtcter
710 1485 833 1530 illum
857 1487 990 1531 homo
1002 1496 1066 1531 est
1093 1507 1100 1532 :
1126 1488 1264 1532 omnis
1286 1487 1482 1533 medicus
1505 1489 1780 1549 quivenitad

390 1558 613 1600 infirmum
629 1592 639 1611 ,
666 1556 747 1600 alia
770 1556 840 1600 die
863 1557 1069 1601 infirmari
1088 1567 1255 1617 potest,
1281 1568 1439 1618 praeter
1458 1559 1600 1603 illum.
1630 1578 1650 1602 «
1676 1562 1781 1604 Sus-

390 1646 412 1669 »
448 1637 598 1687 ceptor
613 1637 758 1671 noster
784 1630 897 1671 Deus
915 1628 1067 1672 Jacob.
1097 1647 1116 1668 »
1145 1631 1230 1672 Fac
1255 1638 1297 1672 te
1318 1629 1530 1673 infantem
1549 1629 1780 1689 parvulum

388 1700 591 1753 omnino,
608 1697 758 1758 quales
783 1715 806 1742 a
827 1698 1082 1757 parentibus
1110 1700 1419 1758 suscipiuntur.
1452 1701 1536 1753 Qui
1554 1701 1669 1744 enim
1693 1717 1781 1746 non

388 1770 700 1829 suscipiuntur,
727 1778 1009 1828 exponuntur
1033 1788 1040 1812 :
1069 1769 1145 1829 qui
1173 1769 1481 1829 suscipiuntur,
1507 1771 1776 1815 nutriuntur.

389 1840 669 1884 Putas-nesic
682 1848 723 1882 te
741 1839 928 1898 suscepit
944 1842 1079 1893 Deus,
1105 1841 1327 1898 quomodo
1342 1840 1556 1883 infantem
1578 1849 1620 1884 te
1642 1856 1782 1885 susce-

389 1912 454 1971 pit
476 1919 613 1954 matcr
626 1911 729 1953 tua?
747 1913 845 1954 Non
862 1910 920 1953 sic
935 1945 945 1964 ‚
972 1910 1047 1952 sed
1064 1909 1109 1952 in
1125 1919 1352 1953 aeteruum.
1380 1913 1470 1954 Tua
1488 1911 1601 1954 enim
1620 1927 1701 1956 vox
1718 1921 1782 1957 est

389 1983 434 2025 iu
456 1981 531 2025 illo
545 1980 738 2035 Psalmo,
769 2000 788 2022 «
814 1980 1030 2033 Quoniam
1054 1989 1176 2039 pater
1198 1995 1317 2024 meus
1335 1990 1378 2024 et
1399 1990 1537 2025 mater
1548 1997 1641 2025 mea
1663 1981 1781 2026 dere-

391 2070 413 2093 »
448 2052 768 2111 liqueruntme⁷
786 2051 994 2095 Dominus
1019 2059 1162 2094 autem
1179 2052 1406 2110 assumpsit
1421 2055 1534 2095 me2.
1550 2054 1782 2112 Susceptor

393 2141 413 2163 »
450 2132 594 2167 noster
619 2126 731 2165 Deus
745 2121 897 2165 Jacob.
923 2140 942 2161 »

447 2195 548 2236 XII.
589 2211 609 2234 «
635 2192 813 2247 Venite,
840 2191 1045 2236 etvidetc
1063 2206 1192 2250 opera
1216 2191 1435 2236 Dominiss.
1466 2211 1483 2233 »
1506 2195 1603 2236 Jam
1628 2191 1780 2238 dehac

390 2265 663 2323 susceptione
685 2261 792 2323 quid
815 2262 918 2306 fecit
940 2262 1181 2306 Dominus?
1199 2262 1509 2307 Animadverte
1525 2263 1678 2307 orbem
1693 2273 1782 2308 ter-

392 2352 558 2389 rarum,
585 2335 705 2389 veni,
731 2344 774 2378 et
794 2334 908 2379 vide.
947 2335 989 2378 Si
1022 2333 1137 2376 enim
1166 2350 1255 2378 non
1281 2334 1427 2390 venis,
1452 2350 1542 2379 non
1567 2334 1712 2393 vides3
1747 2336 1781 2380 si

390 2421 480 2449 non
502 2405 620 2449 vides
637 2440 647 2459 ,
673 2420 761 2449 non
784 2403 944 2462 credis3
969 2404 1003 2448 si
1020 2419 1109 2447 non
1127 2403 1285 2459 credis,
1304 2404 1434 2463 longe
1456 2405 1610 2449 staszsi
1623 2405 1776 2461 credis,

393 2476 536 2534 venis3
562 2476 595 2519 si
617 2475 778 2530 credis,
796 2475 931 2520 vides.
948 2474 1180 2528 Quomodo
1203 2475 1319 2518 enim
1333 2475 1778 2520 venituradmontem

441 2570 449 2585 ¹
468 2565 559 2594 nom.
582 2573 653 2602 vui,
675 2562 727 2594 731.
756 2561 807 2594 32.
836 2578 877 2583 ——
894 2569 905 2582 ²
925 2561 1004 2592 l‘sal.
1023 2572 1109 2599 xxw,
1134 2572 1183 2593 ro.
1206 2577 1245 2582 --
1269 2558 1281 2581 3
1302 2561 1347 2592 ld.
1369 2571 1442 2601 xiv,
1460 2572 1493 2603 9.
