<?xml version="1.0" encoding="UTF-8"?>
<!DOCTYPE html PUBLIC "-//W3C//DTD XHTML 1.0 Transitional//EN"
    "http://www.w3.org/TR/xhtml1/DTD/xhtml1-transitional.dtd">
<html xmlns="http://www.w3.org/1999/xhtml" xml:lang="en" lang="en">
 <head>
  <title>
</title>
<meta http-equiv="Content-Type" content="text/html;charset=utf-8" />
  <meta name='ocr-system' content='tesseract 3.04.00' />
  <meta name='ocr-capabilities' content='ocr_page ocr_carea ocr_par ocr_line ocrx_word'/>
</head>
<body>
  <div class='ocr_page' id='page_1' title='image "./operaomniaaccura08auguuoft_0099.png"; bbox 0 0 1841 3223; ppageno 0'>
   <div class='ocr_carea' id='block_1_1' title="bbox 196 277 1427 329">
    <p class='ocr_par' dir='ltr' id='par_1_1' title="bbox 196 277 1427 329">
     <span class='ocr_line' id='line_1_1' title="bbox 196 277 1427 329; baseline -0.002 -11"><span class='ocrx_word' id='word_1_1' title='bbox 196 289 438 320; x_wconf 68' lang='lat' dir='ltr'>ENARRA&#39;rIo</span> <span class='ocrx_word' id='word_1_2' title='bbox 470 292 503 318; x_wconf 83' lang='lat'>11</span> <span class='ocrx_word' id='word_1_3' title='bbox 535 293 578 319; x_wconf 75' lang='lat' dir='ltr'>m</span> <span class='ocrx_word' id='word_1_4' title='bbox 612 290 814 319; x_wconf 61' lang='lat' dir='ltr'>PsALMUM</span> <span class='ocrx_word' id='word_1_5' title='bbox 846 291 1002 329; x_wconf 63' lang='lat' dir='ltr'>xxxvr,</span> <span class='ocrx_word' id='word_1_6' title='bbox 1037 291 1162 318; x_wconf 76' lang='lat' dir='ltr'>sEnM.</span> <span class='ocrx_word' id='word_1_7' title='bbox 1200 291 1248 316; x_wconf 88' lang='lat'>11.</span> <span class='ocrx_word' id='word_1_8' title='bbox 1372 277 1427 315; x_wconf 90' lang='lat'>89</span> 
     </span>
    </p>
   </div>
   <div class='ocr_carea' id='block_1_2' title="bbox 35 354 1455 2605">
    <p class='ocr_par' dir='ltr' id='par_1_2' title="bbox 35 354 1455 2605">
     <span class='ocr_line' id='line_1_2' title="bbox 44 354 1429 416; baseline -0.002 -17"><span class='ocrx_word' id='word_1_9' title='bbox 44 356 177 401; x_wconf 88' lang='lat' dir='ltr'>recito</span> <span class='ocrx_word' id='word_1_10' title='bbox 198 359 341 411; x_wconf 89' lang='lat' dir='ltr'>Gesta,</span> <span class='ocrx_word' id='word_1_11' title='bbox 356 355 432 399; x_wconf 90' lang='lat' dir='ltr'>ubi</span> <span class='ocrx_word' id='word_1_12' title='bbox 448 357 798 416; x_wconf 75' lang='lat' dir='ltr'>procurationem</span> <span class='ocrx_word' id='word_1_13' title='bbox 818 357 872 402; x_wconf 79' lang='lat' dir='ltr'>ad</span> <span class='ocrx_word' id='word_1_14' title='bbox 893 355 1102 416; x_wconf 73' lang='lat' dir='ltr'>exigenda</span> <span class='ocrx_word' id='word_1_15' title='bbox 1124 354 1278 400; x_wconf 83' lang='lat' dir='ltr'><strong>fecisti.</strong></span> <span class='ocrx_word' id='word_1_16' title='bbox 1300 356 1429 399; x_wconf 81' lang='lat' dir='ltr'>Certe</span> 
     </span>
     <span class='ocr_line' id='line_1_3' title="bbox 42 426 1455 487; baseline -0.001 -16"><span class='ocrx_word' id='word_1_17' title='bbox 42 426 103 471; x_wconf 89' lang='lat' dir='ltr'>ibi</span> <span class='ocrx_word' id='word_1_18' title='bbox 117 427 258 472; x_wconf 84' lang='lat' dir='ltr'>dixisti</span> <span class='ocrx_word' id='word_1_19' title='bbox 271 430 376 473; x_wconf 83' lang='lat' dir='ltr'>:Nos</span> <span class='ocrx_word' id='word_1_20' title='bbox 389 426 476 471; x_wconf 89' lang='lat' dir='ltr'>sola</span> <span class='ocrx_word' id='word_1_21' title='bbox 491 427 713 472; x_wconf 84' lang='lat' dir='ltr'>offerimus</span> <span class='ocrx_word' id='word_1_22' title='bbox 726 428 960 487; x_wconf 70' lang='lat' dir='ltr'>Evangelia</span> <span class='ocrx_word' id='word_1_23' title='bbox 974 428 1127 473; x_wconf 89' lang='lat' dir='ltr'>:recito</span> <span class='ocrx_word' id='word_1_24' title='bbox 1141 436 1206 472; x_wconf 91' lang='lat' dir='ltr'>tot</span> <span class='ocrx_word' id='word_1_25' title='bbox 1214 428 1430 487; x_wconf 85' lang='lat' dir='ltr'>jussiones</span> <span class='ocrx_word' id='word_1_26' title='bbox 1452 480 1455 483; x_wconf 6' lang='lat'>⁸</span> 
     </span>
     <span class='ocr_line' id='line_1_4' title="bbox 36 498 1430 560; baseline -0.001 -18"><span class='ocrx_word' id='word_1_27' title='bbox 36 498 235 558; x_wconf 89' lang='lat' dir='ltr'>judicum</span> <span class='ocrx_word' id='word_1_28' title='bbox 250 534 261 554; x_wconf 88' lang='lat'>,</span> <span class='ocrx_word' id='word_1_29' title='bbox 285 498 444 560; x_wconf 89' lang='lat' dir='ltr'>quibus</span> <span class='ocrx_word' id='word_1_30' title='bbox 466 514 489 543; x_wconf 89' lang='lat' dir='ltr'>a</span> <span class='ocrx_word' id='word_1_31' title='bbox 509 507 552 543; x_wconf 87' lang='lat' dir='ltr'>te</span> <span class='ocrx_word' id='word_1_32' title='bbox 574 498 733 543; x_wconf 86' lang='lat' dir='ltr'>divisos</span> <span class='ocrx_word' id='word_1_33' title='bbox 754 508 1005 558; x_wconf 79' lang='lat' dir='ltr'>persecutus</span> <span class='ocrx_word' id='word_1_34' title='bbox 1027 515 1070 543; x_wconf 91' lang='lat' dir='ltr'>es</span> <span class='ocrx_word' id='word_1_35' title='bbox 1095 518 1103 544; x_wconf 89' lang='lat'>:</span> <span class='ocrx_word' id='word_1_36' title='bbox 1130 498 1262 542; x_wconf 89' lang='lat' dir='ltr'>recito</span> <span class='ocrx_word' id='word_1_37' title='bbox 1276 500 1430 541; x_wconf 80' lang='lat' dir='ltr'>Preces</span> 
     </span>
     <span class='ocr_line' id='line_1_5' title="bbox 42 568 1430 630; baseline -0.001 -17"><span class='ocrx_word' id='word_1_38' title='bbox 42 568 99 613; x_wconf 83' lang='lat' dir='ltr'>ad</span> <span class='ocrx_word' id='word_1_39' title='bbox 118 572 371 630; x_wconf 82' lang='lat' dir='ltr'>Apostatam</span> <span class='ocrx_word' id='word_1_40' title='bbox 392 569 696 630; x_wconf 84' lang='lat' dir='ltr'>imperatorem</span> <span class='ocrx_word' id='word_1_41' title='bbox 710 604 721 625; x_wconf 84' lang='lat'>,</span> <span class='ocrx_word' id='word_1_42' title='bbox 746 570 816 613; x_wconf 87' lang='lat' dir='ltr'>cui</span> <span class='ocrx_word' id='word_1_43' title='bbox 840 569 1003 624; x_wconf 71' lang='lat' dir='ltr'>dixisti,</span> <span class='ocrx_word' id='word_1_44' title='bbox 1035 570 1136 629; x_wconf 87' lang='lat' dir='ltr'>quia</span> <span class='ocrx_word' id='word_1_45' title='bbox 1157 569 1247 613; x_wconf 91' lang='lat' dir='ltr'>sola</span> <span class='ocrx_word' id='word_1_46' title='bbox 1264 568 1430 630; x_wconf 83' lang='lat' dir='ltr'>justitia</span> 
     </span>
     <span class='ocr_line' id='line_1_6' title="bbox 42 638 1432 700; baseline -0.001 -16"><span class='ocrx_word' id='word_1_47' title='bbox 42 640 160 699; x_wconf 82' lang='lat' dir='ltr'>apud</span> <span class='ocrx_word' id='word_1_48' title='bbox 181 656 282 684; x_wconf 90' lang='lat' dir='ltr'>eum</span> <span class='ocrx_word' id='word_1_49' title='bbox 298 640 434 685; x_wconf 87' lang='lat' dir='ltr'>habet</span> <span class='ocrx_word' id='word_1_50' title='bbox 453 640 599 686; x_wconf 89' lang='lat' dir='ltr'>locum</span> <span class='ocrx_word' id='word_1_51' title='bbox 613 642 689 699; x_wconf 85' lang='lat'><strong>(5).</strong></span> <span class='ocrx_word' id='word_1_52' title='bbox 703 643 771 685; x_wconf 84' lang='lat' dir='ltr'>An</span> <span class='ocrx_word' id='word_1_53' title='bbox 787 638 900 685; x_wconf 80' lang='lat' dir='ltr'>forte-</span> <span class='ocrx_word' id='word_1_54' title='bbox 923 639 1130 700; x_wconf 86' lang='lat' dir='ltr'>apostasia</span> <span class='ocrx_word' id='word_1_55' title='bbox 1144 642 1168 683; x_wconf 86' lang='lat' dir='ltr'>J</span> <span class='ocrx_word' id='word_1_56' title='bbox 1172 639 1321 694; x_wconf 82' lang='lat' dir='ltr'>uliani,</span> <span class='ocrx_word' id='word_1_57' title='bbox 1333 654 1432 698; x_wconf 86' lang='lat' dir='ltr'>pars</span> 
     </span>
     <span class='ocr_line' id='line_1_7' title="bbox 41 710 1433 770; baseline -0.001 -15"><span class='ocrx_word' id='word_1_58' title='bbox 41 711 266 770; x_wconf 82' lang='lat' dir='ltr'>Evangelii</span> <span class='ocrx_word' id='word_1_59' title='bbox 287 712 367 756; x_wconf 89' lang='lat' dir='ltr'>tibi</span> <span class='ocrx_word' id='word_1_60' title='bbox 385 710 585 756; x_wconf 77' lang='lat' dir='ltr'>videtur?</span> <span class='ocrx_word' id='word_1_61' title='bbox 599 715 712 757; x_wconf 86' lang='lat' dir='ltr'>Ecce</span> <span class='ocrx_word' id='word_1_62' title='bbox 729 710 984 756; x_wconf 86' lang='lat' dir='ltr'>mendacem</span> <span class='ocrx_word' id='word_1_63' title='bbox 1006 720 1049 756; x_wconf 90' lang='lat' dir='ltr'>te</span> <span class='ocrx_word' id='word_1_64' title='bbox 1072 720 1216 755; x_wconf 85' lang='lat' dir='ltr'>teneo.</span> <span class='ocrx_word' id='word_1_65' title='bbox 1243 711 1360 764; x_wconf 82' lang='lat' dir='ltr'>Quid</span> <span class='ocrx_word' id='word_1_66' title='bbox 1377 710 1433 754; x_wconf 93' lang='lat' dir='ltr'>de</span> 
     </span>
     <span class='ocr_line' id='line_1_8' title="bbox 41 779 1433 843; baseline -0.001 -18"><span class='ocrx_word' id='word_1_67' title='bbox 41 796 111 825; x_wconf 92' lang='lat' dir='ltr'>me</span> <span class='ocrx_word' id='word_1_68' title='bbox 126 780 269 826; x_wconf 78' lang='lat' dir='ltr'><strong>dixisti</strong></span> <span class='ocrx_word' id='word_1_69' title='bbox 282 782 403 843; x_wconf 89' lang='lat' dir='ltr'>quod</span> <span class='ocrx_word' id='word_1_70' title='bbox 419 781 536 827; x_wconf 87' lang='lat' dir='ltr'>credi</span> <span class='ocrx_word' id='word_1_71' title='bbox 559 781 746 827; x_wconf 82' lang='lat' dir='ltr'>debeat?</span> <span class='ocrx_word' id='word_1_72' title='bbox 761 782 942 826; x_wconf 82' lang='lat' dir='ltr'><strong>Etiamsi</strong></span> <span class='ocrx_word' id='word_1_73' title='bbox 956 779 1046 826; x_wconf 86' lang='lat' dir='ltr'>nori</span> <span class='ocrx_word' id='word_1_74' title='bbox 1058 781 1298 825; x_wconf 87' lang='lat' dir='ltr'><strong>invenirem</strong></span> <span class='ocrx_word' id='word_1_75' title='bbox 1312 779 1433 824; x_wconf 82' lang='lat' dir='ltr'>unde</span> 
     </span>
     <span class='ocr_line' id='line_1_9' title="bbox 41 846 1432 909; baseline -0.001 -13"><span class='ocrx_word' id='word_1_76' title='bbox 41 846 315 896; x_wconf 68' lang='lat' dir='ltr'>ostenderem</span> <span class='ocrx_word' id='word_1_77' title='bbox 331 851 489 898; x_wconf 84' lang='lat' dir='ltr'>falsum</span> <span class='ocrx_word' id='word_1_78' title='bbox 506 862 549 897; x_wconf 87' lang='lat' dir='ltr'>te</span> <span class='ocrx_word' id='word_1_79' title='bbox 571 852 730 909; x_wconf 84' lang='lat' dir='ltr'>dicere,</span> <span class='ocrx_word' id='word_1_80' title='bbox 754 853 915 897; x_wconf 88' lang='lat' dir='ltr'>sufficit</span> <span class='ocrx_word' id='word_1_81' title='bbox 934 861 986 896; x_wconf 90' lang='lat' dir='ltr'>ut</span> <span class='ocrx_word' id='word_1_82' title='bbox 1007 852 1232 897; x_wconf 89' lang='lat' dir='ltr'>ostendam</span> <span class='ocrx_word' id='word_1_83' title='bbox 1249 860 1291 896; x_wconf 85' lang='lat' dir='ltr'>te</span> <span class='ocrx_word' id='word_1_84' title='bbox 1308 866 1432 894; x_wconf 58' lang='lat' dir='ltr'>men1</span> 
     </span>
     <span class='ocr_line' id='line_1_10' title="bbox 40 921 1433 979; baseline -0.001 -13"><span class='ocrx_word' id='word_1_85' title='bbox 40 921 194 967; x_wconf 91' lang='lat' dir='ltr'>dacem</span> <span class='ocrx_word' id='word_1_86' title='bbox 219 938 324 967; x_wconf 90' lang='lat' dir='ltr'>esse.</span> <span class='ocrx_word' id='word_1_87' title='bbox 349 922 466 977; x_wconf 83' lang='lat' dir='ltr'>Quid</span> <span class='ocrx_word' id='word_1_88' title='bbox 487 922 629 968; x_wconf 80' lang='lat' dir='ltr'>dicis?</span> <span class='ocrx_word' id='word_1_89' title='bbox 662 923 811 977; x_wconf 89' lang='lat' dir='ltr'>Qualis</span> <span class='ocrx_word' id='word_1_90' title='bbox 838 932 888 968; x_wconf 91' lang='lat' dir='ltr'>tu</span> <span class='ocrx_word' id='word_1_91' title='bbox 903 959 914 979; x_wconf 87' lang='lat'>,</span> <span class='ocrx_word' id='word_1_92' title='bbox 951 922 1056 967; x_wconf 90' lang='lat' dir='ltr'>tales</span> <span class='ocrx_word' id='word_1_93' title='bbox 1078 931 1121 967; x_wconf 89' lang='lat' dir='ltr'>et</span> <span class='ocrx_word' id='word_1_94' title='bbox 1143 922 1302 967; x_wconf 84' lang='lat' dir='ltr'>caeteri.</span> <span class='ocrx_word' id='word_1_95' title='bbox 1323 923 1433 966; x_wconf 89' lang='lat' dir='ltr'>Nam</span> 
     </span>
     <span class='ocr_line' id='line_1_11' title="bbox 39 992 1433 1043; baseline 0.001 -7"><span class='ocrx_word' id='word_1_96' title='bbox 39 993 194 1038; x_wconf 89' lang='lat' dir='ltr'>merito</span> <span class='ocrx_word' id='word_1_97' title='bbox 211 992 314 1038; x_wconf 90' lang='lat' dir='ltr'>talia</span> <span class='ocrx_word' id='word_1_98' title='bbox 333 995 466 1039; x_wconf 85' lang='lat' dir='ltr'>verba</span> <span class='ocrx_word' id='word_1_99' title='bbox 488 994 690 1039; x_wconf 86' lang='lat' dir='ltr'>omnibus</span> <span class='ocrx_word' id='word_1_100' title='bbox 712 994 894 1043; x_wconf 70' lang='lat' dir='ltr'>misisti:</span> <span class='ocrx_word' id='word_1_101' title='bbox 925 994 1149 1039; x_wconf 85' lang='lat' dir='ltr'>abundare</span> <span class='ocrx_word' id='word_1_102' title='bbox 1165 993 1341 1039; x_wconf 88' lang='lat' dir='ltr'>voluisti</span> <span class='ocrx_word' id='word_1_103' title='bbox 1361 1007 1433 1037; x_wconf 90' lang='lat' dir='ltr'>so-</span> 
     </span>
     <span class='ocr_line' id='line_1_12' title="bbox 39 1063 1430 1120; baseline -0.001 -12"><span class='ocrx_word' id='word_1_104' title='bbox 39 1063 194 1108; x_wconf 86' lang='lat' dir='ltr'>cietate</span> <span class='ocrx_word' id='word_1_105' title='bbox 219 1064 497 1108; x_wconf 87' lang='lat' dir='ltr'>mendacium</span> <span class='ocrx_word' id='word_1_106' title='bbox 511 1100 522 1120; x_wconf 82' lang='lat'>,</span> <span class='ocrx_word' id='word_1_107' title='bbox 544 1080 599 1108; x_wconf 92' lang='lat' dir='ltr'>ne</span> <span class='ocrx_word' id='word_1_108' title='bbox 613 1074 662 1109; x_wconf 90' lang='lat' dir='ltr'>tu</span> <span class='ocrx_word' id='word_1_109' title='bbox 675 1064 790 1109; x_wconf 89' lang='lat' dir='ltr'>solus</span> <span class='ocrx_word' id='word_1_110' title='bbox 813 1065 1088 1110; x_wconf 85' lang='lat' dir='ltr'>erubesceres</span> <span class='ocrx_word' id='word_1_111' title='bbox 1111 1064 1166 1109; x_wconf 91' lang='lat' dir='ltr'>de</span> <span class='ocrx_word' id='word_1_112' title='bbox 1186 1063 1430 1108; x_wconf 87' lang='lat' dir='ltr'>mendacio.</span> 
     </span>
     <span class='ocr_line' id='line_1_13' title="bbox 97 1133 1433 1196; baseline -0.001 -18"><span class='ocrx_word' id='word_1_113' title='bbox 97 1135 220 1178; x_wconf 85' lang='lat' dir='ltr'><strong>XIX.</strong></span> <span class='ocrx_word' id='word_1_114' title='bbox 247 1133 333 1179; x_wconf 86' lang='lat' dir='ltr'>Sed</span> <span class='ocrx_word' id='word_1_115' title='bbox 352 1133 516 1190; x_wconf 78' lang='lat' dir='ltr'>valeat,</span> <span class='ocrx_word' id='word_1_116' title='bbox 535 1135 708 1196; x_wconf 88' lang='lat' dir='ltr'>inquit,</span> <span class='ocrx_word' id='word_1_117' title='bbox 746 1135 793 1178; x_wconf 91' lang='lat' dir='ltr'>in</span> <span class='ocrx_word' id='word_1_118' title='bbox 815 1134 1098 1180; x_wconf 87' lang='lat' dir='ltr'>Caecilianum</span> <span class='ocrx_word' id='word_1_119' title='bbox 1115 1134 1332 1195; x_wconf 89' lang='lat' dir='ltr'>judicium</span> <span class='ocrx_word' id='word_1_120' title='bbox 1353 1149 1433 1193; x_wconf 90' lang='lat' dir='ltr'>pa-</span> 
     </span>
     <span class='ocr_line' id='line_1_14' title="bbox 39 1204 1436 1265; baseline 0 -18"><span class='ocrx_word' id='word_1_121' title='bbox 39 1212 156 1247; x_wconf 89' lang='lat' dir='ltr'>trum</span> <span class='ocrx_word' id='word_1_122' title='bbox 178 1213 441 1249; x_wconf 87' lang='lat' dir='ltr'>nostrorum.</span> <span class='ocrx_word' id='word_1_123' title='bbox 474 1207 618 1259; x_wconf 80' lang='lat' dir='ltr'>Quare</span> <span class='ocrx_word' id='word_1_124' title='bbox 639 1204 832 1249; x_wconf 76' lang='lat' dir='ltr'>valebit?</span> <span class='ocrx_word' id='word_1_125' title='bbox 862 1206 973 1259; x_wconf 86' lang='lat' dir='ltr'>Quia</span> <span class='ocrx_word' id='word_1_126' title='bbox 997 1206 1188 1265; x_wconf 83' lang='lat' dir='ltr'>episcopi</span> <span class='ocrx_word' id='word_1_127' title='bbox 1209 1204 1436 1264; x_wconf 85' lang='lat' dir='ltr'>judicave-</span> 
     </span>
     <span class='ocr_line' id='line_1_15' title="bbox 38 1274 1431 1337; baseline -0.001 -18"><span class='ocrx_word' id='word_1_128' title='bbox 38 1283 156 1320; x_wconf 85' lang='lat' dir='ltr'>runt.</span> <span class='ocrx_word' id='word_1_129' title='bbox 188 1274 342 1320; x_wconf 83' lang='lat' dir='ltr'>Valeat</span> <span class='ocrx_word' id='word_1_130' title='bbox 368 1284 412 1320; x_wconf 89' lang='lat' dir='ltr'>et</span> <span class='ocrx_word' id='word_1_131' title='bbox 440 1275 486 1319; x_wconf 91' lang='lat' dir='ltr'>in</span> <span class='ocrx_word' id='word_1_132' title='bbox 508 1285 572 1331; x_wconf 89' lang='lat' dir='ltr'>te,</span> <span class='ocrx_word' id='word_1_133' title='bbox 598 1275 718 1337; x_wconf 84' lang='lat' dir='ltr'>quod</span> <span class='ocrx_word' id='word_1_134' title='bbox 751 1276 1080 1321; x_wconf 78' lang='lat' dir='ltr'>Maximianistae</span> <span class='ocrx_word' id='word_1_135' title='bbox 1106 1275 1431 1337; x_wconf 88' lang='lat' dir='ltr'>judicaverunt.</span> 
     </span>
     <span class='ocr_line' id='line_1_16' title="bbox 38 1345 1435 1407; baseline 0 -18"><span class='ocrx_word' id='word_1_136' title='bbox 38 1345 162 1390; x_wconf 88' lang='lat' dir='ltr'>Prius</span> <span class='ocrx_word' id='word_1_137' title='bbox 180 1345 319 1400; x_wconf 83' lang='lat' dir='ltr'>enim,</span> <span class='ocrx_word' id='word_1_138' title='bbox 340 1345 460 1407; x_wconf 88' lang='lat' dir='ltr'>quod</span> <span class='ocrx_word' id='word_1_139' title='bbox 479 1347 609 1391; x_wconf 90' lang='lat' dir='ltr'>credo</span> <span class='ocrx_word' id='word_1_140' title='bbox 631 1362 707 1391; x_wconf 88' lang='lat' dir='ltr'>vos</span> <span class='ocrx_word' id='word_1_141' title='bbox 729 1362 875 1402; x_wconf 86' lang='lat' dir='ltr'>nosse,</span> <span class='ocrx_word' id='word_1_142' title='bbox 897 1347 1087 1407; x_wconf 87' lang='lat' dir='ltr'>episcopi</span> <span class='ocrx_word' id='word_1_143' title='bbox 1117 1346 1435 1391; x_wconf 86' lang='lat' dir='ltr'>consentientes</span> 
     </span>
     <span class='ocr_line' id='line_1_17' title="bbox 38 1415 1435 1478; baseline -0.001 -17"><span class='ocrx_word' id='word_1_144' title='bbox 38 1432 140 1461; x_wconf 92' lang='lat' dir='ltr'>cum</span> <span class='ocrx_word' id='word_1_145' title='bbox 158 1417 425 1462; x_wconf 83' lang='lat' dir='ltr'>Maximiano</span> <span class='ocrx_word' id='word_1_146' title='bbox 449 1417 591 1462; x_wconf 89' lang='lat' dir='ltr'>adhuc</span> <span class='ocrx_word' id='word_1_147' title='bbox 622 1418 807 1463; x_wconf 89' lang='lat' dir='ltr'>diacono</span> <span class='ocrx_word' id='word_1_148' title='bbox 825 1418 957 1478; x_wconf 89' lang='lat' dir='ltr'>ipsius</span> <span class='ocrx_word' id='word_1_149' title='bbox 972 1453 983 1473; x_wconf 79' lang='grc'>,</span> <span class='ocrx_word' id='word_1_150' title='bbox 1008 1426 1225 1462; x_wconf 86' lang='lat' dir='ltr'>venerunt</span> <span class='ocrx_word' id='word_1_151' title='bbox 1250 1415 1304 1460; x_wconf 85' lang='lat' dir='ltr'>ad</span> <span class='ocrx_word' id='word_1_152' title='bbox 1326 1418 1435 1461; x_wconf 89' lang='lat' dir='ltr'>Car-</span> 
     </span>
     <span class='ocr_line' id='line_1_18' title="bbox 38 1486 1436 1548; baseline 0.001 -18"><span class='ocrx_word' id='word_1_153' title='bbox 38 1487 259 1545; x_wconf 83' lang='lat' dir='ltr'>thaginem</span> <span class='ocrx_word' id='word_1_154' title='bbox 275 1522 286 1542; x_wconf 89' lang='lat'>,</span> <span class='ocrx_word' id='word_1_155' title='bbox 309 1487 422 1532; x_wconf 88' lang='lat' dir='ltr'>sicut</span> <span class='ocrx_word' id='word_1_156' title='bbox 443 1503 487 1532; x_wconf 91' lang='lat' dir='ltr'>se</span> <span class='ocrx_word' id='word_1_157' title='bbox 507 1488 642 1532; x_wconf 86' lang='lat' dir='ltr'>habet</span> <span class='ocrx_word' id='word_1_158' title='bbox 666 1488 954 1543; x_wconf 85' lang='lat' dir='ltr'>Tractatoria‚</span> <span class='ocrx_word' id='word_1_159' title='bbox 981 1503 1113 1548; x_wconf 91' lang='lat' dir='ltr'>quam</span> <span class='ocrx_word' id='word_1_160' title='bbox 1145 1487 1274 1531; x_wconf 84' lang='lat' dir='ltr'>etiam</span> <span class='ocrx_word' id='word_1_161' title='bbox 1296 1486 1436 1531; x_wconf 85' lang='lat' dir='ltr'>Gestis</span> 
     </span>
     <span class='ocr_line' id='line_1_19' title="bbox 37 1556 1435 1617; baseline -0.001 -16"><span class='ocrx_word' id='word_1_162' title='bbox 37 1556 351 1617; x_wconf 84' lang='lat' dir='ltr'>alligaverunt,</span> <span class='ocrx_word' id='word_1_163' title='bbox 377 1573 477 1602; x_wconf 90' lang='lat' dir='ltr'>cum</span> <span class='ocrx_word' id='word_1_164' title='bbox 510 1557 754 1617; x_wconf 84' lang='lat' dir='ltr'>litigarent¹</span> <span class='ocrx_word' id='word_1_165' title='bbox 780 1556 835 1601; x_wconf 89' lang='lat' dir='ltr'>de</span> <span class='ocrx_word' id='word_1_166' title='bbox 863 1557 995 1602; x_wconf 92' lang='lat' dir='ltr'>domo</span> <span class='ocrx_word' id='word_1_167' title='bbox 1027 1573 1129 1602; x_wconf 91' lang='lat' dir='ltr'>cum</span> <span class='ocrx_word' id='word_1_168' title='bbox 1151 1566 1435 1617; x_wconf 85' lang='lat' dir='ltr'>procuratore</span> 
     </span>
     <span class='ocr_line' id='line_1_20' title="bbox 35 1626 1434 1689; baseline -0.001 -18"><span class='ocrx_word' id='word_1_169' title='bbox 35 1627 171 1672; x_wconf 78' lang='lat' dir='ltr'>illius2</span> <span class='ocrx_word' id='word_1_170' title='bbox 183 1628 260 1688; x_wconf 86' lang='lat' dir='ltr'>qui</span> <span class='ocrx_word' id='word_1_171' title='bbox 273 1628 568 1689; x_wconf 85' lang='lat' dir='ltr'>praetermittit</span> <span class='ocrx_word' id='word_1_172' title='bbox 582 1626 741 1672; x_wconf 87' lang='lat' dir='ltr'>ablata.</span> <span class='ocrx_word' id='word_1_173' title='bbox 758 1630 872 1686; x_wconf 81' lang='lat' dir='ltr'>Ergo</span> <span class='ocrx_word' id='word_1_174' title='bbox 888 1627 1030 1687; x_wconf 85' lang='lat' dir='ltr'>primo</span> <span class='ocrx_word' id='word_1_175' title='bbox 1047 1627 1361 1671; x_wconf 87' lang='lat' dir='ltr'>Tractatoriam</span> <span class='ocrx_word' id='word_1_176' title='bbox 1379 1626 1434 1672; x_wconf 93' lang='lat' dir='ltr'>de</span> 
     </span>
     <span class='ocr_line' id='line_1_21' title="bbox 35 1697 1434 1760; baseline 0 -17"><span class='ocrx_word' id='word_1_177' title='bbox 35 1698 111 1744; x_wconf 90' lang='lat' dir='ltr'>illo</span> <span class='ocrx_word' id='word_1_178' title='bbox 128 1699 362 1755; x_wconf 89' lang='lat' dir='ltr'>miserunt,</span> <span class='ocrx_word' id='word_1_179' title='bbox 379 1708 700 1760; x_wconf 86' lang='lat' dir='ltr'>conquerentes</span> <span class='ocrx_word' id='word_1_180' title='bbox 720 1699 822 1758; x_wconf 88' lang='lat' dir='ltr'>quia</span> <span class='ocrx_word' id='word_1_181' title='bbox 840 1699 983 1743; x_wconf 90' lang='lat' dir='ltr'>noluit</span> <span class='ocrx_word' id='word_1_182' title='bbox 1001 1698 1057 1742; x_wconf 89' lang='lat' dir='ltr'>ad</span> <span class='ocrx_word' id='word_1_183' title='bbox 1075 1697 1172 1743; x_wconf 87' lang='lat' dir='ltr'>illos</span> <span class='ocrx_word' id='word_1_184' title='bbox 1190 1699 1304 1742; x_wconf 81' lang='lat' dir='ltr'>exire</span> <span class='ocrx_word' id='word_1_185' title='bbox 1320 1699 1434 1744; x_wconf 90' lang='lat' dir='ltr'>:hoc</span> 
     </span>
     <span class='ocr_line' id='line_1_22' title="bbox 36 1767 1434 1829; baseline -0.001 -16"><span class='ocrx_word' id='word_1_186' title='bbox 36 1769 152 1813; x_wconf 91' lang='lat' dir='ltr'>enim</span> <span class='ocrx_word' id='word_1_187' title='bbox 183 1769 369 1813; x_wconf 85' lang='lat' dir='ltr'>maxime</span> <span class='ocrx_word' id='word_1_188' title='bbox 398 1769 625 1828; x_wconf 87' lang='lat' dir='ltr'>conquesti</span> <span class='ocrx_word' id='word_1_189' title='bbox 654 1777 771 1813; x_wconf 90' lang='lat' dir='ltr'>sunt.</span> <span class='ocrx_word' id='word_1_190' title='bbox 805 1767 917 1814; x_wconf 89' lang='lat' dir='ltr'>Vide</span> <span class='ocrx_word' id='word_1_191' title='bbox 949 1768 1173 1829; x_wconf 87' lang='lat' dir='ltr'>quomodo</span> <span class='ocrx_word' id='word_1_192' title='bbox 1204 1768 1288 1812; x_wconf 88' lang='lat' dir='ltr'>illis</span> <span class='ocrx_word' id='word_1_193' title='bbox 1319 1772 1434 1813; x_wconf 87' lang='lat' dir='ltr'>Deus</span> 
     </span>
     <span class='ocr_line' id='line_1_23' title="bbox 36 1838 1434 1900; baseline 0 -17"><span class='ocrx_word' id='word_1_194' title='bbox 36 1838 227 1883; x_wconf 86' lang='lat' dir='ltr'>reddidit</span> <span class='ocrx_word' id='word_1_195' title='bbox 247 1838 367 1900; x_wconf 87' lang='lat' dir='ltr'>quod</span> <span class='ocrx_word' id='word_1_196' title='bbox 389 1838 444 1883; x_wconf 92' lang='lat' dir='ltr'>de</span> <span class='ocrx_word' id='word_1_197' title='bbox 461 1839 694 1884; x_wconf 70' lang='lat' dir='ltr'>Caeciliano</span> <span class='ocrx_word' id='word_1_198' title='bbox 711 1839 928 1884; x_wconf 75' lang='lat' dir='ltr'>dixerunt.</span> <span class='ocrx_word' id='word_1_199' title='bbox 949 1840 1059 1884; x_wconf 86' lang='lat' dir='ltr'>Mira</span> <span class='ocrx_word' id='word_1_200' title='bbox 1077 1838 1316 1883; x_wconf 81' lang='lat' dir='ltr'>similitudo</span> <span class='ocrx_word' id='word_1_201' title='bbox 1333 1855 1342 1880; x_wconf 76' lang='lat' dir='ltr'>t</span> <span class='ocrx_word' id='word_1_202' title='bbox 1359 1854 1434 1883; x_wconf 88' lang='lat' dir='ltr'>vo-</span> 
     </span>
     <span class='ocr_line' id='line_1_24' title="bbox 35 1909 1433 1971; baseline -0.001 -16"><span class='ocrx_word' id='word_1_203' title='bbox 35 1909 118 1955; x_wconf 92' lang='lat' dir='ltr'>luit</span> <span class='ocrx_word' id='word_1_204' title='bbox 127 1913 240 1954; x_wconf 86' lang='lat' dir='ltr'>Deus</span> <span class='ocrx_word' id='word_1_205' title='bbox 249 1919 345 1971; x_wconf 90' lang='lat' dir='ltr'>post</span> <span class='ocrx_word' id='word_1_206' title='bbox 357 1918 422 1955; x_wconf 90' lang='lat' dir='ltr'>tot</span> <span class='ocrx_word' id='word_1_207' title='bbox 431 1926 567 1954; x_wconf 89' lang='lat' dir='ltr'>annos</span> <span class='ocrx_word' id='word_1_208' title='bbox 579 1909 793 1954; x_wconf 87' lang='lat' dir='ltr'>resolvere</span> <span class='ocrx_word' id='word_1_209' title='bbox 805 1909 887 1954; x_wconf 89' lang='lat' dir='ltr'>illis</span> <span class='ocrx_word' id='word_1_210' title='bbox 898 1910 944 1954; x_wconf 91' lang='lat' dir='ltr'>in</span> <span class='ocrx_word' id='word_1_211' title='bbox 958 1909 1111 1955; x_wconf 86' lang='lat' dir='ltr'>faciem</span> <span class='ocrx_word' id='word_1_212' title='bbox 1124 1909 1245 1970; x_wconf 90' lang='lat' dir='ltr'>quod</span> <span class='ocrx_word' id='word_1_213' title='bbox 1262 1919 1433 1968; x_wconf 84' lang='lat' dir='ltr'>gestum</span> 
     </span>
     <span class='ocr_line' id='line_1_25' title="bbox 36 1979 1433 2042; baseline -0.001 -17"><span class='ocrx_word' id='word_1_214' title='bbox 36 1990 101 2026; x_wconf 87' lang='lat' dir='ltr'>est</span> <span class='ocrx_word' id='word_1_215' title='bbox 114 2016 125 2036; x_wconf 88' lang='lat'>,</span> <span class='ocrx_word' id='word_1_216' title='bbox 151 1990 201 2025; x_wconf 89' lang='lat' dir='ltr'>ut</span> <span class='ocrx_word' id='word_1_217' title='bbox 214 1981 394 2026; x_wconf 91' lang='lat' dir='ltr'>omnino</span> <span class='ocrx_word' id='word_1_218' title='bbox 415 1980 535 2025; x_wconf 90' lang='lat' dir='ltr'>unde</span> <span class='ocrx_word' id='word_1_219' title='bbox 552 1979 825 2025; x_wconf 90' lang='lat' dir='ltr'>dissimulent</span> <span class='ocrx_word' id='word_1_220' title='bbox 847 1990 891 2025; x_wconf 92' lang='lat' dir='ltr'>et</span> <span class='ocrx_word' id='word_1_221' title='bbox 912 1996 998 2042; x_wconf 89' lang='lat' dir='ltr'>qua</span> <span class='ocrx_word' id='word_1_222' title='bbox 1022 1980 1237 2039; x_wconf 81' lang='lat' dir='ltr'>effugiant</span> <span class='ocrx_word' id='word_1_223' title='bbox 1255 1995 1345 2025; x_wconf 92' lang='lat' dir='ltr'>non</span> <span class='ocrx_word' id='word_1_224' title='bbox 1360 1980 1433 2024; x_wconf 86' lang='lat' dir='ltr'>in·—</span> 
     </span>
     <span class='ocr_line' id='line_1_26' title="bbox 36 2051 1432 2112; baseline -0.001 -16"><span class='ocrx_word' id='word_1_225' title='bbox 36 2052 228 2097; x_wconf 89' lang='lat' dir='ltr'>veniant.</span> <span class='ocrx_word' id='word_1_226' title='bbox 248 2051 419 2096; x_wconf 86' lang='lat' dir='ltr'>Oblitos</span> <span class='ocrx_word' id='word_1_227' title='bbox 436 2068 481 2096; x_wconf 91' lang='lat' dir='ltr'>se</span> <span class='ocrx_word' id='word_1_228' title='bbox 498 2051 693 2096; x_wconf 89' lang='lat' dir='ltr'>dicerent</span> <span class='ocrx_word' id='word_1_229' title='bbox 710 2068 810 2112; x_wconf 82' lang='lat' dir='ltr'>quae</span> <span class='ocrx_word' id='word_1_230' title='bbox 838 2061 956 2110; x_wconf 84' lang='lat' dir='ltr'>gesta</span> <span class='ocrx_word' id='word_1_231' title='bbox 979 2061 1081 2096; x_wconf 89' lang='lat' dir='ltr'>sunt</span> <span class='ocrx_word' id='word_1_232' title='bbox 1103 2061 1227 2110; x_wconf 79' lang='lat' dir='ltr'>ante3</span> <span class='ocrx_word' id='word_1_233' title='bbox 1252 2067 1342 2096; x_wconf 91' lang='lat' dir='ltr'>non</span> <span class='ocrx_word' id='word_1_234' title='bbox 1360 2067 1432 2096; x_wconf 91' lang='lat' dir='ltr'>eos</span> 
     </span>
     <span class='ocr_line' id='line_1_27' title="bbox 36 2122 1428 2183; baseline -0.001 -14"><span class='ocrx_word' id='word_1_235' title='bbox 36 2126 152 2169; x_wconf 91' lang='lat' dir='ltr'>Deus</span> <span class='ocrx_word' id='word_1_236' title='bbox 174 2123 275 2168; x_wconf 86' lang='lat' dir='ltr'>sinit</span> <span class='ocrx_word' id='word_1_237' title='bbox 297 2122 516 2180; x_wconf 77' lang='lat' dir='ltr'>oblivisci3</span> <span class='ocrx_word' id='word_1_238' title='bbox 540 2132 671 2183; x_wconf 89' lang='lat' dir='ltr'>atque</span> <span class='ocrx_word' id='word_1_239' title='bbox 696 2124 866 2167; x_wconf 88' lang='lat' dir='ltr'>utinam</span> <span class='ocrx_word' id='word_1_240' title='bbox 887 2122 1030 2168; x_wconf 87' lang='lat' dir='ltr'>valeat</span> <span class='ocrx_word' id='word_1_241' title='bbox 1051 2124 1110 2166; x_wconf 90' lang='lat' dir='ltr'>eis</span> <span class='ocrx_word' id='word_1_242' title='bbox 1133 2122 1190 2167; x_wconf 89' lang='lat' dir='ltr'>ad</span> <span class='ocrx_word' id='word_1_243' title='bbox 1217 2122 1398 2167; x_wconf 89' lang='lat' dir='ltr'>salutem</span> <span class='ocrx_word' id='word_1_244' title='bbox 1419 2124 1428 2167; x_wconf 70' lang='grc' dir='ltr'>Ι</span> 
     </span>
     <span class='ocr_line' id='line_1_28' title="bbox 36 2192 1433 2254; baseline -0.001 -15"><span class='ocrx_word' id='word_1_245' title='bbox 36 2197 146 2240; x_wconf 91' lang='lat' dir='ltr'>Nam</span> <span class='ocrx_word' id='word_1_246' title='bbox 166 2193 460 2238; x_wconf 89' lang='lat' dir='ltr'>misericordia</span> <span class='ocrx_word' id='word_1_247' title='bbox 477 2209 553 2237; x_wconf 87' lang='lat' dir='ltr'>sua</span> <span class='ocrx_word' id='word_1_248' title='bbox 574 2193 679 2238; x_wconf 83' lang='lat' dir='ltr'>fecit</span> <span class='ocrx_word' id='word_1_249' title='bbox 698 2195 782 2238; x_wconf 89' lang='lat' dir='ltr'>hoc</span> <span class='ocrx_word' id='word_1_250' title='bbox 805 2197 920 2238; x_wconf 89' lang='lat' dir='ltr'>Deus</span> <span class='ocrx_word' id='word_1_251' title='bbox 934 2230 945 2249; x_wconf 73' lang='lat'>⁷</span> <span class='ocrx_word' id='word_1_252' title='bbox 966 2194 1000 2238; x_wconf 88' lang='lat' dir='ltr'>si</span> <span class='ocrx_word' id='word_1_253' title='bbox 1025 2193 1303 2238; x_wconf 85' lang='lat' dir='ltr'>considerent</span> <span class='ocrx_word' id='word_1_254' title='bbox 1324 2192 1433 2254; x_wconf 87' lang='lat' dir='ltr'>quid</span> 
     </span>
     <span class='ocr_line' id='line_1_29' title="bbox 36 2263 1431 2323; baseline 0 -15"><span class='ocrx_word' id='word_1_255' title='bbox 36 2265 90 2308; x_wconf 88' lang='lat' dir='ltr'>sit</span> <span class='ocrx_word' id='word_1_256' title='bbox 105 2263 286 2309; x_wconf 75' lang='lat' dir='ltr'>factum,</span> <span class='ocrx_word' id='word_1_257' title='bbox 310 2264 462 2308; x_wconf 93' lang='lat' dir='ltr'>Ponite</span> <span class='ocrx_word' id='word_1_258' title='bbox 487 2279 589 2323; x_wconf 85' lang='lat' dir='ltr'>ergo</span> <span class='ocrx_word' id='word_1_259' title='bbox 608 2264 732 2308; x_wconf 89' lang='lat' dir='ltr'>vobis</span> <span class='ocrx_word' id='word_1_260' title='bbox 751 2273 852 2308; x_wconf 88' lang='lat' dir='ltr'>ante</span> <span class='ocrx_word' id='word_1_261' title='bbox 874 2263 1023 2308; x_wconf 87' lang='lat' dir='ltr'>oculos</span> <span class='ocrx_word' id='word_1_262' title='bbox 1042 2299 1052 2318; x_wconf 82' lang='lat'><strong>‚</strong></span> <span class='ocrx_word' id='word_1_263' title='bbox 1076 2263 1230 2307; x_wconf 85' lang='lat' dir='ltr'>fratres</span> <span class='ocrx_word' id='word_1_264' title='bbox 1245 2299 1255 2318; x_wconf 88' lang='lat'>,</span> <span class='ocrx_word' id='word_1_265' title='bbox 1281 2264 1431 2308; x_wconf 89' lang='lat' dir='ltr'>unita-</span> 
     </span>
     <span class='ocr_line' id='line_1_30' title="bbox 36 2334 1432 2390; baseline 0 -11"><span class='ocrx_word' id='word_1_266' title='bbox 36 2344 126 2379; x_wconf 87' lang='lat' dir='ltr'>tem</span> <span class='ocrx_word' id='word_1_267' title='bbox 143 2344 249 2379; x_wconf 91' lang='lat' dir='ltr'>tunc</span> <span class='ocrx_word' id='word_1_268' title='bbox 270 2334 387 2379; x_wconf 90' lang='lat' dir='ltr'>orbis</span> <span class='ocrx_word' id='word_1_269' title='bbox 405 2343 620 2378; x_wconf 90' lang='lat' dir='ltr'>terrarum</span> <span class='ocrx_word' id='word_1_270' title='bbox 634 2369 645 2390; x_wconf 87' lang='lat'>‚</span> <span class='ocrx_word' id='word_1_271' title='bbox 664 2334 785 2379; x_wconf 89' lang='lat' dir='ltr'>unde</span> <span class='ocrx_word' id='word_1_272' title='bbox 808 2350 852 2379; x_wconf 86' lang='lat' dir='ltr'>se</span> <span class='ocrx_word' id='word_1_273' title='bbox 873 2334 943 2378; x_wconf 90' lang='lat' dir='ltr'>isti</span> <span class='ocrx_word' id='word_1_274' title='bbox 963 2334 1203 2378; x_wconf 87' lang='lat' dir='ltr'>diviserunt</span> <span class='ocrx_word' id='word_1_275' title='bbox 1225 2334 1432 2379; x_wconf 87' lang='lat' dir='ltr'>adversus</span> 
     </span>
     <span class='ocr_line' id='line_1_31' title="bbox 37 2403 1431 2464; baseline 0.001 -16"><span class='ocrx_word' id='word_1_276' title='bbox 37 2403 342 2449; x_wconf 76' lang='lat' dir='ltr'>Caecilianum:</span> <span class='ocrx_word' id='word_1_277' title='bbox 368 2404 519 2464; x_wconf 89' lang='lat' dir='ltr'>ponite</span> <span class='ocrx_word' id='word_1_278' title='bbox 536 2404 669 2449; x_wconf 90' lang='lat' dir='ltr'>modo</span> <span class='ocrx_word' id='word_1_279' title='bbox 692 2413 736 2448; x_wconf 92' lang='lat' dir='ltr'>et</span> <span class='ocrx_word' id='word_1_280' title='bbox 753 2414 923 2464; x_wconf 86' lang='lat' dir='ltr'>partem</span> <span class='ocrx_word' id='word_1_281' title='bbox 938 2405 1096 2449; x_wconf 90' lang='lat' dir='ltr'>Donati</span> <span class='ocrx_word' id='word_1_282' title='bbox 1113 2439 1123 2458; x_wconf 89' lang='lat'>‚</span> <span class='ocrx_word' id='word_1_283' title='bbox 1145 2403 1265 2448; x_wconf 88' lang='lat' dir='ltr'>unde</span> <span class='ocrx_word' id='word_1_284' title='bbox 1281 2420 1325 2449; x_wconf 91' lang='lat' dir='ltr'>se</span> <span class='ocrx_word' id='word_1_285' title='bbox 1342 2407 1431 2449; x_wconf 90' lang='lat' dir='ltr'>Ma-</span> 
     </span>
     <span class='ocr_line' id='line_1_32' title="bbox 37 2473 1430 2528; baseline 0.001 -10"><span class='ocrx_word' id='word_1_286' title='bbox 37 2475 293 2520; x_wconf 86' lang='lat' dir='ltr'>ximianistae</span> <span class='ocrx_word' id='word_1_287' title='bbox 326 2474 567 2520; x_wconf 84' lang='lat' dir='ltr'>diviserunt</span> <span class='ocrx_word' id='word_1_288' title='bbox 598 2475 802 2520; x_wconf 88' lang='lat' dir='ltr'>adversus</span> <span class='ocrx_word' id='word_1_289' title='bbox 836 2475 1120 2519; x_wconf 89' lang='lat' dir='ltr'>Primianum.</span> <span class='ocrx_word' id='word_1_290' title='bbox 1158 2473 1289 2528; x_wconf 94' lang='lat' dir='ltr'>Quod</span> <span class='ocrx_word' id='word_1_291' title='bbox 1323 2484 1430 2520; x_wconf 89' lang='lat' dir='ltr'>tunc</span> 
     </span>
     <span class='ocr_line' id='line_1_33' title="bbox 36 2544 1428 2605; baseline 0.001 -17"><span class='ocrx_word' id='word_1_292' title='bbox 36 2544 101 2589; x_wconf 90' lang='lat' dir='ltr'>illi</span> <span class='ocrx_word' id='word_1_293' title='bbox 122 2545 370 2602; x_wconf 64' lang='lat' dir='ltr'>Caeciliano,</span> <span class='ocrx_word' id='word_1_294' title='bbox 386 2547 470 2591; x_wconf 90' lang='lat' dir='ltr'>hoc</span> <span class='ocrx_word' id='word_1_295' title='bbox 482 2561 602 2591; x_wconf 87' lang='lat' dir='ltr'>nunc</span> <span class='ocrx_word' id='word_1_296' title='bbox 618 2546 688 2591; x_wconf 89' lang='lat' dir='ltr'>isti</span> <span class='ocrx_word' id='word_1_297' title='bbox 704 2545 902 2591; x_wconf 87' lang='lat' dir='ltr'>fecerunt</span> <span class='ocrx_word' id='word_1_298' title='bbox 916 2545 1178 2590; x_wconf 82' lang='lat' dir='ltr'>Priamiano.</span> <span class='ocrx_word' id='word_1_299' title='bbox 1194 2548 1428 2605; x_wconf 88' lang='lat' dir='ltr'>Propterea</span> 
     </span>
    </p>
   </div>
   <div class='ocr_carea' id='block_1_3' title="bbox 89 2630 633 2664">
    <p class='ocr_par' dir='ltr' id='par_1_3' title="bbox 89 2630 633 2664">
     <span class='ocr_line' id='line_1_34' title="bbox 89 2630 633 2664; baseline -0.002 -1"><span class='ocrx_word' id='word_1_300' title='bbox 89 2637 99 2654; x_wconf 89' lang='lat'><em>¹</em></span> <span class='ocrx_word' id='word_1_301' title='bbox 115 2630 363 2664; x_wconf 79' lang='lat' dir='ltr'>Maximianistae.</span> <span class='ocrx_word' id='word_1_302' title='bbox 386 2648 427 2655; x_wconf 79' lang='lat'>--</span> <span class='ocrx_word' id='word_1_303' title='bbox 447 2638 459 2654; x_wconf 87' lang='lat'>²</span> <span class='ocrx_word' id='word_1_304' title='bbox 474 2631 633 2664; x_wconf 84' lang='lat' dir='ltr'>Primiani.</span> 
     </span>
    </p>
   </div>
  </div>
 </body>
</html>
