1841 3223
457 251 696 283 ENAnnArio
728 256 773 282 ln
805 251 1007 282 PsALMUM
1039 256 1109 282 xt.
1375 246 1452 282 221

78 316 287 361 momenti
307 317 543 373 hominem,
560 320 635 378 qui
653 335 741 364 non
764 320 906 380 potuit
927 335 950 363 a
968 335 1010 364 se
1023 327 1206 363 mortem
1222 318 1453 378 depellere.

77 387 162 432 Ubi
182 387 228 431 in
248 388 424 432 nomine
447 389 537 448 ejus
561 389 670 432 vidit
692 405 864 433 currere
893 404 1026 447 genus
1055 390 1318 444 humanum,
1350 389 1459 432 vidit

76 458 179 517 quia
197 458 431 502 innomine
453 458 644 503 crucifixi
662 458 819 518 templa
842 459 1171 514 subvertuntur,
1194 458 1312 503 idola
1334 458 1455 502 fran-

78 536 256 586 guntur,
291 528 496 573 sacrificia
529 529 845 588 extinguuntur
868 547 877 573 :
903 538 947 572 et
969 529 1063 574 haec
1086 529 1230 573 omnia
1252 528 1459 589 praedicta

76 600 122 641 in
142 598 367 657 Prophetis
388 598 675 643 attenduntur
696 599 750 643 ab
773 598 1040 654 hominibus,
1061 598 1344 644 admiratione
1364 609 1458 644 stu-

74 668 295 728 pentibus,
312 677 355 712 et
370 667 672 714 claudentibus
679 670 769 730 jam
785 684 859 714 cor
874 669 1077 714 adversus
1092 669 1458 728 vituperationem

75 737 260 796 Christi,
282 739 426 784 induit
457 754 501 784 se
521 739 726 784 laudibus
748 739 935 795 Christi,
967 748 1010 784 et
1031 739 1166 799 coepit
1198 756 1222 784 a
1253 739 1339 783 fide
1375 739 1458 784 alio

75 807 207 853 modo
225 802 457 854 deterrere.
481 813 639 869 Magna
664 809 734 854 lex
750 819 813 854 est
834 809 1082 864 christiana,
1103 818 1256 868 potens
1279 808 1353 853 illa
1370 809 1454 863 lex,

75 878 243 935 divina,
268 879 500 924 ineffabilis
519 899 527 924 :
547 879 621 924 sed
639 880 734 940 quis
755 879 874 924 illam
895 879 1072 939 implet?
1091 883 1142 924 In
1165 880 1342 925 nomine
1366 879 1460 924 Sal-

74 949 230 995 vatoris
265 950 400 994 nostri
435 949 687 994 conculcate
719 949 890 994 leonem
923 959 966 993 et
996 950 1272 994 draconem¹.
1298 953 1459 1009 Aperte

75 1021 436 1081 reprehendendo
459 1022 672 1066 fremebat
700 1022 790 1077 leo,
826 1031 964 1065 astute
987 1021 1208 1066 laudando
1230 1020 1459 1066 insidiatur

73 1091 220 1137 draco.
257 1092 445 1136 Veniant
476 1091 531 1136 ad
562 1092 695 1136 fidem
724 1092 800 1151 qui
833 1091 1096 1136 dubitabant
1122 1108 1130 1132 :
1158 1108 1247 1136 non
1271 1091 1419 1136 dicant
1443 1108 1452 1134 ε

72 1163 178 1216 Quis
203 1163 286 1207 hoc
307 1161 485 1221 implet?
507 1163 549 1207 Si
572 1161 626 1206 de
648 1162 812 1206 viribus
832 1163 917 1207 suis
941 1172 1237 1222 praesumunt,
1265 1179 1355 1207 non
1376 1163 1459 1206 im-

69 1232 270 1293 plebunt.
296 1232 603 1277 Praesumendo
617 1232 671 1276 de
685 1233 817 1291 gratia
841 1233 918 1277 Dei
941 1233 1136 1289 credant,
1152 1232 1456 1293 praesumendo

69 1304 266 1359 veniant,
283 1303 521 1361 adjuvandi
541 1303 734 1359 Veniant,
753 1319 842 1348 non
855 1302 1097 1363 judicandi.
1120 1304 1284 1348 Vivunt
1307 1318 1456 1348 omnes

69 1374 219 1419 fideles
237 1375 279 1420 in
304 1375 480 1420 nomine
502 1375 660 1420 Christi
678 1410 689 1430 ,
710 1375 896 1435 quisque
913 1391 992 1435 pro
1011 1375 1147 1433 gradu
1171 1391 1249 1420 suo
1272 1375 1458 1434 implens

69 1454 286 1506 praecepta
303 1446 488 1501 Christi,
514 1446 601 1490 sive
618 1447 823 1505 conjuges
837 1481 847 1501 ,
873 1446 961 1490 sive
978 1445 1156 1491 coelibes
1179 1455 1222 1489 et
1242 1446 1430 1504 virgines
1443 1481 1454 1501 ,

69 1517 218 1562 vivunt
245 1526 459 1577 quantum
480 1516 615 1562 donat
632 1517 841 1562 Dominus
864 1518 922 1561 eis
944 1517 1112 1573 vivere,
1133 1532 1276 1577 neque
1299 1516 1353 1560 de
1371 1517 1458 1561 suis

68 1587 235 1632 viribus
255 1596 542 1647 praesumunt,
559 1587 635 1631 sed
653 1596 871 1632 noverunt
884 1602 927 1632 se
944 1588 987 1630 in
1000 1586 1075 1631 illo
1088 1586 1247 1631 debere
1266 1586 1454 1645 gloriari.

75 1677 95 1700 «
129 1658 246 1711 Quid
267 1659 382 1702 enim
405 1658 560 1713 habes,
586 1658 707 1717 quod
730 1673 820 1702 non
849 1658 1076 1717 accepisti?
1102 1658 1145 1702 Si
1167 1667 1311 1701 autem
1335 1673 1459 1702 acce-

72 1746 94 1770 »
128 1728 251 1787 pisti,
276 1728 383 1788 quid
405 1727 599 1786 gloriaris
621 1729 742 1787 quasi
756 1744 843 1772 non
863 1728 1075 1787 acceperis
1090 1729 1136 1772 ²?
1153 1746 1171 1768 >³
1193 1727 1292 1773 Noli
1311 1727 1456 1772 dicere

71 1799 202 1843 mihi:
227 1798 332 1852 Quis
349 1797 460 1842 illud
477 1798 654 1857 implet?
672 1797 750 1842 Ille
765 1798 811 1841 in
832 1813 901 1842 me
918 1797 1084 1857 implet,
1103 1798 1179 1858 qui
1199 1798 1317 1842 venit
1339 1798 1458 1842 dives

72 1868 128 1914 ad
149 1883 384 1929 pauperem
409 1888 418 1913 ε
441 1883 608 1928 pauper
643 1867 819 1929 quidem
842 1867 896 1911 ad
918 1883 1176 1929 pauperem,
1198 1866 1272 1913 sed
1303 1867 1457 1927 plenus

73 1939 130 1984 ad
145 1939 335 1984 inanem.
357 1940 462 1983 Haec
478 1938 671 1997 cogitans
687 1972 698 1993 ,
719 1937 820 1998 quia
840 1936 1044 1996 intelligit
1061 1953 1190 1998 super
1205 1953 1392 1996 egenum
1415 1947 1459 1982 ct

71 2024 333 2070 pauperem,
371 2018 415 2053 et
435 2024 525 2053 non
555 2017 809 2069 aspernatur
835 2017 1138 2068 paupertatem
1170 2008 1355 2063 Christi,
1386 2008 1458 2052 in-

73 2079 230 2139 telligit
251 2079 419 2125 divitias
434 2079 617 2134 Christi,
640 2079 690 2123 fit
711 2079 864 2123 beatus
882 2079 928 2122 in
942 2087 1078 2135 terra,
1094 2087 1137 2122 et
1158 2093 1246 2122 non
1270 2077 1458 2123 traditur

73 2149 120 2194 in
139 2164 293 2194 manus
315 2149 479 2193 inimici
496 2149 587 2204 sui,
611 2148 796 2193 volentis
820 2148 859 2192 ei
876 2148 1156 2208 persuadere,
1182 2157 1233 2192 ut
1250 2152 1362 2193 Deus
1385 2164 1458 2193 co-

73 2219 189 2264 latur
211 2228 389 2279 propter
409 2218 600 2264 coelestia
618 2253 629 2274 ,
655 2217 852 2262 diabolus
883 2216 1051 2262 colatur
1071 2227 1249 2278 propter
1267 2228 1454 2263 terrena.

77 2307 99 2332 ι(
131 2292 230 2336 Non
246 2289 389 2334 tradat
409 2305 510 2334 eum
530 2290 576 2333 in
592 2305 745 2333 manus
760 2288 925 2332 inimici
947 2289 1051 2348 ejus.
1081 2306 1101 2329 »

132 2363 186 2405 V.
225 2352 476 2406 «Dominus
509 2375 636 2420 opem
666 2359 778 2403 fe'at
806 2357 910 2402 illiss.
949 2375 969 2399 »
1005 2357 1089 2403 Sed
1116 2358 1221 2402 ubi?
1253 2362 1385 2404 Forte
1413 2359 1458 2404 in

75 2430 188 2475 coelo
202 2465 213 2486 ,
238 2429 351 2475 forte
370 2430 416 2474 in
431 2430 519 2475 vita
539 2438 698 2473 aeterna
716 2463 727 2484 ,
752 2438 803 2473 ut
825 2436 954 2472 restet
975 2427 1209 2472 colendum
1232 2429 1458 2474 diabolum

75 2511 252 2561 propter
272 2501 462 2561 inopiam
482 2509 698 2546 terrenam
714 2535 725 2556 ,
749 2508 927 2559 propter
949 2499 1221 2545 necessitates
1239 2500 1368 2561 hujus
1389 2501 1457 2546 vi-

124 2593 133 2609 ¹
152 2585 298 2628 psal-xe,
320 2584 371 2618 13.
392 2600 434 2610 —-
454 2592 467 2609 ²
489 2595 502 2619 1
524 2586 596 2618 Cor.
620 2595 666 2626 w,
689 2595 720 2626 7.
739 2597 781 2608 -—-
801 2580 815 2607 3
830 2583 909 2616 Psal.
930 2593 984 2625 xz,
1008 2582 1039 2625 4.
