1841 3223
383 154 467 193 480
825 162 858 190 s.
895 162 1126 191 Accessum
1159 164 1340 191 EPISCOPI

382 230 480 274 ideo
499 229 618 273 radix
643 229 733 288 ejus
755 226 964 272 evelletur
983 228 1037 272 de
1056 236 1167 272 terra
1188 227 1445 272 viventium.
1476 230 1601 285 «Ego
1624 236 1770 271 autem

383 319 404 341 n
441 300 543 360 quia
565 299 676 342 sicut
697 297 809 342 oliva
834 294 1056 342 fructifera
1088 299 1132 341 in
1163 297 1293 342 domo
1324 297 1399 342 Dei
1417 333 1427 353 ,
1454 316 1472 338 »
1500 300 1623 358 cujus
1654 296 1772 341 radix

382 372 591 425 nutritur⁷
612 385 700 413 non
719 368 963 412 eradicatur
989 388 997 413 z
1028 370 1236 428 «Speravi
1254 369 1300 412 in
1323 368 1611 412 misericordia
1635 368 1724 411 Dei.
1749 385 1768 407 »

385 440 470 486 Sed
491 441 603 485 forte
636 439 793 484 modo?
814 443 923 485 Nam
942 449 985 484 et
1006 440 1107 484 hinc
1129 450 1276 484 errant
1300 440 1494 484 homines
1517 437 1769 499 aliquando.

382 514 521 556 Deum
536 510 712 572 quidem
738 510 916 567 colunt,
940 520 983 555 et
1006 527 1093 555 non
1111 512 1315 569 suntjam
1333 510 1490 554 similes
1507 510 1575 554 isti
1596 509 1740 554 Doccli
1762 527 1769 553 :

382 582 457 626 sed
477 581 675 642 quamvis
692 581 745 624 de
771 584 858 625 Deo
877 590 1141 641 praesumant
1156 616 1166 636 ‚
1188 580 1243 624 ad
1262 580 1512 640 temporalia
1532 589 1677 624 tamen
1694 600 1705 637 3
1726 587 1777 622 ut

383 653 532 698 dicant
553 654 633 697 sibi
654 673 662 698 ;
688 652 796 698 Colo
818 657 954 697 Deum
981 668 1125 696 meum
1145 688 1155 708 ‚
1184 652 1260 712 qui
1281 668 1348 696 me
1367 651 1560 696 facturus
1583 661 1646 695 cst
1663 650 1776 695 divi-

386 734 468 769 tem
493 726 538 769 in
560 735 689 778 terra,
715 725 791 785 qui
810 724 917 768 milii
940 723 1048 768 filios
1072 723 1253 768 daturus
1271 732 1349 778 est,
1370 722 1446 783 qui
1469 722 1575 766 mihi
1598 722 1776 766 uxorem

384 796 568 840 daturus
590 805 666 840 est.
687 795 803 839 Talia
823 793 1002 854 quidem
1018 810 1107 838 non
1125 793 1200 837 dat
1222 793 1302 837 nisi
1324 796 1452 847 Deus,
1476 792 1551 836 sed
1573 808 1660 837 non
1682 791 1778 837 vult

383 882 426 911 se
449 876 627 927 propter
654 865 753 909 talia
777 865 898 923 diligi
924 868 1051 909 Deus.
1091 865 1196 909 Ideo
1225 865 1339 908 enim
1378 880 1491 924 saepe
1522 864 1600 908 ista
1629 863 1705 907 dat
1735 872 1777 907 et

384 939 534 993 malis,
568 947 618 982 ut
645 936 764 981 aliud
802 937 856 981 al)
882 936 956 981 illo
981 936 1147 981 discant
1169 952 1364 997 quaerere
1388 936 1507 980 boni.
1545 933 1778 988 Quomodo

385 1025 485 1068 ergo
509 1018 558 1053 tu
579 1008 684 1053 dicis
717 1027 726 1052 :
756 1027 775 1049 «
791 1007 965 1067 Speravi
988 1007 1033 1050 in
1056 1006 1347 1051 misericordia
1379 1007 1482 1050 Dei?
1503 1025 1522 1059 p
1561 1009 1690 1050 Forte
1723 1004 1778 1048 ad

386 1078 640 1139 temporalia
653 1078 960 1137 adipiscenda?
979 1081 1088 1133 Imo,
1114 1097 1134 1119 «
1150 1081 1201 1121 ln
1218 1086 1431 1121 aeternum
1450 1085 1492 1120 et
1511 1077 1553 1120 in
1569 1075 1778 1120 saeculum

389 1172 406 1193 »
443 1149 605 1196 saeculi.
635 1169 654 1192 »
677 1150 806 1204 Quod
829 1149 935 1193 dixit
956 1149 1002 1192 in
1021 1159 1234 1194 aeternum
1252 1185 1262 1205 ‚
1278 1168 1297 1190 »
1322 1158 1515 1208 repetere
1537 1147 1675 1193 voluit
1698 1147 1778 1191 ad-

379 1221 572 1282 jiciendo
610 1224 693 1265 «In
716 1220 924 1266 saeculum
948 1219 1119 1276 saeculi,
1139 1238 1158 1261 »
1188 1230 1238 1264 ut
1263 1221 1540 1265 confirmaret
1560 1218 1622 1262 ibi
1652 1233 1778 1277 repe-

385 1292 535 1348 tendo,
562 1308 695 1354 quam
718 1291 927 1336 fundatus
949 1302 1059 1336 esset
1077 1292 1123 1335 in
1145 1291 1377 1337 dilectione
1400 1290 1522 1350 regni
1545 1289 1775 1345 coelorum,

387 1374 432 1409 et
452 1364 497 1408 in
521 1380 594 1424 spe
617 1373 790 1408 aeternae
811 1362 1045 1407 felicitatis.

441 1438 584 1480 XVII.
602 1454 621 1476 «
638 1434 892 1479 Confitebor
908 1434 988 1477 tibi
1005 1433 1049 1477 in
1063 1432 1289 1488 saeculum,
1313 1432 1520 1493 quoniam
1542 1430 1680 1476 fecisti
1695 1432 1738 1474 1?
1756 1449 1776 1473 »

382 1507 498 1561 Quid
527 1526 547 1549 α
572 1506 742 1551 fecisti?
770 1525 788 1547 »
807 1505 956 1549 Doeeh
972 1504 1202 1559 damnasti,
1219 1504 1357 1549 David
1380 1503 1608 1548 coronasti.
1625 1522 1644 1544 «
1661 1505 1779 1548 Con-

387 1597 406 1619 »
443 1578 601 1622 fitebor
618 1577 698 1622 tibi
718 1577 762 1623 in
785 1575 1018 1630 sceculum,
1044 1575 1252 1635 quoniam
1277 1574 1432 1619 fecisti.
1460 1593 1480 1616 »
1505 1578 1661 1632 Magna
1681 1589 1781 1617 con-

385 1648 540 1704 sessio,
578 1648 838 1702 «Quoniam
873 1646 1027 1691 fecisti.
1060 1665 1078 1687 >2
1113 1646 1230 1699 Quid
1257 1665 1276 1687 α
1305 1645 1487 1700 Fecisti,
1516 1663 1535 1686 »
1570 1644 1651 1688 nisi
1686 1645 1780 1688 haec

385 1722 475 1780 ipsa
495 1737 595 1781 qute
617 1735 747 1780 supra
771 1719 885 1763 dicta
904 1728 1029 1773 sunt,
1052 1727 1101 1761 ut
1126 1728 1335 1777 tanquam
1354 1716 1466 1761 oliva
1489 1714 1713 1760 fructifera
1735 1716 1781 1759 in

382 1792 514 1838 domo
536 1792 628 1846 Dei,
654 1806 871 1851 sperarem
891 1791 935 1833 in
952 1789 1247 1833 misericordia
1267 1789 1345 1832 Dei
1363 1789 1405 1831 in
1427 1797 1656 1841 {eternium
1678 1796 1721 1831 et
1735 1787 1779 1830 in

382 1863 590 1909 saeculum
615 1862 793 1908 saeculi?
815 1865 881 1905 Tu
902 1861 1037 1905 fecisti
1064 1880 1072 1904 :
1098 1861 1255 1918 impius
1273 1859 1510 1919 justificare
1533 1874 1577 1902 se
1599 1874 1687 1902 non
1707 1874 1780 1917 po-

382 1944 480 1979 test.
517 1933 602 1979 Sed
632 1934 728 1994 quis
762 1941 826 1976 est
861 1932 937 1992 qui
967 1930 1205 1990 justificat?
1234 1949 1250 1969 κ
1279 1928 1508 1984 Credenti,
1535 1929 1679 1988 inquit
1698 1964 1709 1983 ‚
1735 1929 1779 1972 in

388 2026 405 2048 »
443 2021 543 2049 eum
565 2005 641 2065 qui
660 2004 870 2064 justificat
886 2002 1112 2061 impium2.
1133 2000 1247 2054 Quid
1269 2001 1384 2044 enim
1399 2001 1532 2044 habes
1551 1999 1668 2060 quod
1692 2015 1779 2044 non

388 2096 405 2118 »
441 2075 675 2135 accepisti?
700 2075 743 2119 Si
771 2083 917 2118 autem
942 2071 1171 2131 accepisti,
1197 2070 1306 2131 quid
1329 2070 1521 2128 gloriaris
1544 2070 1665 2130 quasi
1688 2086 1779 2114 non

387 2167 404 2189 »
441 2146 656 2206 acceperis
672 2181 682 2201 ‚
715 2144 839 2206 quasi
861 2159 911 2188 ex
933 2153 975 2187 te
997 2143 1216 2187 habeasss?
1244 2163 1261 2184 »
1290 2142 1416 2186 Absit
1438 2151 1488 2185 ut
1510 2156 1588 2199 ego
1607 2141 1665 2185 sic
1689 2140 1779 2200 glo-

382 2218 466 2262 rier
483 2254 494 2273 ‚
525 2218 583 2262 ait
613 2217 692 2261 iste
714 2217 790 2277 qui
813 2216 1036 2275 oppositus
1063 2224 1126 2258 est
1147 2223 1298 2258 contra
1322 2213 1494 2267 poculi,
1521 2213 1597 2272 qui
1625 2212 1779 2256 tolerat

382 2289 531 2334 Do'e'ch
554 2288 601 2332 in
635 2297 775 2342 terra⁷
811 2287 952 2331 donec
982 2285 1162 2344 emigret
1199 2284 1273 2329 ille
1307 2283 1360 2327 de
1392 2282 1701 2338 tabernaculo,
1735 2291 1779 2327 et

382 2359 626 2404 eradicetur
649 2358 703 2403 de
732 2367 843 2402 terra
866 2356 1121 2402 viventium.
1147 2359 1244 2401 Non
1269 2355 1430 2414 glorior
1449 2354 1573 2414 quasi
1595 2370 1682 2399 non
1704 2370 1777 2398 ac-

381 2430 594 2491 ceperim,
619 2429 696 2474 sed
724 2429 770 2472 in
796 2432 883 2473 Deo
906 2426 1080 2486 glorior.
1112 2430 1190 2482 Et,
1216 2445 1231 2466 «
1251 2425 1506 2472 Confitebor
1535 2425 1637 2482 tibi,
1662 2440 1777 2485 quo-

430 2521 439 2537 ¹
457 2513 604 2556 Psal.1.1‚
627 2525 678 2547 11.
700 2529 740 2537 ·—
761 2519 774 2537 ²
794 2515 886 2546 Rom.
903 2522 946 2553 iv,
971 2511 1002 2544 5.
1019 2526 1061 2534 —-
1088 2508 1101 2535 3
1123 2522 1136 2543 ι
1156 2511 1334 2554 Cor.1v,7.
