1841 3223
406 211 489 251 332
867 222 902 252 S.
937 221 1166 253 AUGUSTINI
1197 224 1379 253 EPISCOPI

404 289 566 333 diceret
584 308 592 334 :
618 291 716 334 Non
738 305 866 335 curro
889 290 1092 335 adversus
1106 293 1246 334 Deum
1264 290 1307 334 in
1328 305 1468 335 crassa
1487 290 1654 335 cervice
1681 291 1792 336 scuti

405 361 488 403 mei
509 379 517 403 :
549 379 568 402 «
594 360 678 413 Qui
701 361 820 420 prius
844 361 907 405 fui
931 361 1208 421 blasphemus
1224 396 1235 416 ‚
1260 370 1302 405 et
1322 370 1588 422 persecutor,
1619 370 1662 405 et
1682 362 1794 422 inju-

406 449 426 472 »
463 430 626 474 riosus¹
655 451 663 476 z
689 432 763 476 scd
784 432 884 477 ideo
912 433 1246 477 misericordiam
1264 442 1520 477 consecutus
1542 448 1662 488 sum,
1687 433 1795 477 utin

406 521 426 543 »
462 518 532 546 me
549 503 795 548 ostenderet
809 505 1004 549 Christus
1021 508 1143 549 Jesus
1164 519 1336 548 omnem
1354 499 1728 563 longanimitatem
1749 505 1794 548 in

408 592 428 614 »
465 589 535 618 eos
557 574 634 635 qui
656 574 862 620 credituri
885 576 1061 620 suntilli
1085 575 1129 619 in
1147 576 1279 619 vitam
1302 578 1555 619 aeteriiam².
1580 573 1794 619 Auferens

404 643 519 689 belia
543 661 679 706 usque
698 645 752 689 ad
778 647 883 690 fines
907 656 1044 690 terrae.
1070 665 1089 687 η
1112 645 1299 699 Quando
1323 654 1469 689 autem
1488 660 1565 689 nos
1584 645 1794 689 Dominus

404 716 605 775 suscipit,
628 717 844 777 numquid
876 718 1062 761 inermes
1095 716 1306 760 dimittit?
1328 719 1459 761 Arma
1480 732 1579 771 n05‚
1605 716 1681 761 sed
1702 716 1794 761 aliis

405 787 532 830 armis
553 823 563 841 ,
585 787 840 846 evangelicis
857 823 867 842 ‚
892 788 1107 843 veritatis,
1133 787 1413 832 continentiae
1430 822 1440 842 ,
1472 787 1644 842 salutis,
1673 787 1791 847 spei,

406 856 532 912 fidei,
570 858 805 902 charitatis.
833 860 937 902 Haec
960 874 1077 903 arma
1100 857 1381 912 habebimus,
1407 856 1482 901 sed
1500 873 1589 901 non
1610 874 1633 902 a
1648 857 1789 901 nobis.

404 931 535 972 Arma
566 937 710 972 autem
742 944 841 989 quae
865 945 888 972 a
910 929 1036 973 nobis
1059 928 1293 973 habuimus
1311 964 1321 983 ‚
1342 936 1538 972 arserunt
1560 947 1569 973 ε
1591 928 1624 972 si
1647 937 1794 972 tamen

405 1000 504 1057 igne
536 998 611 1043 illo
643 999 824 1059 Spiritus
845 1001 981 1044 sancti
1004 1000 1171 1044 accensi
1199 1015 1370 1054 sumus,
1396 999 1450 1043 de.
1473 1015 1562 1060 quo
1595 998 1755 1043 dicitur
1781 1018 1791 1044 ε

409 1087 430 1111 (ι
464 1072 654 1115 Etscuta
671 1071 900 1116 comburet
918 1071 1056 1131 igni.»
1075 1071 1159 1124 Qui
1179 1080 1333 1131 potens
1349 1070 1448 1114 inte
1468 1085 1557 1114 csse
1570 1069 1791 1129 cupiebas,

405 1140 628 1185 infirmum
650 1151 693 1186 te
716 1141 818 1187 fecit
836 1146 949 1187 Deus
966 1178 976 1198 ,
1003 1151 1051 1187 ut
1071 1141 1227 1187 fortem
1247 1151 1290 1186 te
1319 1139 1480 1186 faceret
1507 1140 1562 1186 de
1586 1157 1631 1186 se
1646 1176 1657 1196 ‚
1692 1140 1795 1202 quia

404 1211 691 1257 infirmabaris
710 1213 765 1258 de
786 1224 845 1258 te.

463 1286 583 1328 XIV.
620 1284 735 1337 Quid
758 1300 860 1343 ergo
882 1284 1111 1345 sequitur?
1138 1302 1157 1325 «
1175 1285 1351 1328 Vacate.
1369 1301 1390 1325 >›
1412 1283 1481 1327 Ad
1514 1298 1647 1344 quam
1672 1283 1795 1326 rem?

408 1373 428 1395 «
459 1356 516 1397 Et
536 1353 679 1398 videte
701 1355 909 1415 quoniam
925 1371 1006 1415 ego
1025 1370 1121 1399 sum
1143 1358 1257 1398 Deus
1280 1355 1311 1398 ³.
1334 1372 1353 1395 »
1373 1356 1466 1398 Hoc
1479 1363 1542 1397 est
1557 1389 1568 1409 ,
1585 1356 1683 1398 Non
1694 1368 1792 1408 vos,

404 1424 479 1470 sed
497 1441 577 1484 ego
595 1441 690 1469 sum
711 1430 825 1470 Deus
849 1446 857 1471 :
885 1443 965 1486 ego
987 1426 1151 1482 creavi,
1179 1441 1259 1484 ego
1280 1441 1450 1483 recreo3
1479 1441 1560 1484 ego
1580 1424 1792 1480 formavi,

405 1513 485 1555 ego
509 1496 698 1542 reformo
720 1520 730 1556 3
750 1513 828 1556 ego
845 1498 927 1542 feci
944 1534 955 1554 ,
978 1513 1057 1556 ego
1080 1499 1240 1542 reficio.
1279 1499 1319 1543 Si
1340 1514 1430 1542 non
1453 1497 1631 1558 potuisti
1654 1495 1796 1541 facere

405 1577 447 1612 te
463 1604 473 1623 ,
499 1569 722 1628 quomodo
744 1579 868 1630 potes
896 1570 1071 1614 reficere
1098 1579 1141 1614 te
1159 1572 1176 1612 ’ἓ
1200 1572 1293 1614 Hoc
1328 1585 1419 1614 non
1439 1569 1558 1614 videt
1582 1567 1797 1613 tumultus

404 1639 705 1684 contentiosus
723 1641 855 1684 animi
880 1640 1061 1684 humani
1081 1659 1089 1685 :
1116 1641 1186 1684 cui
1206 1640 1418 1685 tumultui
1441 1639 1711 1684 contentioso
1733 1640 1797 1683 di-

405 1711 519 1756 eitur
540 1731 549 1756 ;
577 1731 597 1754 «
622 1714 783 1756 Vacate
797 1747 807 1765 ‚
838 1729 858 1752 »
881 1711 925 1755 id
943 1720 1032 1766 est,
1059 1712 1279 1770 reprimite
1295 1711 1461 1755 animos
1472 1720 1635 1755 vestros
1654 1726 1677 1754 a
1695 1726 1798 1755 con-

406 1783 750 1828 tradictionibus.
776 1782 920 1827 Nolite
951 1782 1246 1842 argumentari
1276 1791 1318 1827 et
1348 1791 1555 1843 tanquam
1578 1782 1730 1826 armari
1754 1791 1797 1826 et

405 1863 557 1898 eontra
577 1858 716 1898 Deum
735 1874 743 1899 :
760 1853 952 1914 alioquin
962 1854 1116 1897 vivunt
1135 1869 1251 1897 arma
1275 1852 1805 1911 nondumilloignecom-·

407 1925 548 1969 busta.
596 1926 638 1969 Si
668 1933 814 1968 autem
843 1924 1069 1970 combusta
1098 1933 1226 1969 sunt:
1256 1943 1276 1966 «
1298 1926 1457 1967 Vacate
1483 1939 1492 1964 t
1520 1941 1541 1964 »
1568 1923 1669 1983 quia
1706 1939 1796 1968 non

406 1996 574 2039 habetis
590 1995 709 2040 unde
726 1995 995 2055 pugnetis.Si
1018 2005 1164 2039 autem
1185 1994 1435 2040 vacaveritis
1464 1994 1509 2038 in
1531 1994 1654 2039 vobis
1671 2030 1681 2049 ,
1708 2004 1752 2039 et
1773 2010 1796 2040 a

406 2081 476 2110 me
507 2066 712 2126 petieritis
737 2066 882 2110 omnia
902 2101 912 2120 ‚
939 2066 1014 2126 qui
1036 2065 1178 2125 primo
1200 2065 1255 2109 de
1277 2066 1399 2109 vobis
1433 2065 1756 2125 praesumebatis
1784 2084 1793 2110 :

409 2156 430 2180 «
455 2139 630 2192 Vacate,
649 2136 907 2180 etvidebitis
929 2136 1138 2196 quoniam
1161 2151 1242 2194 ego
1257 2151 1353 2179 sum
1376 2139 1505 2179 Deus.
1527 2154 1547 2176 »

464 2211 561 2253 XV.
602 2226 621 2249 «
653 2207 890 2252 Exaltahor
911 2207 958 2250 in
982 2207 1222 2262 Gentibus,
1247 2216 1292 2251 et
1305 2206 1527 2250 exaltabor
1547 2206 1593 2250 in
1616 2215 1745 2251 terra.
1771 2224 1792 2248 η

407 2279 543 2324 Paulo
569 2289 669 2324 ante
691 2279 883 2323 dixeram
909 2288 1036 2323 terrse
1064 2279 1241 2322 nomine
1263 2268 1495 2337 significari
1528 2287 1700 2336 gentem
1721 2280 1799 2321 Ju-

406 2351 625 2407 daeorum,
649 2351 777 2394 maris
814 2352 990 2394 nomine
1024 2358 1199 2393 caeteras
1215 2357 1378 2408 gentes.
1408 2368 1427 2390 «
1447 2348 1658 2393 Translati
1695 2357 1798 2393 sunt

409 2440 428 2462 »
463 2432 631 2466 montes
654 2422 698 2465 in
718 2421 930 2465 cormaris
957 2440 964 2464 :
991 2419 1264 2464 conturbatae
1283 2428 1383 2463 sunt
1394 2428 1542 2477 gentes
1559 2454 1569 2474 ‚
1589 2418 1805 2463 inclinata·

409 2511 430 2534 »
464 2502 566 2536 sunt
589 2508 742 2551 regna,
773 2491 896 2536 dedit
917 2506 1070 2535 vocem
1092 2506 1213 2535 suam
1243 2489 1506 2546 Altissimus‚
1533 2500 1576 2535 et
1596 2499 1712 2536 mota
1734 2498 1798 2534 est

456 2585 463 2600 ¹
491 2577 564 2610 Job.
584 2590 639 2619 xv,
661 2578 714 2609 25.
735 2595 774 2600 —
790 2584 803 2600 τ·
827 2589 838 2609 1
856 2577 937 2609 Tim.
953 2589 976 2618 1,
999 2575 1115 2609 13-16.
1144 2594 1184 2598 —
1207 2574 1479 2617 3Psal.x11v‚u.
