1841 3223
266 220 508 249 ENAnnATm
540 222 574 248 11
605 222 650 248 IN
683 220 886 249 PsALMUM
919 223 1081 262 xxxiv,
1114 222 1240 253 SERM.
1277 227 1326 252 11.
1418 217 1469 254 21

94 309 112 331 »
147 303 277 332 earne
296 289 423 333 una2.
443 307 461 328 »
481 286 522 331 Si
541 285 687 331 duoin
703 302 832 331 carne
853 304 956 343 una,
978 299 1111 349 quare
1133 306 1223 334 non
1244 299 1287 334 et
1308 291 1353 335 in
1367 307 1475 337 voce

90 361 206 403 una?
226 362 324 404 Non
346 358 462 402 enim
489 357 747 401 tentationes
770 368 902 417 caput
935 359 1005 403 hic
1027 359 1228 419 pertulit,
1254 370 1297 406 et
1318 377 1474 422 corpus

87 445 177 474 non
202 427 365 489 perfert
385 447 396 472 ε.
420 436 495 478 aut
519 442 622 471 vero
643 426 728 471 fuit
750 442 877 472 causa
905 430 1098 487 patiendi
1125 431 1278 490 capiti,
1311 432 1393 476 nisi
1425 443 1476 483 ut

88 500 259 560 corpori
294 498 511 560 praeberet
548 497 810 558 exemplum.
853 500 1062 544 Dominus
1102 502 1217 547 enim
1249 502 1474 549 voluntate

86 587 235 632 passus
262 580 349 626 est,
381 586 459 615 nos
482 569 734 615 necessitate
759 589 768 615 :
793 569 866 614 ille
895 571 1168 617 miseratione
1185 609 1195 629 ,
1219 590 1297 619 nos
1318 575 1475 621 condi-

87 643 220 697 tione.
243 642 430 688 Proinde
444 641 558 686 illius
570 641 814 686 voluntaria
828 642 984 701 passio,
1000 653 1145 688 nostra
1159 654 1222 689 est
1237 648 1474 693 necessaria

87 713 351 770 consolati03
374 722 424 757 ut
446 713 624 774 quando
647 712 748 757 talia
770 711 882 757 forte
910 714 1193 772 perpetimur,
1226 715 1474 762 intueamur

86 794 218 845 caput
240 794 436 829 nostrum
452 820 463 839 ,
488 793 538 828 ut
556 785 646 844 ejus
667 783 865 843 exemplo
888 786 1142 829 commoniti
1176 785 1369 832 dieamus
1392 804 1476 833 no-

86 856 179 902 bis:
203 855 245 901 Si
262 855 336 900 ille
351 892 362 911 ,
383 855 490 916 quid
512 857 616 900 nos?
637 858 694 899 Et
720 854 1092 915 quemadmodum
1111 855 1205 913 ille,
1232 859 1290 902 ita
1313 868 1356 902 et
1377 875 1470 905 nos.

86 926 419 981 Quantumlibet
442 927 557 971 enim
580 927 763 971 saevierit
784 925 982 972 inimicus
1000 963 1010 983 ‚
1037 943 1175 989 usque
1203 928 1259 973 ad
1287 940 1475 975 mortem

85 998 276 1058 corporis
288 997 492 1042 accedere
506 998 661 1057 potuit:
676 998 795 1058 quod
804 1013 960 1057 corpus
972 1014 1052 1043 nec
1066 999 1208 1058 ipsum
1224 1001 1475 1060 extinguere

84 1069 230 1129 potuit
242 1068 288 1112 in
306 1068 516 1123 Domino,
542 1068 644 1128 quia
667 1069 793 1112 tertio
819 1068 889 1112 die
909 1070 1152 1114 resurrexit.
1175 1070 1305 1123 Quod
1333 1071 1378 1115 in
1399 1071 1475 1117 illo

85 1138 251 1184 factum
274 1148 338 1183 est
370 1138 440 1183 die
470 1139 597 1183 tertio
613 1173 624 1194 ,
649 1139 798 1182 hocin
820 1148 967 1183 nostro
996 1140 1040 1183 in
1065 1140 1151 1183 fine
1179 1140 1341 1185 saeculi.
1371 1144 1476 1202 Spes

84 1210 409 1255 resurrectionis
431 1219 589 1254 nostrae
616 1208 834 1264 differtur,
866 1210 1084 1271 numquid
1111 1210 1336 1256 aufertur?
1358 1215 1475 1273 Cog-

83 1297 312 1326 noscamus
333 1281 404 1325 hic
422 1296 524 1339 ergo
540 1296 666 1325 voces
683 1280 859 1336 Christi,
886 1282 1138 1337 charissimi,
1165 1292 1207 1327 et
1226 1299 1473 1343 separemus

82 1368 152 1398 eas
169 1369 192 1398 a
212 1353 391 1398 vocibus
412 1353 662 1413 impiorum.
689 1355 826 1398 Voces
847 1363 949 1398 sunt
971 1354 1086 1398 enim
1110 1355 1302 1415 corporis
1324 1372 1472 1416 perse-

81 1424 300 1469 cntionem
324 1423 630 1484 angustiasque
661 1432 704 1467 et
726 1424 987 1468 tentationes
1015 1424 1061 1468 in
1086 1425 1170 1469 hoc
1200 1425 1360 1471 saeculo
1389 1443 1471 1487 pa-

80 1494 239 1539 tientis.
268 1492 353 1548 Sed
374 1493 582 1553 quoniam
604 1493 733 1537 multi
755 1494 827 1538 hic
844 1495 1088 1554 patiuntur,
1115 1505 1157 1540 et
1181 1512 1259 1556 pro
1283 1499 1471 1557 peccatis

79 1574 124 1611 et
143 1581 223 1626 pro
251 1564 484 1609 sceleribus
510 1563 618 1621 suis3
648 1579 804 1623 magna
842 1564 1063 1623 vigilantia
1094 1566 1379 1613 discernenda
1409 1579 1473 1615 est

78 1651 228 1691 eausa,
248 1650 338 1679 non
360 1650 507 1694 poena.
531 1634 770 1679 Sceleratus
788 1635 904 1679 enim
926 1646 1069 1695 potest
1084 1637 1244 1683 habere
1265 1640 1471 1698 Martyris

77 1706 259 1752 similem
282 1721 475 1766 poenam,
496 1705 571 1750 sed
593 1715 739 1750 tamen
754 1705 1004 1751 dissimilem
1018 1723 1207 1754 causam.
1226 1713 1328 1754 Tres
1346 1721 1470 1759 erant

77 1777 124 1822 in
145 1792 274 1823 cruce
286 1780 321 1833 ²,
342 1792 456 1821 unus
486 1775 696 1832 Salvator,
713 1776 821 1821 alius
844 1776 1097 1835 salvandus,
1124 1778 1232 1825 alius
1255 1779 1470 1827 damnan-

77 1848 159 1894 dus
181 1868 190 1895 ;
212 1847 410 1894 omnium
426 1862 504 1907 par
520 1862 654 1908 poena
669 1882 681 1902 ,
702 1846 779 1892 sed
798 1847 939 1908 impar
960 1864 1101 1895 causa.

136 1922 196 1964 II.
222 1919 346 1964 Dicat
367 1933 468 1977 ergo
485 1927 618 1978 caput
638 1927 835 1962 nostrum
854 1938 862 1964 :
893 1937 910 1959 «
934 1921 1212 1979 Insurgentes
1233 1929 1362 1966 testes
1380 1921 1469 1967 ini-

82 2009 100 2033 »
135 1990 240 2051 qui,
277 2006 376 2050 quae
404 1989 1017 2049 ignorabaminterrogabant
1049 2005 1134 2036 me.
1163 2011 1182 2034 »
1207 1994 1294 2037 Nos
1321 2002 1469 2038 autem

77 2060 275 2106 dicamus
294 2060 426 2120 capiti
443 2069 590 2105 nostro
607 2079 617 2105 ε
642 2060 826 2105 Domine
848 2060 955 2121 quid
971 2061 1393 2120 ignorabas?Ita-ne
1418 2074 1469 2110 tu

76 2131 242 2192 aliquid
261 2131 514 2191 ignorabas?
535 2134 690 2177 Nonne
713 2140 756 2175 et
782 2131 1146 2191 interrogantium
1167 2133 1299 2178 eorda
1327 2150 1466 2180 nove-

75 2204 172 2247 ras?
193 2218 341 2248 nonne
368 2218 521 2248 eorum
543 2201 666 2248 dolos
688 2211 789 2247 ante
818 2206 1125 2264 prospexeras?
1152 2221 1300 2250 nonne
1329 2206 1375 2250 in
1396 2221 1467 2252 eo-

75 2287 174 2317 rum
202 2288 356 2318 manus
385 2282 429 2318 te
460 2273 596 2318 sciens
621 2272 833 2319 dederas?
852 2290 1001 2319 nonne
1030 2284 1080 2320 ut
1101 2274 1156 2319 ab
1179 2276 1238 2320 eis
1259 2277 1466 2336 patereris

74 2345 282 2388 veneras?
308 2343 424 2397 Quid
450 2359 553 2403 ergo
578 2344 836 2402 ignorabas?
867 2345 1103 2404 Ignorabat
1131 2355 1358 2406 peccatum
1386 2366 1396 2393 ε
1421 2357 1464 2393 et

74 2414 160 2459 hoc
181 2423 411 2474 peccatum
439 2415 690 2474 ignorabat,
714 2431 804 2460 non
833 2417 954 2477 quasi
982 2432 1071 2461 non
1092 2416 1333 2477 judicando
1351 2453 1362 2474 ,
1388 2417 1464 2463 sed

76 2501 167 2532 non
187 2485 516 2531 committendo.
545 2488 656 2532 Sunt
675 2486 925 2548 hujusmodi
945 2486 1186 2535 locutiones
1209 2489 1338 2535 etiam
1355 2505 1463 2550 quo·

127 2577 134 2593 ¹
163 2572 242 2604 Gen.
262 2582 299 2613 11,
321 2570 377 2614 24,
393 2571 555 2614 etEphes.
571 2582 605 2613 v,
627 2572 679 2605 31.
701 2578 767 2597 -2
783 2573 860 2606 Luc.
881 2583 969 2611 xxm,
992 2572 1044 2605 33.
