1841 3223
260 211 501 244 ENARRATIO
533 214 548 242 1
579 214 624 242 IN
657 210 859 242 PsALMUM
892 211 1053 251 xxxxv,
1087 207 1215 237 snam.
1251 211 1281 236 1.
1411 198 1466 236 15

83 279 241 336 alicui,
277 288 323 324 et
347 277 510 323 oblitus
539 277 689 322 ebibat
712 296 722 323 2
748 287 793 323 et
820 286 1031 338 tanquam
1063 274 1098 319 si
1128 273 1298 319 foveam
1331 270 1471 317 fodiat

81 350 312 412 quisquam
327 384 338 405 ‚
362 349 409 392 in
430 363 562 409 quam
588 348 773 408 quisque
793 348 994 392 inimicus
1011 347 1102 407 ejus
1120 345 1167 390 in
1187 343 1379 390 tenebris
1399 343 1472 388 in-

82 421 226 478 cidat3
245 430 289 466 et
314 419 388 465 ille
403 418 567 464 oblitus
585 417 707 479 quod
724 417 894 463 foderat
908 453 919 473 ‚
941 416 1170 462 ambulans
1189 430 1239 460 ea
1262 414 1331 460 via
1352 413 1472 474 prior

82 490 187 536 illuc
207 490 349 536 cadat.
374 493 553 534 Prorsus
567 524 580 544 ⁷
603 487 756 533 fratres
772 487 879 538 mei,
899 487 959 532 ita
983 487 1146 532 credite
1161 522 1172 543 ,
1195 487 1257 531 ita
1278 485 1385 531 certi
1406 479 1474 531 es-

83 571 173 607 tote
189 577 198 603 :
219 561 278 606 ita
294 560 329 606 si
343 569 407 605 est
422 560 469 605 in
485 559 608 605 vobis
624 557 902 603 excellentior
916 557 1161 618 prudentiae
1181 557 1306 612 ratio,
1328 556 1474 602 videte

84 642 216 693 atque
246 632 504 692 perspicite:
537 633 675 676 Nemo
697 629 835 675 malus
860 645 950 674 non
971 629 1053 673 sibi
1084 629 1203 688 prius
1231 637 1375 673 nocet.
1406 627 1475 673 Sic

83 704 200 748 enim
223 718 313 748 esse
339 711 491 763 putate
527 700 764 757 malitiam,
801 701 1025 762 quomodo
1046 699 1208 759 ignem.
1236 698 1476 744 Incendere

82 774 147 820 vis
167 773 360 834 aliquid:
379 771 491 818 illud
510 770 632 833 quod
653 770 872 826 admoves,
897 771 1017 831 prius
1034 769 1181 828 ardet3
1203 769 1286 814 nisi
1308 768 1470 824 ardeat,

84 860 175 890 non
189 843 397 903 incendit.
413 842 574 888 Facula
594 851 679 898 est,
698 842 812 887 hanc
829 841 1016 886 faculam
1038 840 1218 901 apponis
1237 849 1288 885 ut
1308 838 1476 900 aliquid

83 914 291 960 incendat
312 934 322 961 2
346 912 562 974 numquid
582 929 672 958 non
692 913 785 972 ipsa
805 911 947 957 facula
969 928 1101 972 quam
1125 911 1303 972 apponis
1320 946 1331 966 ,
1356 911 1475 970 prior

84 985 227 1042 ardet,
256 994 306 1030 ut
327 984 494 1044 aliquid
511 984 646 1043 possit
667 982 926 1028 incendere?
946 982 1111 1028 Malitia
1142 998 1246 1042 ergo
1277 980 1476 1042 procedit

84 1072 139 1101 ex
156 1066 223 1112 te,
253 1065 297 1100 et
323 1069 455 1115 quem
480 1054 600 1114 prius
623 1062 762 1099 vastat
784 1053 865 1098 nisi
889 1056 955 1098 te?
977 1056 1075 1107 Quo
1097 1052 1382 1113 profunditur
1405 1067 1477 1096 ra-

84 1141 207 1172 mum
223 1125 361 1181 laedit,
378 1124 456 1170 ubi
472 1122 661 1169 radicem
674 1123 809 1168 habet
822 1139 912 1169 non
927 1123 1075 1169 laedit?
1092 1127 1149 1168 Et
1167 1123 1346 1185 quidem
1359 1123 1474 1179 dico⁷

85 1196 207 1259 quod
228 1196 389 1241 malitia
411 1205 486 1240 tua
507 1203 558 1240 ut
579 1194 702 1240 alteri
723 1209 813 1239 non
832 1204 988 1239 noceat
1009 1194 1102 1238 fieri
1122 1203 1270 1254 potest
1291 1209 1299 1236 t
1326 1203 1378 1238 ut
1394 1209 1476 1239 au-

85 1277 176 1314 tem
193 1268 274 1314 tibi
296 1283 386 1313 non
402 1276 579 1322 noceat?
605 1267 698 1310 fieri
726 1281 818 1310 non
837 1275 995 1326 potest.
1017 1268 1127 1311 Nam
1151 1264 1259 1327 quid
1280 1265 1477 1310 nocitum.

86 1350 151 1386 est
167 1349 316 1386 sancto
337 1340 433 1385 viro
455 1341 480 1384 J
483 1339 540 1384 ob
556 1341 587 1394 1,
613 1337 668 1383 de
689 1354 778 1399 quo
797 1337 1027 1398 praelocuti
1048 1340 1228 1383 sumus?
1246 1338 1479 1392 Quomodo

86 1411 133 1456 in
154 1409 238 1456 alio
260 1409 432 1457 Psalmo
460 1408 643 1454 dicitur:
674 1427 694 1451 «
717 1409 837 1454 Sicut
856 1407 1070 1454 novacula
1091 1417 1217 1453 acuta
1233 1406 1372 1452 fecisti
1393 1407 1476 1453 do-

89 1499 112 1524 »
145 1480 281 1526 lum2.
309 1499 331 1522 »
356 1479 473 1533 Quid
490 1479 541 1524 fit
556 1478 611 1524 de
632 1488 759 1524 acuta
782 1479 1026 1524 novacula?
1043 1477 1200 1539 Capilli
1217 1514 1228 1535 ,
1249 1494 1315 1523 res
1332 1493 1481 1539 super-

88 1552 190 1598 fluae
219 1551 500 1597 deciduntur.
525 1548 644 1604 Quid
665 1565 769 1609 ergo
788 1548 891 1595 facis
920 1550 958 1595 ei
982 1565 1115 1611 quem
1138 1550 1202 1594 vis
1225 1552 1415 1595 nocere?
1436 1550 1479 1596 Si

86 1637 277 1683 nequam
303 1620 386 1666 tibi
418 1620 475 1665 ad
497 1619 664 1665 malum
699 1621 941 1665 consentiat
974 1620 1045 1665 cui
1076 1620 1142 1665 vis
1171 1636 1354 1677 nocere,
1389 1636 1480 1666 non

86 1693 252 1738 malitia
274 1701 349 1737 tua
377 1691 417 1735 ei
445 1691 645 1737 nocitura
666 1700 731 1735 est
745 1726 756 1746 ,
781 1690 858 1735 sed
879 1707 955 1735 sua
976 1709 986 1735 :
1022 1691 1056 1734 si
1078 1700 1226 1735 autem
1247 1692 1365 1736 intus
1386 1692 1479 1751 ipse

87 1763 250 1809 malitia
284 1771 428 1808 careat
442 1797 454 1818 ‚
485 1770 530 1806 et
551 1777 626 1806 cor
648 1761 866 1806 mundum
895 1760 1056 1806 subdat
1077 1760 1141 1805 illi
1161 1762 1259 1807 voci
1283 1761 1445 1807 dicenti
1467 1781 1476 1807 :

91 1852 114 1877 «
149 1834 272 1880 Salus
295 1842 370 1878 tua
387 1847 467 1891 ego
483 1847 581 1876 sum
597 1866 608 1887 ,
635 1849 656 1873 »
682 1830 922 1876 forinsecus
947 1847 1174 1891 oppugnas
1192 1867 1204 1887 ‚
1227 1832 1481 1877 interiorem

87 1905 314 1950 hominem
343 1919 433 1948 non
457 1918 679 1963 expugnas
705 1921 715 1947 :
740 1901 903 1946 malitia
925 1911 1072 1946 tamen
1101 1912 1175 1946 tua
1201 1903 1255 1946 ab
1277 1903 1482 1948 interiore

90 1985 168 2021 tuo
191 1974 409 2036 procedit,
432 1983 476 2018 te
498 1973 617 2033 prius
637 1973 812 2017 inanem
834 1973 990 2017 reddit.
1018 1976 1082 2017 Tu
1104 1974 1244 2033 putris
1268 1989 1312 2017 es
1333 1973 1451 2019 intus
1466 2010 1479 2030 ,

88 2047 210 2093 unde
228 2047 308 2091 iste
321 2045 478 2091 vermis
490 2044 711 2105 processit,
732 2045 848 2089 intus
861 2044 971 2089 nihil
991 2044 1211 2104 integrum
1226 2044 1475 2106 dereliquit.

97 2136 119 2162 «
150 2121 209 2164 Et
226 2117 370 2177 captio
386 2151 398 2172 ‚
417 2131 550 2177 quam
571 2114 901 2160 occultaverunt
917 2150 928 2169 ‚
948 2115 1292 2175 comprehendat
1314 2132 1386 2161 eos
1403 2136 1412 2161 :
1438 2125 1483 2161 et

94 2206 118 2231 >›
150 2189 199 2233 in
212 2186 456 2247 muscipula
474 2185 668 2231 incidant
682 2186 727 2230 in
746 2186 852 2245 ipsa.
873 2204 893 2227 »
913 2188 1011 2230 Non
1026 2187 1146 2246 quod
1167 2187 1352 2247 putabas
1370 2187 1483 2232 forte

92 2257 226 2321 paulo
247 2267 348 2304 ante
365 2272 468 2303 cum
495 2255 666 2301 audires
687 2275 697 2301 ε
727 2275 749 2298 «
773 2256 930 2300 Veniat
950 2256 1034 2300 illis
1053 2257 1317 2317 muscipula,
1349 2274 1483 2319 quam

97 2347 119 2372 »
153 2328 377 2387 ignorant,
395 2345 416 2369 »
438 2326 484 2371 id
506 2335 586 2381 est,
612 2326 735 2386 quasi
758 2325 923 2386 aliquid
946 2325 1065 2371 aliud
1086 2342 1137 2370 ex
1153 2326 1326 2371 occulto
1347 2327 1485 2373 inevi-

96 2399 246 2445 tabile.
278 2402 330 2443 In
347 2414 434 2459 qua
456 2399 591 2457 ergo?
613 2400 666 2445 In
687 2397 779 2457 ipsa
807 2397 1036 2458 iniquitate
1051 2432 1062 2453 ‚
1092 2413 1226 2458 quam
1257 2398 1365 2443 mihi
1385 2399 1486 2444 abs-

98 2470 366 2521 condamm.¹
377 2471 533 2519 Nonne
548 2468 634 2517 hoc
649 2465 814 2514 sactum
832 2477 897 2514 est
911 2470 935 2513 J
939 2467 1101 2513 udaeisi’
1111 2469 1322 2515 Dominus
1333 2485 1486 2516 eorum

148 2563 156 2580 ¹
173 2555 247 2589 Job.
267 2567 293 2598 1,
307 2563 362 2588 22.
382 2572 425 2579 -—-
445 2561 458 2579 ²
477 2554 556 2588 Psal.
573 2565 614 2596 m,
635 2553 667 2595 4.
