1841 3223
245 181 486 209 ENAnuA'rio
519 184 532 208 1
565 183 609 208 m
643 180 844 209 rsALMUM
880 182 1041 217 xxxiv,
1076 178 1204 207 SERM.
1243 183 1270 206 1.
1391 171 1442 208 13

66 263 87 286 »
122 245 295 306 projicit
317 254 472 290 ventus
493 262 518 289 a
546 244 655 290 facie
696 247 860 290 terroe1.
891 264 912 287 ι(
939 247 1105 290 Ventus
1138 243 1320 288 tentatio
1352 253 1442 299 est,

57 315 200 375 pulvis
222 316 413 376 iniquus.
439 314 624 368 Quando
645 316 812 360 venerit
846 315 1052 371 tentatio,
1077 314 1246 360 ‘tollitur
1275 312 1442 374 pulvis:

57 401 138 430 nec
161 394 268 441 stat,
289 400 369 429 nec
391 384 560 429 resistit.
592 403 612 427 «
638 384 766 429 Fiant
788 394 997 445 tanquam
1013 384 1155 446 pulvis
1173 393 1274 429 ante
1288 384 1447 429 faciem

59 475 80 499 »
115 456 263 501 venti:
284 465 328 500 et
348 455 540 515 Angelus
554 456 730 501 Domini
750 456 963 501 tribulans
984 473 1072 501 eos.
1090 457 1188 502 Fiat
1202 456 1270 501 via
1293 471 1459 501 eorum·

59 544 81 568 »
116 526 309 571 tenebrae
331 534 373 570 et
395 526 616 571 lubricum
629 529 661 570 ².
689 545 709 568 n
738 526 963 572 Horrenda
991 528 1076 571 via.
1100 527 1316 572 Tenebras
1338 526 1449 572 solas

57 597 154 657 quis
185 612 276 642 non
305 597 513 641 horreat?
538 596 781 642 Lubricum
806 597 947 642 solum
973 599 1068 658 quis
1088 613 1179 642 non
1206 599 1381 643 caveat?
1402 597 1449 641 in

58 666 250 712 tenebris
266 675 310 711 et
328 666 498 712 lubrico
519 683 607 727 qua
630 668 690 712 is?
707 668 784 712 ubi
797 668 954 728 pedem
977 668 1101 726 figis?
1126 670 1237 713 Sunt
1258 669 1337 712 ista
1359 667 1448 712 duo

57 737 172 782 mala
193 753 363 797 magnae
375 753 520 797 poenae
537 738 766 782 hominum
784 754 792 780 :
807 738 1015 794 tenebrae,
1033 738 1274 797 ignorantia
1288 759 1298 796 3
1314 737 1451 781 lubri-

61 824 178 863 cum,
203 807 391 853 luxuria.
417 827 438 851 «
462 809 559 853 Fiat
585 809 654 853 via
675 824 826 854 eorum
848 809 1040 853 tenebrae
1061 818 1104 852 et
1126 808 1346 852 lubricum
1371 828 1379 852 ;
1405 816 1450 852 61

60 898 81 921 ))
116 878 309 938 Angelus
329 879 504 924 Domini
526 894 789 941 persequens
811 895 882 925 eos
903 896 911 920 ε
929 898 949 920 »
967 888 1120 924 utnon
1135 879 1299 939 possint
1315 889 1443 923 stare.

58 953 169 996 Nam
190 950 490 1011 unusquisque
513 951 560 994 in
583 951 771 995 tenebris
793 960 836 995 et
862 951 1033 996 lubrico
1056 966 1156 995 cum
1174 949 1330 994 viderit
1347 950 1449 1011 quia

58 1022 94 1066 si
115 1019 272 1081 pedem
292 1021 501 1077 moverit,
522 1020 702 1077 labitur,
726 1031 769 1065 et
791 1021 866 1066 lux
887 1021 949 1066 illi
971 1031 1071 1066 ante
1091 1020 1222 1081 pedes
1247 1036 1342 1064 non
1360 1030 1447 1079 est3

57 1090 128 1138 vel
155 1092 239 1136 hoc
260 1091 372 1136 forte
395 1090 520 1148 facit,
545 1101 596 1136 nt
623 1101 821 1152 expectet
842 1092 982 1137 donec
1002 1092 1146 1137 luceat
1171 1111 1180 1136 ε
1209 1091 1284 1136 sed
1305 1092 1367 1135 ibi
1384 1100 1449 1135 est

58 1162 252 1221 Angelus
272 1162 446 1208 Domini
466 1178 730 1224 persequens
745 1179 832 1208 eos.
855 1166 959 1208 Haec
977 1163 1034 1208 eis
1056 1162 1204 1207 futura
1227 1161 1445 1222 praedixit,

58 1248 148 1278 non
170 1234 294 1294 quasi
310 1243 360 1278 ut
377 1235 600 1278 evenirent
623 1235 803 1294 optavit.
828 1237 1090 1294 Quanquam
1108 1242 1150 1277 ct
1167 1234 1383 1293 Propheta
1401 1233 1447 1276 in

59 1303 224 1363 Spiritu
257 1304 335 1348 Dei
363 1304 422 1349 sic
444 1319 493 1348 ea
518 1303 657 1360 dicat,
683 1305 906 1365 quomodo
933 1304 1006 1349 illa
1028 1307 1142 1348 Deus
1172 1303 1302 1359 facit,
1329 1314 1448 1348 certo

52 1373 242 1434 judicio,
262 1374 379 1420 bono
394 1409 405 1430 ‚
420 1375 554 1435 justo,
580 1384 751 1430 sancto,
781 1374 1032 1435 tranquillo,
1057 1390 1148 1419 non
1169 1374 1448 1434 perturbatus

58 1444 121 1489 ira
136 1479 147 1501 ,
171 1460 262 1489 non
286 1459 433 1490 amaro
454 1444 547 1490 zelo
563 1480 575 1501 ‚
605 1461 696 1490 non
721 1445 866 1490 animo
893 1444 1220 1489 inimicitiarum
1246 1460 1449 1489 exercen-

58 1515 213 1560 darum
227 1550 239 1571 ‚
259 1514 336 1560 sed
350 1515 517 1575 justitia
537 1515 743 1560 vitiorum
762 1515 1089 1577 puniendorum
1111 1535 1120 1560 :
1145 1525 1449 1561 verumtamen

59 1587 288 1647 prophetia
308 1596 387 1632 est.

117 1660 174 1702 X.
197 1656 323 1702 Unde
345 1667 492 1702 autem
514 1667 635 1703 tanta
651 1657 765 1703 mala
781 1659 890 1702 ista?
911 1660 1009 1713 Quo
1030 1658 1210 1703 merito?
1224 1657 1341 1702 Audi
1360 1673 1449 1718 quo

58 1729 213 1772 merito
237 1747 245 1772 :
276 1747 295 1770 «
318 1728 536 1782 Quoniam
563 1729 691 1787 gratis
718 1727 1042 1773 absconderunt
1066 1728 1173 1772 mihi
1194 1727 1450 1787 muscipulae

63 1817 84 1841 »
118 1815 213 1844 suae
240 1799 604 1859 corruptionemss.
633 1817 652 1841 »
677 1802 727 1843 In
760 1799 853 1858 ipso
876 1798 1017 1858 capite
1043 1808 1192 1843 nostro
1213 1799 1447 1848 attendite,

59 1870 144 1914 hoc
167 1869 368 1915 fecerunt
399 1869 572 1926 Judaei,
602 1869 926 1914 absconderunt
960 1869 1215 1930 muscipulae
1242 1886 1331 1914 suae
1352 1886 1451 1914 cor-

61 1942 325 2002 ruptionem.
354 1942 437 1988 Cui
466 1941 791 1987 absconderunt
818 1941 1132 2002 muscipulam?
1160 1942 1245 1996 Qui
1275 1941 1452 1987 videbat

61 2013 194 2059 corda
216 2012 590 2058 abscondentium.
615 2012 700 2058 Sed
716 2021 862 2057 tamen
880 2022 972 2062 erat
992 2012 1105 2056 inter
1119 2012 1215 2057 illos
1233 2013 1452 2072 ignoranti

62 2083 210 2130 similis
231 2077 606 2144 quasifallcretur‚
627 2099 729 2128 cum
744 2083 806 2127 illi
822 2084 867 2127 in
885 2100 936 2128 60
957 2084 1277 2144 deciperentur,
1300 2085 1346 2128 in
1363 2101 1452 2145 quo

64 2170 165 2199 eum
186 2153 280 2199 falli
305 2154 644 2200 arbitrabantur.
672 2153 777 2199 Ideo
799 2154 916 2198 enim
938 2153 1011 2198 ille
1034 2164 1244 2215 tanquam
1266 2154 1452 2199 falleba-

64 2234 136 2270 tur
157 2225 271 2270 inter
297 2225 393 2270 illos
413 2225 564 2270 vivens
579 2260 590 2281 ‚
610 2225 713 2285 quia
734 2240 813 2269 nos
834 2225 947 2269 inter
968 2224 1074 2270 tales
1096 2226 1154 2269 sic
1174 2225 1329 2269 victuri
1355 2242 1451 2270 era-

64 2310 160 2339 mus
177 2330 188 2350 ,
223 2304 274 2339 111
305 2295 397 2340 sine
424 2294 560 2340 dubio
585 2294 850 2340 falleremur.
886 2294 964 2339 Ille
995 2295 1172 2339 videbat
1199 2295 1453 2340 traditorem

65 2380 195 2410 suum
209 2365 242 2420 4,
264 2374 308 2410 et
324 2364 462 2423 elegit
480 2364 606 2410 illum
630 2366 765 2425 magis
785 2365 842 2410 ad
864 2381 973 2425 opus
1000 2366 1302 2411 necessarium.
1330 2366 1453 2411 Illius

67 2435 183 2480 malo
204 2450 413 2495 magnum
437 2436 604 2481 bonum
631 2431 833 2496 operatus
855 2445 919 2480 est
938 2452 946 2477 t
973 2445 1017 2480 et
1039 2446 1183 2481 tamen
1205 2437 1318 2481 inter
1339 2437 1453 2483 duo-

115 2526 123 2543 ¹
148 2520 229 2552 l‘sal.
250 2532 272 2563 1,
297 2520 327 2561 4'.
350 2538 391 2544 ——
418 2522 625 2565 ²Id.xxx1v,
643 2521 676 2554 6.
694 2539 735 2544 —-
755 2521 911 2564 311›id.7.
936 2520 1004 2552 -4
1024 2524 1188 2566 Joan.x11‚
1209 2535 1257 2555 11.
