1841 3223
351 221 434 260 298
765 234 798 259 s.
835 230 1065 261 Auens-mm
1099 234 1279 261 Emscom

350 295 532 348 Christi,
569 304 619 339 ut
647 296 763 340 vivat
795 295 1032 357 discipulus
1064 298 1238 343 Christi.
1272 301 1332 342 De
1362 297 1477 342 coelo
1498 298 1647 343 emissa
1671 314 1738 343 sa-

351 368 473 424 gitta,
498 365 628 410 corde
651 382 878 426 percussus
899 377 960 412 est
986 369 1154 423 Saulus,
1176 368 1373 413 nondum
1398 369 1573 424 Paulus,
1595 368 1739 415 adhuc

354 436 532 491 Saulus,
564 436 709 481 adhuc
737 447 929 493 erectus,
956 439 1154 483 nondum
1176 448 1417 498 prostratus
1446 457 1454 483 ε
1479 440 1645 498 accepit
1673 455 1740 484 sa·-

353 507 504 565 gittam
518 542 529 562 ,
555 508 712 552 cecidit
733 509 778 552 in
800 509 945 553 corde.
967 513 1064 555 Non
1082 510 1199 553 enim
1216 509 1337 569 quod
1356 518 1593 569 prostratus
1616 518 1680 554 est
1694 509 1741 553 in

352 577 482 632 faeie,
508 577 568 621 ibi
590 578 747 623 cecidit
766 580 809 623 in
836 580 968 624 corde
989 596 997 621 :
1032 580 1108 624 sed
1126 579 1200 623 ubi
1229 580 1287 624 ait
1314 598 1322 624 :
1354 599 1373 621 «
1396 580 1581 624 Domine
1597 615 1607 634 ‚
1633 579 1743 640 quid

353 666 373 690 »
410 664 478 692 me
495 649 624 709 jubes
647 650 840 695 faeere¹P
857 670 875 692 »
893 651 1025 696 Modo
1043 651 1135 695 ibas
1153 650 1208 694 ad
1223 650 1489 695 Christianos
1505 650 1744 709 alligandos

351 729 394 764 et
416 719 718 779 perducendos
731 722 785 765 ad
801 737 995 781 poenam,
1013 731 1056 766 et
1079 721 1210 765 modo
1230 722 1337 766 dicis
1360 721 1532 766 Christo
1555 740 1563 764 :
1590 739 1606 761 «
1627 721 1744 774 Quid

354 808 375 832 »
410 805 481 835 me.
495 791 624 851 jubes
651 790 821 836 facere?
837 810 856 833 n
880 794 917 836 Ο
940 793 1138 851 sagittam
1165 801 1354 846 acutam,
1380 790 1741 850 potentissimam,

351 877 435 922 qua
457 870 632 921 accepta
654 861 811 906 cecidit
835 862 990 907 Saulus
1012 872 1062 906 ut
1085 871 1194 906 esset
1216 862 1397 906 Paulus!
1427 864 1482 906 Ut
1503 860 1596 917 ille,
1621 861 1679 905 ita
1702 870 1746 905 et

350 932 503 992 populi
528 952 536 976 :
563 942 712 992 gentes
735 933 968 989 attendite,
992 933 1138 978 videte
1161 932 1355 977 subditas
1377 932 1563 977 Christo.
1600 934 1716 989 Ergo
1731 966 1743 987 ,

355 1023 376 1046 «
412 1002 569 1062 Populi
597 1003 678 1047 sub
708 1012 751 1047 te
783 1003 965 1059 eadent,
996 1004 1041 1047 in
1075 1003 1207 1048 corde
1242 1003 1521 1047 inimicorum
1551 1003 1693 1060 regis:
1723 1019 1743 1042 n

351 1074 435 1118 hoc
464 1083 553 1128 est,
588 1074 634 1118 in
662 1073 793 1118 corde
824 1074 1102 1119 inimicorum
1124 1084 1317 1119 tuorum.
1347 1077 1496 1133 Ipsum
1520 1072 1637 1117 enim
1666 1087 1746 1132 ap·-

351 1144 485 1205 pellat
506 1160 652 1204 regem
666 1180 676 1200 ‚
694 1146 838 1205 ipsum
861 1149 983 1190 novit
1000 1161 1162 1205 regem.
1188 1164 1208 1188 «
1227 1144 1383 1204 Populi
1401 1145 1482 1188 sub
1505 1153 1548 1188 te
1569 1143 1744 1199 cadent,

356 1234 376 1258 >›
411 1216 457 1260 in
484 1215 616 1261 eorde
647 1216 924 1261 inimicorum
946 1217 1071 1275 regis.
1101 1215 1271 1260 Inimici
1296 1224 1420 1259 erant
1444 1234 1453 1259 2
1484 1221 1749 1274 acceperunt

355 1287 528 1344 sagittas
549 1296 646 1331 tuas
662 1322 672 1342 ,
701 1286 955 1331 ceciderunt
983 1296 1083 1331 ante
1108 1296 1164 1330 te.
1196 1289 1261 1330 Ex
1290 1285 1473 1329 inimicis
1496 1284 1623 1328 amici
1648 1283 1749 1328 facti

355 1366 457 1401 sunt
482 1373 490 1398 ε
516 1357 678 1402 inimici
707 1359 871 1402 mortui
894 1367 1017 1413 sunt⁷
1044 1357 1170 1401 amici
1191 1357 1361 1400 vivunt.
1385 1358 1478 1399 Hoc
1503 1364 1567 1398 est
1588 1374 1597 1399 ;
1627 1374 1646 1396 «
1667 1358 1750 1398 Pro

359 1446 379 1470 »
415 1428 481 1472 his
498 1444 597 1489 quae
617 1428 1025 1473 commutabuntur.
1051 1447 1070 1469 υ
1089 1427 1335 1481 Quaerimus
1358 1425 1602 1485 intelligere
1618 1425 1750 1470 verba

356 1498 543 1557 singula,
556 1515 702 1544 versus
717 1499 910 1559 singulos
924 1519 931 1543 :
945 1500 1004 1543 ita
1019 1508 1166 1543 tamen
1178 1499 1430 1559 quaerimus,
1444 1506 1494 1541 ut
1507 1496 1562 1541 de
1577 1496 1751 1542 Christo

357 1571 444 1615 diei
466 1586 595 1615 nemo
618 1571 807 1616 dubitet.
838 1591 857 1613 «
879 1571 1037 1631 Populi
1053 1571 1135 1616 sub
1160 1579 1201 1615 te
1223 1570 1403 1625 cadent,
1428 1569 1474 1612 in
1506 1568 1637 1614 corde
1665 1569 1750 1612 ini-

361 1659 381 1683 »
417 1642 632 1686 micorum
654 1642 780 1701 regis.
810 1660 830 1684 »

417 1715 562 1756 XVII.
596 1732 615 1755 ι(
639 1713 769 1758 Sedes
788 1723 879 1768 tua,
898 1715 1029 1768 Deus,
1055 1713 1101 1756 in
1122 1710 1279 1756 saecula
1301 1709 1578 1755 saeeulorum.
1594 1727 1614 1751 »
1641 1710 1752 1763 Quia

356 1783 578 1829 benedixit
596 1794 638 1829 te
667 1788 780 1830 Deus
807 1786 852 1829 in
873 1794 1087 1829 aeternum
1105 1819 1116 1835 ‚
1141 1792 1319 1840 propter
1343 1782 1523 1838 gratiam
1546 1780 1753 1826 diffusam

356 1854 401 1896 in
423 1855 548 1896 labiis
572 1857 672 1896 tuis.
697 1856 802 1896 Erat
826 1861 973 1895 autem
995 1850 1118 1895 sedes
1140 1850 1263 1909 regni
1283 1850 1452 1909 judaici
1475 1849 1749 1909 temporalis,

355 1923 576 1983 pertinens
599 1921 655 1966 ad
681 1938 753 1966 eos
787 1922 863 1982 qui
885 1921 966 1966 sul)
990 1921 1086 1980 lege
1110 1917 1253 1975 erunt,
1286 1936 1375 1964 non
1398 1920 1450 1964 ad
1476 1935 1548 1965 eos
1571 1920 1646 1980 qui
1669 1922 1752 1966 sub

355 1993 490 2052 gratia
507 2001 655 2037 erant:
679 1993 801 2036 venit
821 1991 892 2036 ille
914 2001 965 2036 ut
985 1991 1191 2035 liberaret
1204 2007 1274 2036 eos
1290 1991 1367 2052 qui
1389 1991 1470 2035 sub
1488 1990 1585 2051 lego
1607 2001 1748 2047 erant,-

355 2073 399 2108 et
416 2063 498 2108 sul)
515 2064 651 2123 gratia
675 2063 972 2107 constitueret.
998 2081 1018 2104 «
1048 2061 1178 2107 Sedes
1201 2062 1294 2122 ejus
1311 2061 1356 2106 in
1379 2060 1539 2106 saecula
1565 2061 1751 2107 saeeulo-

357 2153 378 2176 »
414 2149 526 2178 rum.
552 2153 571 2176 n
600 2136 774 2187 Quare?
802 2133 912 2186 Quia
940 2132 1060 2177 sedes
1085 2132 1158 2176 illa
1181 2133 1318 2192 prima
1350 2132 1474 2191 regni
1502 2133 1751 2192 temporalis

355 2205 454 2250 fuit.
484 2203 608 2250 Unde
637 2219 755 2248 nunc
785 2203 907 2248 sedes
942 2204 986 2247 in
1009 2202 1167 2247 saecula
1193 2202 1486 2248 saeeulorum?
1512 2203 1624 2256 Quia
1653 2202 1746 2247 Dei.

360 2297 379 2319 «
417 2275 547 2322 Sedes
570 2285 645 2320 tua
662 2311 673 2331 ,
700 2279 813 2320 Deus
829 2310 839 2330 ‚
860 2275 906 2319 in
924 2274 1082 2319 saecula
1105 2273 1379 2319 saeculorum.
1406 2293 1425 2316 »
1443 2276 1480 2318 O
1498 2275 1750 2318 aeternitatis

355 2347 556 2391 divinitas
575 2348 582 2391 l
606 2350 703 2392 Non
725 2347 840 2390 enim
862 2355 1006 2406 posset
1028 2349 1141 2389 Deus
1169 2345 1317 2389 sedem
1342 2345 1503 2389 habere
1525 2354 1748 2405 tempora-

353 2418 454 2462 lem.
491 2438 511 2460 «
546 2418 675 2463 Sedes
712 2428 784 2463 tua
800 2454 811 2474 ‚
853 2421 967 2462 Deus
985 2453 996 2473 ,
1033 2419 1078 2461 in
1109 2417 1266 2461 saecula
1305 2415 1580 2461 saeculorum.
1620 2417 1749 2475 Virga

357 2509 376 2531 »
413 2489 684 2541 directionis,
705 2491 825 2549 virga
842 2490 963 2548 regni
981 2491 1059 2534 tui.
1082 2508 1100 2530 »
1122 2489 1377 2534 Directionis
1401 2489 1521 2547 virga
1543 2498 1628 2543 est,
1650 2505 1748 2549 quae

407 2581 414 2596 ¹
434 2578 503 2606 Act.
531 2576 620 2614 1x‚(i.
