1841 3223
351 312 593 343 ENARRATIO
625 317 671 343 m
704 312 906 344 PSALMUM
937 311 1099 341 xxxvn.
1339 300 1421 341 123

41 378 117 423 illo
137 379 262 423 nobis
294 387 398 423 nota
424 387 525 422 sunt
555 393 633 438 per
658 379 919 437 Scripturas,
944 394 1034 423 non
1054 377 1299 422 invenimus
1321 391 1422 421 eum

41 448 278 509 aliquando
300 447 577 492 recordatum
600 448 844 492 sabbatum.
870 448 988 501 Quid
1006 449 1118 492 enim
1141 448 1201 491 ita
1222 447 1424 492 recorda·
1472 479 1474 481 »

40 529 174 576 retur,
199 519 440 564 secundum
460 518 579 563 illam
602 519 950 564 observationem
965 522 989 563 J
995 519 1219 563 udaeorum
1242 534 1328 580 qua
1345 519 1423 563 ob-

39 591 270 636 servabant
297 591 548 649 sabbatum3
584 590 693 652 quid
722 592 780 635 ita
802 589 1127 645 recordaretur,
1168 589 1289 650 quod
1310 590 1424 634 inter

38 671 202 722 septem
224 661 314 706 dies
334 662 574 706 necessario
593 661 822 706 veniebat:
853 660 1186 705 Observandum
1208 675 1310 718 ergo
1331 670 1424 706 erat

37 747 129 777 non
150 733 208 776 sic
229 730 563 776 recordandum.²
587 734 726 778 Nemo
746 740 893 776 autem
911 732 1179 786 recordatur,
1205 731 1285 775 nisi
1302 731 1423 791 quod

36 803 83 847 in
103 804 329 863 praesentia
352 819 441 848 non
463 812 526 847 est
546 803 736 863 positum
762 822 771 848 :
794 803 917 847 verbi
940 802 1074 860 gratia
1090 837 1100 857 ,
1135 805 1188 846 In
1210 802 1291 846 hac
1313 802 1422 846 civi-

36 882 125 920 tate
141 875 378 920 recordaris
404 875 727 933 Carthaginem,
752 875 831 918 ubi
853 873 973 918 fuisti
990 872 1226 935 aliquando
1243 894 1255 932 3
1274 882 1318 917 et
1337 874 1422 919 ho-

37 943 191 990 dierno
215 945 286 988 die
318 945 555 990 recordaris
576 946 829 989 hesternum
851 943 968 988 diem
985 979 996 999 ,
1026 943 1094 989 vel
1116 943 1269 1004 prioris
1292 944 1420 1000 anni,

35 1015 107 1060 vel
127 1015 370 1076 quemlibet
399 1016 682 1070 anteriorem,
704 1025 748 1060 et
769 1015 946 1076 aliquod
969 1013 1134 1059 factum
1153 1024 1281 1059 tuum
1303 1015 1423 1076 quod

30 1087 122 1148 jam
143 1086 308 1142 fecisti,
334 1096 409 1131 aut
430 1087 595 1148 aliquid
617 1087 694 1131 ubi
715 1086 835 1131 fuisti
853 1123 864 1141 ,
889 1086 958 1131 vel
980 1087 1052 1131 cui
1078 1087 1140 1131 rei
1167 1086 1418 1131 interfuisti.

36 1157 152 1212 Quid
173 1158 254 1203 sibi
289 1158 385 1203 vult
406 1158 486 1202 ista
510 1158 750 1203 recordatio
778 1158 971 1213 sabbati,
1006 1156 1156 1202 fratres
1177 1159 1263 1202 mei
1279 1161 1297 1202 Ρ
1314 1161 1424 1212 Quae

35 1230 178 1274 anima
200 1230 260 1274 sic
283 1229 535 1274 recordatur
549 1228 952 1283 sabbatum?Quod
973 1239 1036 1273 est
1051 1231 1135 1274 hoc
1158 1229 1423 1274 sabbatum?

32 1302 146 1346 Cum
172 1301 335 1359 gemitu
349 1301 465 1344 enim
487 1300 753 1345 recordatur.
775 1303 950 1345 Etcum
973 1299 1166 1344 Psalmus
1188 1299 1418 1357 legeretur,

34 1370 231 1426 audistis,
265 1380 309 1415 et
328 1372 461 1416 modo
483 1388 583 1417 cum
605 1372 884 1416 retexerimus
904 1407 914 1426 ,
940 1370 1123 1416 audietis
1156 1380 1346 1431 quantus
1367 1371 1423 1415 sit

32 1456 220 1497 moeror,
254 1451 444 1502 quantus
475 1442 680 1500 gemitus,
712 1452 902 1502 quantus
936 1442 1086 1493 fletus,
1112 1457 1212 1501 quac
1233 1441 1416 1485 miseria.

35 1512 120 1558 Sed
141 1512 244 1557 felix
261 1521 345 1568 est,
365 1514 440 1574 qui
458 1514 517 1558 sic
536 1514 665 1558 miser
682 1523 759 1558 est.
776 1513 903 1558 Unde
925 1522 968 1557 et
982 1513 1190 1557 Dominus
1211 1513 1257 1556 in
1279 1515 1422 1557 Evan-

33 1582 146 1643 gelio
165 1582 312 1628 beatos
336 1583 571 1643 appellavit
594 1584 805 1644 quosdam
828 1577 1064 1642 lugentes1.
1088 1582 1213 1627 Unde
1236 1583 1390 1627 beatus
1405 1619 1416 1638 ,

32 1653 66 1698 si
86 1653 268 1712 lugens?
290 1653 416 1698 Unde
442 1654 591 1698 beatus
607 1689 618 1709 ,
644 1654 678 1698 si
699 1654 858 1698 miser?
882 1657 974 1697 Imo
992 1653 1123 1697 miser
1144 1662 1273 1707 esset,
1297 1654 1329 1696 si
1349 1652 1420 1697 lu-

33 1738 136 1783 gens
169 1739 256 1767 non
280 1733 404 1768 esset.
439 1723 587 1768 Talem
609 1739 712 1783 ergo
736 1724 868 1767 ethic
898 1723 1158 1783 accipiamus
1187 1723 1418 1768 sabbatum

31 1794 329 1838 recordantem
343 1829 354 1850 ,
388 1796 533 1839 nescio
561 1810 692 1855 quem
715 1794 937 1852 lugentem
959 1814 967 1839 ε
993 1803 1036 1838 et
1053 1795 1221 1838 utinam
1241 1811 1319 1839 nos
1336 1797 1419 1840 sci-

31 1879 128 1908 mus
148 1865 240 1926 ipse
261 1865 407 1909 nescio
430 1865 548 1926 quis!
576 1868 653 1909 Est
675 1865 789 1908 enim
808 1864 986 1925 quidam
1009 1865 1160 1909 dolens
1177 1901 1187 1920 ,
1213 1881 1388 1924 gemens
1404 1901 1415 1921 ,

30 1933 205 1993 lugenS,
230 1935 461 1980 recordans
476 1936 723 1980 sabbatum.
753 1937 1010 1992 Sabbatum,
1032 1937 1200 1998 requies
1216 1946 1293 1981 cst.
1317 1938 1418 1982 Sine

31 2006 169 2051 dubio
196 2007 275 2051 iste
307 2008 352 2051 in
387 2008 531 2052 nescio
553 2024 636 2068 qua
659 2007 963 2068 inquietudine
985 2019 1098 2064 erat,
1124 2009 1200 2070 qui
1221 2024 1318 2053 cum
1343 2024 1417 2068 ge-

29 2076 141 2120 mitu
159 2077 353 2137 requiem
375 2077 701 2122 recordabatur.

88 2149 168 2190 111.
187 2150 283 2206 Ipse
299 2146 448 2208 itaque
467 2147 817 2209 inquietudinem
835 2164 967 2210 quam
985 2148 1248 2208 patiebatur,
1269 2158 1415 2195 narrat

30 2225 74 2261 et
103 2218 381 2262 commendat
408 2221 498 2263 Deo
515 2254 527 2273 ,
560 2219 703 2263 nescio
733 2219 842 2280 quid
866 2220 1035 2278 gravius
1063 2221 1243 2275 timens,
1281 2236 1413 2280 quam

30 2297 122 2332 erat
141 2288 219 2332 ubi
235 2297 341 2333 erat.
366 2291 475 2334 Nam
493 2290 594 2350 quia
614 2290 659 2334 in
681 2290 796 2335 malo
815 2300 899 2346 est,
920 2300 1067 2350 aperte
1086 2290 1191 2335 dicit
1207 2326 1218 2346 ,
1243 2306 1324 2335 nec
1345 2291 1415 2335 in-

29 2368 216 2419 terprete
237 2376 346 2420 opus
366 2370 444 2416 est,
461 2377 540 2405 nec
558 2362 798 2421 suspicione
813 2398 824 2418 ,
849 2378 929 2406 nec
950 2363 1201 2422 conjectura
1226 2381 1235 2407 :
1260 2367 1306 2406 in
1324 2378 1413 2424 quo

29 2428 145 2473 malo
173 2431 251 2486 sit,
276 2446 366 2475 non
391 2431 620 2475 dubitatur
645 2447 695 2476 ex
726 2433 816 2492 ejus
836 2433 1006 2486 verbis,
1038 2448 1118 2477 nec
1149 2448 1258 2492 opus
1279 2442 1343 2477 est
1364 2442 1415 2478 ut

27 2515 298 2560 quaeramus,
323 2500 399 2546 sed
428 2511 478 2545 ut
504 2501 624 2563 quod
652 2501 757 2547 dicit
775 2502 1083 2561 intelligamus.
1111 2505 1166 2547 Et
1191 2503 1271 2547 nisi
1289 2504 1412 2564 pejus

31 2568 193 2630 aliquid
214 2571 406 2627 timeret,
435 2587 567 2632 quam
599 2581 691 2616 erat
711 2571 823 2617 illud
851 2589 939 2633 quo
961 2573 1215 2630 tenebatur,
1239 2590 1329 2619 non
1351 2574 1409 2618 sic

80 2660 90 2676 ¹
111 2653 230 2687 Matth.
258 2666 292 2696 v,
313 2654 344 2686 5.
