1841 3223
390 231 473 270 186
830 244 863 270 s.
900 240 1131 270 AUGUSTIM
1163 242 1342 270 Episcom

391 326 412 349 «
432 309 643 362 Cursum,
668 306 836 366 inquit,
856 307 1155 351 consummavi
1172 308 1201 350 1.
1225 325 1244 347 »
1264 305 1450 360 Quando
1466 322 1568 366 ergo
1586 307 1773 365 dicebat,

391 397 411 418 «
440 380 605 438 Sequor
620 376 675 420 ad
687 375 875 436 palmam
892 394 1090 437 supernae
1113 378 1366 433 vocationis,
1382 396 1401 418 »
1417 380 1518 438 quia
1533 381 1623 439 jam
1645 380 1776 439 pedes

386 449 478 507 ejus
501 448 546 490 in
564 456 685 504 petra
707 448 860 492 directi
882 458 1004 493 crant
1019 484 1029 504 ,
1049 450 1141 509 jam
1168 449 1282 492 viam
1308 450 1468 493 bonam
1490 450 1742 495 ambulabat
1764 470 1772 495 z

386 518 579 561 habebat
609 517 727 562 unde
745 519 901 578 gratias
924 529 1096 579 ageret,
1120 519 1309 564 habebat
1330 520 1451 580 quod
1473 529 1660 580 peteret,
1679 535 1776 579 gra-

388 588 464 632 tias
477 603 604 646 agens
620 589 673 632 dc
684 590 886 649 acceptis,
898 600 1048 650 petens
1064 590 1226 634 debita.
1244 593 1303 633 Dc
1317 591 1478 650 quibus
1491 592 1704 650 acceptis?
1718 596 1778 636 De

388 657 659 716 indulgentia
679 669 975 719 peccatorum,
991 659 1045 704 (10
1067 660 1386 705 illuminatione
1404 661 1521 717 fidei,
1543 662 1598 706 de
1622 663 1778 724 robore

385 730 502 790 spei,
528 729 582 774 de
605 731 779 775 flamma
802 732 1036 776 charitatis.
1060 731 1185 776 [nde
1208 741 1354 775 autem
1377 731 1521 777 adhuc
1544 734 1778 779 Dominum

388 800 633 844 debitorem
660 801 866 846 tenebat?
899 821 919 843 «
956 805 1018 846 De
1049 811 1229 857 eaetero,
1264 803 1433 862 inquit,
1459 814 1654 863 superest
1673 805 1777 848 mihi

387 887 588 917 »corona
615 873 810 933 justitiae.
851 891 870 914 »
897 872 1056 918 Adhuc
1094 888 1194 932 ergo
1233 874 1338 918 mihi
1371 874 1539 935 aliquid
1573 875 1775 921 debetur.

383 944 502 996 Quid
523 943 735 989 debetur?
754 964 773 987 «
800 946 972 990 Corona
988 945 1185 1005 justitiae⁷
1202 961 1335 1006 quam
1348 945 1502 991 reddet
1515 947 1621 991 mihi
1636 948 1778 992 Domi-

386 1031 407 1055 »
434 1030 516 1058 nus
538 1014 583 1058 in
605 1013 678 1058 illa
700 1014 770 1060 die
801 1017 943 1076 justus
959 1016 1135 1076 judex2.
1167 1035 1185 1057 »
1216 1016 1362 1061 Primo
1386 1017 1600 1075 benignus
1622 1027 1745 1077 pater
1763 1053 1775 1074 ,

382 1093 433 1128 ut
455 1094 624 1130 erueret
641 1085 696 1130 de
718 1084 818 1131 lacu
840 1087 1023 1131 miseriae
1039 1123 1049 1143 ,
1076 1096 1126 1132 ut
1160 1087 1345 1132 donaret
1362 1097 1538 1147 peccata
1557 1124 1568 1144 ‚
1595 1098 1646 1133 ut
1666 1089 1780 1134 libe-

382 1165 496 1200 raret
523 1157 578 1201 de
616 1157 709 1202 luto
739 1157 833 1202 limi
870 1178 878 1203 :
910 1168 1060 1219 postea
1084 1160 1228 1220 justus
1252 1159 1414 1219 judex,
1441 1158 1628 1205 reddens
1665 1161 1778 1206 bene

382 1226 624 1272 ambulanti
652 1227 773 1288 quod
799 1230 1022 1288 promisit,
1048 1230 1117 1274 cui
1147 1230 1288 1289 primo
1314 1238 1365 1274 ut
1393 1229 1506 1273 bene
1534 1230 1778 1276 ambularet

382 1295 575 1342 donavit.
602 1297 775 1342 Reddet
802 1314 903 1357 ergo
925 1301 1069 1360 justus
1095 1300 1229 1361 judex
1267 1316 1275 1340 z
1309 1299 1385 1344 scd
1415 1300 1607 1360 quibus?
1647 1320 1667 1344 «
1693 1302 1778 1355 Qui

385 1386 405 1410 »
430 1369 768 1428 perseveraverit
789 1386 927 1431 usque
949 1371 995 1415 in
1014 1372 1147 1415 finem
1164 1407 1174 1426 ‚
1200 1371 1271 1415 hic
1293 1370 1435 1415 salvus
1452 1371 1577 1415 01113.
1607 1391 1626 1413 »

442 1442 519 1484 IV.
545 1458 565 1482 ‹<
582 1443 637 1484 Et
653 1441 831 1485 immisit
847 1441 893 1485 in
915 1458 962 1486 os
990 1457 1136 1486 meum
1157 1442 1377 1486 canticum
1401 1457 1580 1486 novum.
1601 1461 1621 1484 n
1648 1443 1779 1495 Quod

380 1512 600 1557 canticum
630 1515 821 1558 novum?
859 1534 879 1557 α
915 1517 1145 1573 Hymnum
1178 1518 1269 1559 Deo
1306 1516 1501 1559 nostro4.
1543 1533 1563 1555 >›
1598 1515 1779 1560 Dicebas

380 1581 493 1627 forte
524 1584 712 1642 hymnos
747 1584 827 1629 diis
863 1584 1040 1641 alienis,
1078 1594 1243 1630 veteres
1276 1586 1465 1643 hymnos
1492 1605 1500 1629 z
1532 1586 1633 1645 quia
1656 1595 1778 1632 vetus

380 1654 514 1698 homo
536 1654 730 1711 dicebat,
758 1672 848 1701 non
870 1672 1009 1701 novus
1031 1656 1165 1701 homo
1190 1676 1198 1702 :
1221 1657 1296 1700 fiat
1320 1672 1458 1701 novus
1484 1656 1640 1711 1101110,
1664 1655 1780 1701 dicat

380 1722 601 1766 canticum
619 1738 783 1767 novum
806 1746 815 1768 ;
832 1727 1064 1771 innovatus
1082 1736 1200 1771 amet
1216 1742 1329 1771 nova
1349 1726 1509 1787 quibus
1525 1736 1775 1771 renovatur.

382 1796 490 1838 Nam
509 1793 618 1853 quid
636 1793 856 1854 antiquius
877 1797 966 1838 Deo
983 1828 993 1849 ,
1014 1794 1090 1853 qui
1108 1802 1171 1838 est
1193 1803 1293 1838 ante
1311 1797 1456 1838 omnia
1473 1829 1484 1849 ,
1506 1806 1550 1838 et
1566 1797 1657 1839 sine
1671 1799 1774 1852 fine,

379 1873 425 1908 et
459 1864 550 1908 sine
577 1864 734 1909 initio?
764 1864 861 1908 Tibi
884 1865 933 1908 fit
960 1879 1099 1908 novus
1134 1863 1364 1921 redeunti3
1389 1865 1491 1924 quia
1514 1865 1777 1912 discedendo

380 1934 522 1979 factus
544 1951 636 1979 eras
652 1945 794 1991 vetus,
820 1944 863 1979 et
882 1934 1069 1980 dixeras:
1092 1954 1111 1977 «
1134 1936 1375 1980 Inveteravi
1397 1936 1442 1980 in
1464 1937 1667 1982 omnibus
1692 1938 1778 1982 ini-

383 2023 404 2047 »
425 2006 546 2050 micis
567 2005 719 2050 meis⁵.
750 2024 770 2047 »
808 2006 1000 2050 Dicimus
1034 2021 1135 2064 ergo
1167 2007 1383 2064 hymnum
1408 2010 1499 2052 Deo
1528 2018 1697 2064 nostro,
1734 2018 1777 2053 et

379 2075 470 2136 ipse
498 2077 689 2134 hymnus
716 2076 871 2121 liberat
894 2092 986 2121 nos.
1021 2095 1040 2118 «
1079 2075 1280 2120 Laudans
1310 2077 1426 2121 enim
1449 2078 1664 2123 invocabo
1687 2082 1776 2124 Do-

383 2164 404 2188 »
432 2147 623 2203 minum,
650 2156 693 2190 et
715 2147 770 2190 ab
792 2148 976 2191 inimicis
999 2147 1104 2190 meis
1128 2147 1269 2191 salvus
1293 2164 1364 2192 cro
1379 2150 1410 2192 ⁰.
1439 2167 1458 2190 >›
1487 2151 1690 2206 Hymnus
1711 2159 1777 2195 est

380 2218 498 2262 enim
514 2219 732 2262 canticum
746 2217 900 2262 laudis.
920 2218 1121 2262 Laudans
1139 2218 1305 2273 invoca,
1327 2235 1415 2263 non
1434 2220 1771 2279 reprehendens.

380 2288 569 2342 Quando
587 2285 704 2332 enim
727 2289 901 2333 invocas
920 2292 1083 2343 Deum,
1109 2299 1158 2332 ut
1180 2299 1349 2348 premat
1366 2290 1592 2334 inimicum
1619 2300 1742 2335 tuum
1759 2327 1771 2347 ,

380 2359 559 2420 quando
588 2359 642 2404 dc
674 2359 790 2405 malo
818 2360 958 2405 alieno
993 2359 1181 2419 gaudere
1208 2361 1295 2419 vis,
1332 2370 1375 2404 ct
1408 2361 1462 2404 ad
1489 2363 1572 2406 hoc
1609 2362 1774 2407 malum

380 2431 554 2475 invocas
588 2434 726 2475 Deum
746 2467 756 2486 ‚
808 2432 1062 2492 participem
1095 2447 1195 2476 eum
1236 2431 1337 2476 facis
1376 2432 1552 2476 malitiae
1580 2442 1683 2477 ture.
1729 2434 1774 2479 Si

430 2536 439 2553 ¹
461 2539 480 2562 2
502 2530 582 2563 Tim.
615 2542 671 2572 iv,
700 2541 730 2572 7.
752 2547 793 2553 -
820 2537 832 2553 ²
871 2531 918 2563 Id.
944 2541 1002 2571 xv,
1022 2530 1053 2563 8.
1080 2547 1121 2552 —
1142 2528 1155 2551 3
1174 2530 1287 2562 Mattli.
1308 2542 1346 2572 x,
1366 2538 1408 2562 22
1426 2555 1434 2571 ,
1464 2534 1497 2562 et
1521 2542 1618 2572 xxxv,
1652 2530 1702 2562 13.
1731 2547 1773 2555 -

381 2583 678 2626 4Psa1.xxx1x‚4.
703 2603 743 2608 -
763 2584 777 2608 ⁵
796 2586 842 2617 Id.
862 2596 906 2626 vi,
926 2585 1011 2617 8.-
1026 2583 1041 2607 ⁶
1060 2586 1107 2617 Id.
1129 2596 1205 2625 xvii,
1229 2584 1261 2626 4.
