1841 3223
379 255 620 286 ENARRATio
653 259 698 285 IN
730 255 934 285 PsALMUM
966 259 1072 284 xtn.
1343 249 1427 287 259

49 322 277 382 etAngeli3
295 337 384 366 non
398 322 513 365 enim
536 320 700 381 aliquid
715 322 952 381 patiuntur.
970 323 1081 366 Cum
1096 330 1240 365 autem
1263 321 1429 383 aliquid
1454 355 1456 357 μ

49 393 240 454 patimur
256 391 585 437 tribulationum
598 426 609 446 ,
629 392 936 447 tentationum,
960 390 1262 438 scandalorum
1284 393 1329 436 in
1345 394 1428 439 hae

50 474 185 520 terra,
210 463 311 524 quia
335 478 423 507 non
445 461 722 521 patimurnisi
744 477 794 504 ex
817 461 1019 507 inferiore
1041 472 1184 523 parte,
1201 463 1246 507 id
1267 473 1351 520 est,
1377 480 1430 509 ex

49 533 170 595 quod
181 533 381 578 mortales
394 547 556 588 sumus,
568 548 619 576 ex
630 547 680 576 eo
693 531 813 593 quod
827 533 976 592 primae
989 542 1146 577 nostrae
1154 550 1293 578 causae
1306 535 1432 595 quid-

51 605 153 649 dam
175 602 506 648 tribulationum
521 603 730 647 debemus
741 638 752 659 ,
764 611 807 646 et
825 603 927 663 quia
939 605 1129 662 patimur
1144 605 1281 650 multa
1304 607 1358 649 ab
1372 607 1432 651 eis

51 675 127 736 qui
148 690 238 719 non
251 682 353 718 sunt
375 672 597 734 desurper,
617 674 780 718 cithara
793 682 870 717 est.
887 673 1015 717 Venit
1025 674 1140 718 enim
1154 690 1282 719 sonus
1296 677 1436 722 suavis

51 761 102 790 ex
122 744 323 790 inferiore
344 753 470 804 parte
494 764 503 789 ι
529 745 718 804 patimur
740 753 783 788 et
804 742 1025 803 psallimus
1040 779 1050 799 ‚
1071 743 1141 788 vel
1163 746 1307 804 potius
1335 762 1433 791 can·

52 826 194 861 tamus
215 824 259 860 et
293 815 611 860 citharizamus.
637 813 823 868 Quando
846 813 1017 858 dicebat
1039 815 1272 874 Apostolus
1306 832 1439 861 evan-

53 886 233 945 gelizare
260 901 303 930 se
336 894 380 930 et
398 885 636 946 praedicare
657 884 944 944 Evangelium
976 894 1069 930 toto
1097 885 1202 930 orbe
1221 896 1436 932 terrarum

54 973 104 1001 ex
121 966 340 1017 praecepto
358 955 457 1011 Dei,
484 956 584 1016 quia
607 955 718 1000 illud
739 955 1026 1014 Evangelium
1045 972 1088 1001 se
1106 972 1195 1001 non
1217 957 1271 1001 ab
1294 958 1439 1003 homi-

54 1028 184 1072 nibus
201 1043 343 1088 neque.
364 1042 442 1087 per
456 1026 675 1071 hominem
691 1061 702 1081 ‚
727 1025 801 1070 sed
818 1042 893 1086 per
905 1029 1054 1071 Jesum
1072 1027 1292 1072 Christum
1315 1045 1441 1074 acce-

54 1100 164 1160 pisse
175 1098 382 1153 dicebat¹‚
399 1096 584 1157 desuper
594 1097 806 1142 sonabant
819 1097 993 1141 chordae
1006 1118 1015 1155 3
1027 1113 1126 1142 cum
1136 1114 1237 1143 vero
1250 1099 1438 1145 dicebat:

59 1188 80 1212 «
103 1168 350 1214 Gloriamur
379 1167 425 1211 in
458 1166 814 1211 tribulationibus
833 1202 843 1222 ‚
873 1167 1054 1211 scientes
1085 1169 1186 1228 quia
1219 1169 1444 1214 tribulatio

58 1240 354 1301 »patientiam
384 1248 610 1299 operatur,
643 1238 846 1298 patientia
881 1239 1213 1298 probationem,
1244 1241 1444 1300 probatio

59 1329 80 1353 »
119 1314 304 1371 spem²2
345 1328 365 1352 n
391 1309 556 1354 cithara
588 1309 770 1354 sonabat
800 1324 851 1352 ex
885 1307 1091 1353 inforiore
1124 1310 1304 1370 quidem
1326 1347 1336 1367 ‚
1368 1312 1447 1358 scd

57 1392 204 1428 tamen
231 1381 431 1426 dulciter.
457 1381 607 1426 Omnis
630 1381 747 1425 enim
769 1381 975 1440 patientia
1005 1380 1144 1425 dulcis
1177 1391 1239 1426 est
1262 1386 1367 1428 Deo.
1403 1384 1446 1428 Si

58 1463 202 1498 autem
215 1452 262 1496 in
281 1452 383 1513 ipsis
398 1450 752 1497 tribulationibus
766 1450 975 1503 defeceris
992 1486 1002 1506 ,
1029 1451 1239 1496 citharam
1262 1451 1442 1512 fregisti.

57 1527 201 1578 Quare
220 1539 323 1583 ergo
345 1522 476 1567 modo
509 1521 645 1567 dixit:
682 1541 701 1564 «
733 1521 990 1566 Confitebor
1023 1522 1103 1566 tibi
1131 1523 1177 1566 in
1215 1524 1443 1569 citharaP»

58 1599 240 1656 Propter
270 1593 381 1639 illud
401 1593 523 1654 quod
553 1592 743 1637 dixerat:
770 1611 786 1633 «
808 1592 973 1653 thuid
995 1593 1124 1637 tristis
1157 1595 1312 1640 incedo
1339 1595 1447 1640 dum

64 1687 82 1709 »
108 1666 260 1724 aflligit
271 1680 341 1709 me
356 1664 583 1708 inimicus?
601 1684 618 1704 »
636 1662 888 1707 Patiebatur
907 1663 1024 1707 enim
1040 1664 1247 1724 quiddam
1265 1682 1314 1709 ex
1330 1666 1443 1711 infe-

59 1736 171 1782 riore
194 1734 445 1789 afflictione,
466 1743 510 1778 et
529 1734 576 1777 in
597 1748 647 1776 eo
668 1732 762 1792 ipso
784 1741 929 1775 tamen
947 1732 1121 1778 volebat
1140 1733 1309 1793 placere
1328 1740 1417 1782 Deo
1432 1774 1443 1794 ‚

60 1817 102 1852 et
111 1807 265 1867 gratias
278 1804 489 1865 gestiebat
510 1818 635 1862 agere
648 1806 738 1847 Deo
753 1837 764 1858 ,
790 1801 912 1847 fortis
924 1803 970 1846 in
992 1803 1348 1850 tribulationibus
1375 1827 1383 1852 ε
1404 1818 1448 1853 et

61 1878 162 1938 quia
184 1876 276 1922 sine
307 1873 590 1920 tribulatione
623 1888 712 1916 esse
745 1888 834 1916 non
862 1881 1055 1932 poterat,
1081 1875 1337 1933 patientiam
1359 1881 1450 1924 Deo

61 1947 266 1993 debebat.
295 1964 316 1988 «
331 1943 585 1990 Confitebor
602 1943 682 1987 tibi
695 1942 741 1986 in
759 1943 940 1999 cithara,
963 1946 1076 1988 Deus
1091 1980 1101 2000 ,
1122 1948 1236 1991 Deus
1258 1963 1395 1994 meus.
1425 1969 1446 1994 »

120 2021 198 2063 VI.
222 2019 281 2061 Et
301 2030 448 2060 rursus
469 2014 524 2059 ad
546 2013 734 2059 animam
754 2029 893 2069 suam,
919 2023 969 2057 ut
991 2030 1042 2059 ex
1063 2014 1266 2062 inferiore
1286 2019 1362 2064 illo
1377 2037 1449 2066 so-

63 2104 170 2134 noro
205 2087 326 2147 ligno
357 2085 498 2145 capiat:
530 2099 688 2129 sonum
714 2102 722 2128 :
760 2103 780 2127 «
806 2083 972 2144 thuid
1007 2086 1137 2131 tristis
1173 2103 1216 2132 es
1234 2124 1245 2143 ‚
1280 2090 1446 2151 inquit,

66 2176 87 2201 »
122 2157 266 2203 anima
287 2171 403 2211 mea,
429 2164 472 2199 et
492 2153 650 2214 utquid
679 2154 914 2198 conturbas
940 2156 1065 2199 me³P
1090 2174 1109 2197 »
1135 2159 1185 2201 In
1207 2159 1450 2206 tribulatio-

64 2229 194 2275 nibus
221 2243 341 2283 sum‚
375 2226 422 2270 in
447 2223 758 2283 languoribus,
790 2224 836 2268 in
870 2226 1159 2283 moeroribus,
1191 2229 1350 2289 utquid
1381 2247 1452 2276 me

64 2298 328 2353 conturbas,
362 2311 388 2340 o
417 2296 584 2340 anima?
611 2294 718 2348 Quis
750 2294 882 2340 dicit?
914 2296 986 2340 cui
1021 2295 1156 2341 dicit?
1181 2299 1351 2343 Animae
1384 2300 1453 2347 di-

64 2371 144 2426 cit,
162 2382 312 2414 omnes
333 2366 533 2412 novimus
554 2380 563 2406 z
582 2363 765 2424 planum
797 2374 861 2410 est
882 2366 996 2410 enim
1011 2401 1022 2422 ‚
1049 2366 1104 2411 ad
1120 2366 1240 2412 illam
1262 2368 1451 2417 directus

6 2462 9 2492 3
66 2451 129 2487 est
162 2455 316 2485 sermo.
346 2457 367 2482 «
401 2435 568 2497 thuid
599 2436 729 2480 tristis
765 2452 836 2492 es,
879 2437 1021 2481 anima
1060 2453 1181 2494 mea,
1219 2448 1261 2484 et
1294 2443 1453 2503 utquid

69 2529 91 2554 »
125 2508 359 2556 conturbas
387 2509 486 2551 me?
504 2525 523 2548 »
550 2506 769 2559 Quaeritur
796 2521 977 2565 persona
1003 2506 1201 2567 loquens,
1226 2511 1451 2572 Numquid

116 2602 126 2620 ¹
147 2595 215 2629 Gal.
236 2606 261 2634 1,
285 2602 334 2626 12.
356 2608 397 2615 —-
414 2598 426 2615 ²
449 2593 539 2625 Rom.
555 2601 589 2632 v,
606 2592 639 2631 3,
657 2588 688 2631 4.
714 2607 756 2612 -—
772 2588 785 2612 3
807 2589 887 2622 Psal.
908 2601 983 2633 xtu,
1010 2590 1041 2623 5.

1173 2650 1238 2687 17.
