1841 3223
450 274 691 303 ΕΝΑ1111ΑΤ10
724 277 769 303 IN
802 274 1004 302 PsALMUM
1037 276 1076 301 L.
1362 262 1442 302 441

67 347 192 393 runt,
218 347 268 383 ut
288 338 466 397 vigilent
488 340 704 384 custodire
725 340 1016 399 integritatem
1040 355 1177 393 suam,
1204 348 1247 384 et
1266 354 1365 384 cum
1388 348 1457 384 at-‘

66 409 255 454 tendunt
276 425 481 468 magnum
498 410 720 466 cecidisse,
742 412 863 470 parvi
885 412 1079 456 timeant.
1109 411 1151 455 Si
1170 426 1271 455 vero
1295 411 1449 471 aliquis

61 481 151 541 jam
178 479 322 539 lapsus
349 480 444 524 haec
471 479 617 535 audit,
654 489 696 524 et
718 480 883 541 aliquid
904 481 949 524 in
972 481 1231 525 conscientia
1254 481 1357 525 mali
1382 491 1448 525 10-

65 565 171 594 nens
191 571 201 608 3
220 550 353 594 verba
375 550 534 594 Psalmi
551 552 681 611 hujus
702 549 897 595 advertat
919 571 928 596 :
949 551 1143 595 attendat
1161 551 1337 611 quidem
1356 551 1449 596 vul-

65 620 178 664 neris
201 621 561 679 magnitudinem,
578 620 652 665 sed
673 637 762 666 11011
777 621 975 680 desperet
989 621 1145 665 medici
1162 623 1444 682 majestatem.

65 695 296 736 Peccatum
327 707 426 736 cum
451 691 772 752 desperatione,
801 702 916 737 certa
938 707 1065 736 mors.
1091 695 1227 738 Nemo
1256 708 1356 752 ergo
1379 694 1449 738 di-

11 769 14 772 ’
65 771 133 806 cat
159 782 168 807 ε
188 763 229 807 Si
241 763 330 823 jam
349 762 513 823 aliquid
534 762 636 807 mali
654 763 735 807 feci
751 798 761 818 ,
781 763 868 823 jam
888 762 1160 807 damnandus
1182 779 1277 807 sum
1300 783 1308 808 ;
1335 767 1448 809 Deus

64 831 186 877 malis
208 832 365 877 talibus
388 849 477 877 non
503 833 705 891 ignoscit,
733 848 810 877 cur
834 849 923 878 non
961 830 1081 878 addo
1097 843 1272 893 peccata
1295 849 1449 893 peeca-

63 903 142 947 tis?
160 906 298 947 Fruar
318 903 402 948 hoc
424 903 583 947 saeculo
603 904 648 947 in
664 903 910 963 voluptate,
930 903 975 946 in
996 902 1166 948 lascivia
1181 939 1191 959 ,
1212 904 1256 947 in
1280 904 1450 964 cupidi-

63 982 150 1017 tate
181 972 344 1017 nefaria
380 993 388 1018 2
414 975 504 1034 jam
526 973 694 1033 perdita
723 990 798 1035 spe
818 974 1125 1034 reparationis,
1151 974 1221 1018 vel
1256 975 1340 1018 hoc
1370 976 1450 1019 ha-

62 1044 190 1089 beam
209 1045 330 1105 quod
341 1044 468 1090 video
485 1081 495 1100 ,
517 1045 551 1090 si
568 1061 656 1090 non
677 1061 854 1105 possum
866 1046 1027 1089 habere
1049 1045 1170 1106 quod
1192 1046 1336 1091 credo.
1364 1050 1450 1091 Iste

62 1129 165 1174 ergo
186 1115 400 1170 Psalmis,
421 1115 531 1159 sicut
553 1126 701 1160 cautos
729 1115 831 1160 facit
853 1132 924 1160 eos
949 1116 1024 1176 qui
1050 1132 1137 1160 11011
1170 1116 1446 1173 ceciderunt,

61 1184 120 1229 sic
137 1185 383 1246 desperatos
406 1201 495 1230 esse
516 1202 605 1230 11011
622 1185 717 1229 vult
735 1187 810 1246 qui
829 1187 1094 1230 ceciderunt.
1122 1187 1326 1247 Quisquis
1348 1203 1452 1247 pec-

61 1255 192 1311 casti,
218 1265 262 1300 et
279 1255 451 1300 dubitas
481 1271 606 1315 agere
628 1257 931 1316 poenitentiam
950 1273 1029 1316 pro
1048 1266 1225 1316 peccato
1244 1267 1320 1302 tuo
1344 1258 1451 1313 ‚des-

60 1325 256 1385 perando
273 1325 457 1370 salutem
478 1335 596 1370 tuam
611 1361 621 1381 ,
649 1325 750 1370 audi
775 1326 909 1370 David
935 1336 1197 1385 gementem.
1219 1326 1287 1372 Ad
1305 1336 1343 1371 te
1365 1331 1452 1373 Na-

60 1397 168 1441 than
190 1397 403 1456 propheta
422 1413 512 1441 non
532 1406 595 1441 est
616 1397 786 1451 missus,
806 1396 1044 1456 ipseDavid
1062 1396 1117 1441 ad
1139 1407 1180 1441 10
1203 1398 1352 1443 missus
1368 1409 1446 1444 est.

61 1468 177 1513 Audi
200 1483 300 1512 eum
328 1467 611 1523 clamantem,
642 1477 685 1512 et
706 1468 835 1512 simul
858 1467 1018 1526 clama,
1050 1467 1150 1512 audi
1174 1480 1418 1527 gementem
1436 1507 1446 1525 ,

59 1548 102 1583 et
134 1539 428 1598 congemisce,
464 1538 566 1583 audi
599 1539 775 1583 flentem
795 1575 805 1594 ,
838 1549 881 1583 et
915 1539 1126 1597 lacrymas
1152 1541 1315 1599 junge,
1349 1541 1450 1586 audi

59 1619 325 1665 correctum,
351 1620 394 1654 et
415 1610 730 1655 condelectare.
760 1611 801 1655 Si
832 1611 910 1654 tibi
936 1626 1024 1654 non
1052 1612 1195 1670 potuit
1218 1612 1451 1657 intercludi

58 1689 315 1740 peccatum,
341 1695 434 1740 spes
462 1680 601 1723 veniae
635 1696 723 1724 11011
750 1679 1080 1724 intercludatur.
1113 1681 1266 1725 Missus
1298 1692 1361 1726 est
1396 1682 1451 1727 ad

57 1749 189 1794 istum
216 1749 359 1794 virum
395 1751 567 1795 Nathan
601 1751 854 1810 propheta¹,
880 1750 1055 1794 attende
1087 1751 1197 1809 regis
1225 1752 1450 1797 humilita-

58 1829 163 1864 tem.
190 1822 287 1865 Non
310 1820 473 1878 respuit
498 1819 630 1863 verba
660 1821 979 1880 praecipientis,
1013 1837 1104 1865 non
1126 1820 1234 1865 dixit
1258 1841 1266 1866 :
1304 1822 1449 1867 Audes

59 1890 165 1934 mihi
193 1889 313 1950 loqui
343 1890 464 1948 regi?
486 1893 579 1933 Rex
604 1889 800 1934 sublimis
825 1892 1088 1950 Prophetam
1115 1892 1306 1950 audivit,
1325 1893 1449 1952 plebs

60 1962 152 2021 ejus
172 1960 348 2004 humilis
371 1960 593 2005 Christum
613 1961 775 2005 audiat.

118 2033 196 2074 VI.
231 2029 347 2074 Audi
371 2046 473 2089 ergo
490 2031 612 2086 haec,
639 2041 681 2075 et
713 2031 782 2075 dic
813 2047 911 2076 cum
934 2031 1009 2077 illo
1035 2052 1043 2077 :
1075 2033 1317 2078 «Miserere
1340 2036 1446 2091 mei,

61 2118 82 2142 1)
117 2103 232 2145 Deus
248 2136 259 2155 ,
287 2100 526 2145 secundum
552 2117 755 2160 magnam
773 2102 1109 2147 misericordiam
1131 2113 1252 2147 tuam
1268 2108 1299 2148 2.
1321 2124 1339 2145 »
1364 2106 1449 2158 Qui

56 2185 261 2229 magnam
301 2172 637 2215 misericordiam
683 2171 962 2232 deprecatur,
997 2189 1200 2232 magnam
1234 2175 1449 2220 miseriam

58 2241 305 2285 confitetur.
347 2243 555 2294 Quaerant
592 2257 772 2301 parvam
806 2243 1143 2288 misericordiam
1184 2253 1300 2288 tuam
1317 2281 1328 2300 ,
1372 2247 1449 2306 qui

58 2311 294 2356 nesciendo
308 2322 623 2371 peccaverunt:
647 2314 895 2369 «Miserere,
917 2315 1075 2374 inquit,
1103 2315 1188 2358 mei
1206 2317 1447 2361 secundum

61 2400 83 2424 ³)
119 2397 321 2441 magnam
348 2383 685 2428 misericordiam
710 2395 846 2429 tuam.
873 2405 890 2426 »
921 2386 1111 2430 Subveni
1135 2387 1253 2445 gravi
1278 2388 1449 2433 vulneri

59 2452 300 2497 secundum
324 2468 525 2513 magnam
549 2454 810 2499 medicinam
828 2465 963 2500 tuam.
985 2458 1124 2501 Grave
1149 2458 1348 2518 estquod
1370 2460 1447 2504 ha-

59 2522 143 2566 beo
158 2557 169 2576 ‚
195 2521 270 2566 sed
290 2522 340 2566 ad
365 2524 720 2583 Omnipotentem
753 2525 976 2584 confugio.
1011 2530 1073 2571 De
1096 2543 1192 2572 meo
1216 2537 1305 2572 tam
1327 2529 1444 2574 letali

108 2613 116 2628 ¹
137 2614 155 2637 2
175 2608 248 2649 Reg.
266 2617 324 2648 xn,
343 2618 369 2639 1.
392 2624 428 2630 -—
449 2615 461 2630 ²
477 2607 609 2650 Psal.1.,
633 2609 664 2640 3.
