1841 3223
356 230 441 270 250
777 236 811 266 S·
847 236 1081 266 AUGUSTINI
1114 239 1294 265 EPISCOPI

358 325 378 348 »
414 305 523 350 facie
547 313 646 358 tua,
671 311 716 347 et
749 318 772 347 a
799 303 952 362 spiritu
976 313 1052 348 tuo
1075 319 1164 364 quo
1186 302 1349 362 fugiam
1366 304 1378 328 ¹
1409 321 1418 348 ι
1446 320 1466 343 »
1491 303 1524 346 si
1562 302 1743 360 abyssus

355 374 559 433 abyssum
574 374 747 418 invocat
762 409 772 429 ‚
798 374 832 417 si
850 382 946 433 post
967 374 1067 418 istos
1088 373 1257 417 labores
1276 373 1486 416 timentur
1503 372 1744 431 graviores?

414 448 510 491 XV.
542 463 562 486 «
586 445 747 488 Omnes
767 444 1067 504 suspensiones
1091 453 1177 488 tuae
1200 453 1243 488 et
1263 444 1420 487 ssuctus
1444 443 1507 487 tui
1529 459 1658 502 super
1676 458 1744 488 me

358 535 378 557 »
415 515 593 574 ingressi
610 523 713 559 sunt.
734 518 766 559 ².
792 533 812 556 »
835 514 1014 559 Fluctus
1038 515 1083 558 in
1104 514 1280 574 hisquae
1295 515 1456 569 sentio,
1473 529 1745 573 suspensurae

356 587 397 631 in
417 587 482 630 his
504 603 603 647 quae
619 587 810 631 minaris.
828 587 978 632 Omnis
991 585 1208 646 perpessio
1221 601 1315 630 mea
1328 619 1340 641 ,
1361 585 1518 630 ssuctus
1534 594 1596 629 est
1611 595 1712 630 tuus
1733 604 1743 630 t

356 657 496 702 omnis
523 657 805 702 comminatio
840 666 935 712 tua,
964 671 1224 716 suspensura
1246 665 1319 700 tua
1344 664 1421 699 est.
1451 658 1503 699 Iu
1540 655 1747 700 fluctibus

355 727 530 772 invocat
552 727 731 785 abyssus
753 728 854 781 ista,
878 727 922 770 in
945 727 1214 785 suspensuris
1227 726 1399 770 invocat
1420 724 1598 770 alteram
1616 726 1748 784 abys-

355 815 468 844 sum.
508 802 558 843 In
591 813 641 845 eo
663 798 785 859 quod
806 797 975 853 laboro,
1001 813 1151 842 omnes
1174 798 1334 842 fluctus
1358 798 1422 842 tui
1451 816 1459 843 z
1480 797 1523 842 in
1555 812 1607 842 eo
1629 796 1749 857 quod

355 870 531 914 minaris
569 870 768 929 gravius,
814 883 963 914 omnes
1000 869 1303 928 suspensiones
1337 878 1425 913 tuae
1443 884 1572 928 super
1588 883 1657 912 me
1679 869 1749 912 in-

357 956 511 1000 gressae
543 949 659 985 sunt.
681 940 767 994 Qui
786 940 902 984 enim
924 939 1133 996 minatur,
1159 956 1249 985 non
1271 940 1445 999 premit,
1470 937 1546 984 sed
1568 954 1750 998 suspen-

355 1010 435 1056 dit.
461 1011 545 1056 Sed
563 1011 666 1072 quia
687 1010 868 1067 liberas,
895 1011 980 1056 hoc
1009 1010 1097 1055 dixi
1137 1012 1293 1055 animae
1328 1026 1437 1055 meae
1463 1029 1472 1055 :
1503 1029 1523 1052 «
1550 1012 1682 1070 Spera
1704 1010 1750 1054 in

358 1101 378 1125 »
414 1086 581 1138 Deum,
623 1083 831 1144 quoniam
873 1082 1118 1128 confitebor
1148 1081 1239 1138 illi,
1270 1081 1457 1126 salutare
1484 1080 1632 1125 vultus
1665 1080 1750 1124 mei

359 1172 380 1195 »
414 1156 529 1199 Deus
551 1169 673 1199 meus
689 1155 751 1199 ³.»
764 1154 876 1209 Quia
892 1153 1028 1214 magis
1047 1153 1198 1199 crebra
1216 1162 1317 1199 sunt
1329 1152 1458 1209 mala,
1479 1150 1649 1197 dulcior
1670 1151 1752 1196 erit

356 1225 649 1270 misericordia
667 1235 758 1270 tua.

414 1299 535 1342 XVI.
564 1296 669 1342 Ideo
688 1297 885 1358 sequitur
910 1315 920 1341 ε
950 1316 970 1339 «
999 1299 1050 1341 In
1068 1296 1138 1341 die
1151 1294 1375 1341 mandavit
1396 1294 1606 1339 Dominus
1627 1293 1752 1338 mise*

359 1386 379 1409 »
414 1367 648 1412 ricordiam
670 1383 808 1424 suam,
826 1377 869 1412 et
889 1376 1019 1412 nocte
1042 1366 1283 1411 declarabit
1301 1367 1332 1410 ⁴.
1353 1384 1373 1407 »
1389 1365 1509 1411 Nulli
1525 1375 1650 1410 vacat
1671 1381 1751 1409 au-

356 1436 449 1482 dire
469 1438 515 1482 in
537 1438 836 1483 tribulatione.
865 1438 1091 1484 Attendite
1114 1452 1214 1481 cum
1236 1436 1360 1481 vobis
1395 1436 1506 1480 bene
1538 1445 1603 1480 est
1630 1454 1640 1482 z
1671 1451 1752 1480 au-

355 1508 445 1553 dite
476 1525 576 1554 cum
603 1510 726 1554 vobis
759 1510 873 1554 bene
905 1519 967 1554 est
1005 1528 1013 1553 z
1045 1508 1196 1553 discite
1229 1523 1331 1553 cum
1362 1506 1584 1567 tranquilli
1619 1506 1717 1552 estis
1736 1540 1749 1562 ,

355 1579 579 1639 sapientiae
601 1579 872 1640 disciplinam
887 1615 898 1636 ,
925 1589 970 1624 et
990 1579 1173 1624 verbum
1196 1579 1274 1622 Dei
1299 1587 1349 1623 ut
1371 1578 1518 1622 cibum
1541 1576 1748 1636 colligite.

356 1649 545 1703 Quando
568 1649 683 1694 enim
708 1651 894 1710 quisque
908 1650 953 1693 in
971 1648 1253 1694 tribulatione
1269 1657 1352 1704 est,
1370 1647 1572 1708 prodesse
1589 1646 1651 1690 illi
1673 1648 1754 1691 de-

355 1720 432 1763 bet
454 1720 576 1780 quod
597 1735 774 1764 securus
797 1719 978 1765 audivit.
1004 1719 1178 1764 Etenim
1196 1719 1242 1762 in
1253 1719 1381 1763 rebus
1399 1717 1613 1778 prosperis
1628 1733 1752 1761 man-

355 1791 432 1835 dat
453 1791 535 1836 tibi
558 1794 672 1835 Deus
692 1790 1031 1836 misericordiam
1048 1805 1185 1845 suam,
1207 1790 1242 1833 si
1263 1789 1301 1833 ei
1320 1788 1506 1833 fideliter
1527 1788 1750 1846 servieris3

355 1861 458 1922 quia
480 1860 638 1905 liberat
660 1870 702 1906 te
725 1861 780 1906 de
797 1861 1079 1906 tribulatione
1106 1880 1114 1905 ε
1140 1858 1216 1904 sed
1243 1875 1332 1904 non
1356 1859 1436 1903 tibi
1466 1858 1659 1903 declarat
1682 1859 1752 1918 ip-

355 1947 446 1976 sam
469 1930 824 1987 misericordiam‚
850 1947 984 1992 quam
1002 1931 1080 1975 tibi
1094 1945 1171 1990 per
1191 1928 1306 1973 diem
1329 1928 1568 1984 mandavit,
1586 1929 1664 1973 nisi
1675 1944 1753 1989 per

356 2010 545 2048 noctem.
581 2003 695 2046 Cum
731 2002 901 2046 venerit
938 2002 1027 2061 ipsa
1059 1999 1299 2055 tribulatio,
1332 2009 1437 2044 tune
1469 1998 1686 2060 adjutorio
1709 2008 1752 2044 te

356 2089 447 2118 non
469 2071 628 2118 deserit
644 2092 652 2118 :
671 2071 863 2118 ostendit
887 2072 964 2117 tibi
980 2087 1132 2116 verum
1155 2071 1285 2116 fuisse
1304 2070 1424 2131 quod
1446 2070 1525 2115 tibi
1544 2086 1621 2131 per
1634 2069 1750 2114 diem

355 2144 595 2190 mandavit.
622 2145 798 2189 Etenim
820 2144 1028 2205 seriptum
1053 2153 1116 2188 est
1137 2142 1330 2204 quodam
1352 2142 1449 2187 loco
1473 2162 1482 2188 :
1511 2162 1531 2184 «
1550 2142 1750 2202 Speciosa

359 2234 379 2257 »
415 2214 706 2260 misericordia
724 2215 897 2260 Domini
918 2215 964 2259 in
981 2224 1178 2273 tempore
1197 2211 1489 2259 tribulationis
1506 2248 1516 2269 ‚
1538 2214 1649 2258 sieut
1670 2229 1752 2257 nu-

362 2306 379 2327 »
415 2286 490 2330 bes
513 2285 673 2346 pluviae
691 2285 737 2330 in
758 2295 953 2346 tempore
971 2284 1172 2330 siccitatis
1195 2286 1227 2328 ⁵.
1256 2287 1307 2328 In
1329 2284 1399 2328 die
1420 2284 1641 2328 mandavit
1658 2286 1748 2328 Do-

360 2374 380 2396 »
416 2356 558 2400 minus
578 2355 915 2402 misericordiam
938 2371 1083 2411 suam⁷
1111 2364 1154 2399 et
1177 2364 1304 2399 nocte
1328 2354 1581 2399 declarabit.
1610 2372 1629 2394 »
1650 2357 1749 2400 Non

357 2425 436 2470 tibi
452 2425 640 2472 ostendit
667 2427 769 2488 quia
781 2426 1070 2471 subvenittibi
1085 2461 1096 2481 ‚
1117 2425 1197 2470 nisi
1211 2426 1378 2470 venerit
1395 2426 1472 2469 tibi
1496 2424 1742 2481 tribulatio,

406 2529 414 2546 ¹
437 2522 515 2555 Psal.
538 2534 741 2564 cxxxv1u‚7.
761 2540 801 2546 —
821 2530 834 2547 ¹
854 2523 900 2556 ld.
926 2534 988 2560 xm,
1005 2522 1036 2555 8.
1055 2538 1095 2544 —-
1116 2519 1277 2554 ³1bi‹l.6.
1298 2538 1339 2544 —-
1360 2520 1375 2550 6
1397 2521 1476 2554 Ibid.
1497 2533 1528 2563 9.
1551 2538 1591 2544 —-
1610 2519 1625 2546 6
1643 2520 1745 2553 Eccli.

360 2588 456 2618 xxxv,
474 2578 528 2609 526.
