1841 3223
407 211 491 248 210
840 218 873 246 S.
910 218 1142 247 Aucusrmi
1177 222 1362 248 EPISCOPI

405 289 550 344 Euge,
577 286 705 344 cuge!
733 284 887 330 dicunt
903 320 913 340 ,
930 285 1066 330 sedin
1090 295 1131 330 te
1163 301 1232 329 me
1255 285 1426 344 gloriari
1442 285 1617 341 vident,
1633 287 1667 330 si
1684 287 1791 347 quid

403 357 545 401 habeo
566 356 726 414 gloriae.
748 374 764 395 «
783 356 865 409 Qui
885 357 1000 400 enim
1024 356 1247 415 gloriatur,
1271 358 1315 401 in
1333 357 1519 402 Domino
1537 355 1743 415 glorietur
1758 361 1786 401 ¹.

403 445 424 469 »
460 427 670 471 Exultent
691 436 734 471 et
750 428 1051 484 Jucundentur
1073 445 1238 483 omnes,
1265 429 1341 489 qui
1373 438 1414 473 te
1445 439 1675 488 quaerunt,
1708 432 1792 473 Do-

404 518 422 539 »
458 497 598 552 mine,
619 507 663 542 ct
681 496 829 542 dicant
849 514 1018 559 semper
1042 519 1050 543 ε
1068 500 1372 558 Magnificetur
1391 499 1654 543 Dominus.»
1680 500 1792 552 Quia

401 567 479 612 etsi
503 584 553 611 ex
574 578 800 628 peccatore
822 570 872 614 fit
893 571 1058 630 justus,
1094 569 1149 614 da
1173 570 1353 628 gloriam
1385 569 1448 613 illi
1470 570 1546 630 qui
1581 570 1794 629 justificat.

398 639 624 698 impium&
655 641 751 685 Sive
777 656 880 699 ergo
904 650 1106 700 peccator
1133 641 1207 694 sit,
1239 639 1444 684 laudetur
1473 641 1550 701 qui
1572 641 1628 685 ad
1647 639 1793 684 indul-

399 710 590 768 gentiam
605 720 732 755 vocat
753 729 761 755 ς
782 711 869 755 sive
892 711 1091 771 quisjam
1112 710 1310 755 ambulet
1331 711 1377 754 in
1394 711 1462 755 via
1474 711 1675 771 justitiae,
1699 711 1791 755 lau-

398 779 528 825 detur
549 781 625 841 qui
650 781 704 826 ad
733 796 939 827 coronam
955 791 1097 826 vocat.
1129 801 1149 824 α
1172 784 1350 841 Semper
1377 782 1680 840 magnificetur
1704 785 1792 828 Do-

403 869 422 892 »
457 851 619 906 minus,
641 852 696 896 ab
714 851 781 895 his
803 851 879 911 qui
901 849 1092 910 diligunt
1112 850 1299 896 salutare
1316 861 1459 896 tuum.
1481 870 1500 893 »

455 923 640 966 XXVII.
681 942 700 964 «
725 924 819 981 Ego
843 932 989 966 autem
1017 942 1026 968 2
1054 941 1073 964 »
1100 923 1171 967 cui
1194 915 1598 983 quaerebant'mala.
1645 942 1665 965 «
1696 926 1791 983 Ego

403 1011 420 1033 »
443 1001 591 1036 autem
618 1012 626 1038 ε
654 1011 675 1034 ))
701 994 825 1053 cujus
848 993 1037 1037 animam
1060 993 1338 1054 quaerebant,
1362 1002 1414 1037 ut
1427 991 1647 1037 auferrent
1675 1009 1786 1038 eam.

395 1062 483 1107 Sed
504 1072 708 1108 converte
728 1072 768 1107 te
790 1064 845 1107 ad
867 1063 988 1108 aliud
1013 1078 1147 1122 genus
1171 1064 1417 1108 hominum.
1451 1083 1471 1106 «
1492 1067 1587 1123 Ego
1612 1073 1757 1108 autem
1776 1099 1788 1120 ,

400 1150 420 1174 »
452 1135 522 1179 cui
552 1134 788 1179 dicebant:
814 1138 958 1193 Euge,
986 1151 1123 1194 euge,
1159 1150 1321 1194 egenus
1353 1144 1396 1178 et
1423 1150 1589 1194 pauper
1625 1151 1735 1179 sum.
1765 1152 1787 1176 »

392 1207 490 1251 Non
511 1215 576 1249 est
593 1205 715 1265 quod
740 1205 787 1249 in
816 1221 884 1249 me
910 1221 1058 1250 meum
1086 1205 1306 1250 laudetur.
1335 1204 1559 1250 Discindat
1592 1204 1666 1249 ille
1698 1221 1790 1250 sac-

398 1292 499 1321 cum
517 1292 687 1333 meum,
713 1278 933 1336 cooperiat
950 1293 1020 1321 me
1041 1277 1149 1322 stola
1167 1293 1257 1321 sua.
1289 1296 1308 1319 «
1324 1277 1434 1321 Vivo
1457 1276 1572 1321 enim
1589 1278 1680 1337 jam
1701 1292 1792 1321 non

397 1366 418 1390 »
455 1364 559 1407 ego,
584 1349 691 1394 vivit
713 1358 861 1393 autem
882 1349 928 1392 in
950 1364 1019 1392 me
1033 1349 1274 1394 Christusss.
1295 1368 1315 1389 »
1345 1349 1387 1394 Si
1403 1349 1565 1393 vivitin
1584 1338 1627 1392 te
1644 1349 1792 1394 Chris-

396 1429 466 1464 tus
481 1455 491 1475 ,
515 1429 559 1464 et
581 1429 725 1464 totum
747 1418 870 1481 quod
898 1421 1002 1465 boni
1029 1420 1164 1465 habes
1187 1420 1349 1466 Christi
1372 1429 1464 1475 est,
1502 1429 1644 1465 totum
1668 1420 1792 1481 quod

395 1490 580 1534 habebis
596 1490 755 1535 Christi
779 1500 843 1535 est
865 1509 873 1535 z
899 1500 948 1535 tu
969 1501 1100 1550 perte
1116 1491 1259 1550 ipsum
1282 1489 1392 1552 quid
1413 1507 1457 1536 es
1478 1493 1496 1535 Ρ
1529 1511 1549 1534 (ε
1574 1494 1666 1549 Ego
1688 1506 1790 1550 ege—

401 1578 422 1601 »
455 1576 536 1604 nus
574 1570 617 1605 et
647 1576 828 1620 pauper.
849 1578 868 1601 »
890 1563 984 1618 Ego
1014 1571 1160 1605 autem
1183 1577 1273 1606 non
1299 1560 1417 1606 dives
1433 1596 1443 1616 ‚
1469 1561 1679 1621 quianon
1695 1577 1791 1605 sum

398 1631 628 1689 superbus.
650 1631 776 1675 Dives
799 1640 890 1675 erat
911 1629 984 1674 ille
1007 1631 1084 1690 qui
1114 1630 1289 1675 dicebat
1311 1650 1319 1675 ε
1344 1650 1364 1673 «
1385 1631 1551 1675 Gratias
1582 1631 1663 1675 tibi
1693 1646 1788 1689 ago,

401 1719 423 1742 »
459 1701 643 1744 Domine
661 1734 671 1752 ‚
707 1701 809 1760 quia
832 1715 922 1745 non
945 1716 1042 1744 sum
1057 1699 1169 1744 sicut
1189 1701 1335 1745 caeteri
1356 1699 1554 1744 homines
1577 1701 1592 1725 ⁴
1620 1720 1630 1744 2
1663 1719 1683 1741 »
1705 1716 1792 1760 pu-

396 1770 594 1815 blicanus
612 1780 758 1815 autem
777 1780 868 1815 erat
889 1786 1071 1830 pauper,
1087 1771 1164 1831 qui
1186 1769 1359 1814 (licebat
1377 1790 1385 1815 ;
1414 1790 1433 1812 «
1458 1771 1664 1825 Domine,
1686 1786 1791 1830 pro-

398 1860 418 1882 »
456 1841 587 1901 pitius
608 1850 698 1886 esto
716 1841 822 1885 mihi
841 1841 1072 1900 peccatori.
1104 1859 1123 1881 n
1156 1839 1234 1884 llle
1247 1839 1302 1884 de
1324 1841 1548 1885 saturitate
1571 1841 1787 1896 ructabat,

397 1911 469 1956 ille
491 1912 546 1956 de
568 1910 682 1956 fame
705 1912 920 1972 plorabat.
947 1914 1157 1969 «Egenus
1180 1921 1223 1955 et
1239 1927 1406 1971 pauper
1428 1928 1539 1956 sum.
1567 1930 1587 1952 >›
1614 1914 1671 1956 Et
1685 1911 1792 1971 quid

394 1982 590 2029 facturus
612 2000 671 2038 es,
693 1999 719 2028 o
741 1999 876 2043 egene
895 1993 938 2027 et
950 1985 1140 2043 pauper?
1155 1983 1357 2028 Mendica
1375 1993 1475 2027 ante
1492 1988 1672 2039 januam
1687 1983 1787 2040 Dei3

392 2053 539 2115 pulsa,
565 2063 609 2098 et
631 2054 848 2114 aperietur
870 2053 965 2097 tibi.
992 2072 1012 2096 ‹<
1038 2057 1129 2112 Ego
1163 2063 1310 2098 autem
1348 2069 1511 2113 egenus
1541 2062 1586 2097 et
1623 2068 1792 2113 pauper

397 2143 418 2168 »
450 2141 547 2170 sum
573 2144 582 2170 ε
612 2124 822 2169 Dominus
859 2139 1009 2168 curam
1038 2123 1222 2167 habebit
1264 2123 1365 2167 mei.
1405 2126 1528 2168 Jaeta
1561 2124 1607 2167 in
1636 2124 1790 2168 Domi-

397 2214 419 2239 »
455 2212 563 2241 num
586 2210 736 2241 curam
760 2204 880 2239 tuam
896 2229 907 2250 ,
933 2203 977 2238 et
991 2209 1113 2253 spera
1137 2194 1183 2238 in
1213 2209 1338 2250 eum,
1364 2203 1408 2238 et
1438 2194 1529 2254 ipse
1558 2193 1688 2238 faciet
1711 2196 1742 2237 ⁵.
1767 2212 1788 2235 n

397 2267 515 2322 Quid
537 2268 615 2313 tibi
634 2276 863 2312 curaturus
884 2267 962 2310 es?
985 2265 1093 2326 quid
1120 2265 1198 2309 tibi
1221 2265 1498 2326 provisurus?
1532 2265 1702 2310 Habeat
1726 2266 1792 2311 tui
1840 2302 1841 2336 ἦ

398 2355 547 2384 curam
565 2338 641 2399 qui
663 2337 766 2382 fecit
788 2347 845 2381 te.
866 2336 952 2390 Qui
972 2335 1128 2380 habuit
1146 2336 1209 2380 tui
1232 2351 1383 2381 curam
1401 2345 1637 2396 antequam
1660 2351 1786 2391 esses,

398 2409 623 2470 quomodo
640 2425 730 2455 non
746 2408 927 2453 habebit
942 2421 1091 2451 curam
1114 2422 1214 2451 cum
1230 2407 1321 2467 jam
1335 2407 1418 2451 hoc
1433 2422 1498 2462 es,
1520 2405 1641 2466 quod
1653 2405 1792 2458 voluit
1838 2407 1841 2431 ³

1840 2348 1841 2375 l

1839 2381 1841 2402 π

1837 2456 1840 2483 ἐ

451 2515 460 2531 ¹
489 2519 501 2540 1
530 2510 602 2540 Cor.
622 2509 644 2548 i,
668 2508 720 2540 31.
737 2523 780 2531 --
800 2513 813 2530 ²
832 2508 923 2539 Rom.
940 2516 988 2548 w,
1007 2497 1038 2538 5.
1058 2521 1100 2528 —-
1116 2503 1130 2528 3
1148 2504 1216 2537 Gal.
1236 2515 1271 2546 ιι,
1297 2513 1349 2537 20.
1371 2520 1413 2527 —
1429 2503 1445 2535 lo
1463 2506 1539 2536 Luc.
1565 2515 1651 2545 xvm,
1673 2504 1789 2536 11-13.
1836 2543 1837 2546 Ἴ

404 2580 446 2589 -
460 2561 475 2588 5
491 2564 572 2597 Psal.
593 2573 658 2605 nv,
680 2563 733 2596 23.
