1841 3223
371 201 423 237 78
811 208 843 235 s.
881 208 1110 235 Accusnm
1143 208 1323 235 EP15COP1

370 273 489 318 tabat
511 273 643 318 vitam
666 273 801 323 illius,
838 272 913 331 qui
946 271 1211 316 induebatur
1232 286 1425 332 purpura
1455 279 1498 316 et
1518 271 1647 330 bysso
1663 306 1674 327 ,
1715 280 1760 316 et

369 345 628 405 epulabatur
649 343 845 404 quotidie
867 342 1118 403 splendide3
1146 345 1356 388 Dominus
1380 353 1526 387 autcm
1544 344 1619 403 qui
1636 358 1760 403 pros-

367 416 553 475 piciebat
574 414 664 458 dics
695 413 830 470 illius,
855 423 1034 459 noverat
1055 416 1146 475 ejus
1170 413 1316 458 futura
1338 423 1578 468 tormenta,
1604 423 1648 458 et
1668 414 1759 458 sine

367 487 454 530 {inc
491 494 722 529 tormenta.
755 488 870 545 Ergo
889 521 900 542 ,
945 505 965 528 «
988 485 1119 531 Novit
1145 485 1354 530 Dominus
1377 485 1467 530 vias
1499 483 1760 530 immacula-

371 574 391 597 »
427 566 586 600 torum.
617 574 638 597 »

426 629 548 670 VIII.
588 646 609 669 «
634 629 691 671 Et
717 626 946 672 hoereditas
970 642 1121 671 corum
1144 627 1190 670 in
1212 635 1426 671 aeternum
1446 626 1528 670 erit
1544 628 1574 670 1.
1604 644 1624 668 n
1667 628 1761 671 Hoc

367 696 413 740 in
448 696 534 740 fide
557 697 767 742 habemus
805 718 813 742 :
849 699 1058 742 Dominus
1090 697 1308 758 numquid
1340 699 1384 741 in
1406 696 1525 741 fide?
1551 697 1761 742 Dominus

368 767 490 812 novit
518 767 591 811 illa
620 769 663 813 in
697 778 815 813 tanta
840 768 1211 823 manifestatione,
1244 768 1289 811 in
1311 776 1475 828 quanta
1497 783 1588 812 non
1610 783 1763 828 possu—

369 854 464 883 mus
492 838 661 894 dicerc,
691 854 793 883 cum
818 838 886 885 vel
920 839 1080 900 aequati
1110 838 1286 897 Angelis
1310 839 1485 883 erimus.
1511 841 1609 884 Non
1645 839 1762 882 enim

368 911 494 954 nobis
515 920 603 954 tam
627 909 852 954 manifesta
875 920 1025 965 crunt,
1051 926 1151 970 quae
1183 920 1311 954 crunt
1341 908 1593 968 manifesta,
1627 924 1760 970 quam

369 991 471 1026 sunt
488 981 713 1026 manifesta
732 981 793 1026 illi
810 982 886 1043 qui
908 998 987 1027 nec
1009 982 1269 1027 commutari
1286 991 1442 1042 potest.
1460 985 1622 1026 Tamen
1643 991 1687 1026 et
1707 980 1762 1026 de

369 1053 495 1097 nobis
522 1052 630 1113 quid
651 1052 819 1097 dictum
841 1056 934 1097 est?
968 1052 1276 1098 «Dilectissimi
1294 1089 1304 1109 ,
1331 1069 1450 1098 nunc
1482 1052 1559 1097 filii
1589 1053 1666 1097 Dei
1686 1068 1762 1097 su-

372 1142 392 1164 »
428 1139 549 1178 mus,
575 1133 618 1168 ct
640 1123 838 1169 nondum
869 1125 1069 1184 apparuit
1097 1124 1218 1186 quod
1242 1125 1402 1169 erimus
1431 1144 1438 1169 :
1475 1124 1631 1168 scimus
1659 1124 1763 1184 quia

372 1213 392 1237 »
428 1211 530 1239 cum
548 1196 796 1255 apparuerit
811 1231 821 1251 ,
843 1194 1001 1240 similes
1025 1195 1063 1239 ei
1077 1195 1237 1239 erimus
1252 1231 1262 1249 ,
1289 1196 1495 1256 quoniam
1515 1193 1764 1240 videbimus

373 1284 393 1307 »
429 1282 528 1310 eum
547 1267 672 1311 sicuti
694 1271 830 1310 est‘2.»
855 1269 1059 1311 Servatur
1078 1282 1179 1324 ergo
1196 1267 1321 1311 nobis
1339 1266 1482 1311 nescio
1499 1265 1621 1327 quod
1634 1265 1764 1310 dulce

369 1338 665 1398 spectaculum
700 1339 878 1383 omnino
921 1358 930 1384 z
967 1348 1009 1383 et
1041 1340 1074 1383 si
1103 1339 1282 1397 cogitari
1309 1356 1362 1383 cx
1389 1338 1533 1399 aliqua
1567 1348 1689 1398 parte
1719 1337 1765 1382 in

370 1410 601 1468 aenigmate
624 1420 667 1454 et
690 1426 766 1470 per
787 1410 1014 1470 speculum
1038 1420 1199 1470 potest,
1221 1411 1303 1454 dici
1321 1419 1467 1454 tamen
1488 1408 1611 1453 nullo
1631 1407 1764 1454 modo

371 1489 513 1539 potest
538 1481 816 1538 pulchritudo
833 1481 948 1525 illius
966 1480 1233 1536 dulcedinis,
1260 1497 1393 1542 quam
1416 1489 1556 1525 servat
1580 1483 1693 1524 Deus
1710 1479 1766 1524 ti·-

371 1552 592 1596 mentibus
619 1568 687 1607 se,
717 1553 883 1611 perficit
911 1563 1057 1596 autem
1081 1553 1353 1612 sperantibus
1374 1552 1420 1595 in
1442 1553 1530 1596 se3.
1554 1550 1665 1595 Illuc
1687 1566 1766 1611 pa-

372 1631 525 1665 rantur
548 1622 678 1667 corda
697 1633 840 1667 nostra
864 1624 908 1666 in
926 1624 1129 1667 omnibus
1141 1624 1242 1667 vitae
1260 1624 1389 1684 liujus
1408 1622 1765 1667 tribulationi-bus

371 1700 415 1735 et
438 1694 765 1735 tentationibus.
793 1692 891 1735 Noli
914 1694 1086 1749 mirari,
1121 1695 1224 1755 quia
1246 1695 1290 1738 in
1320 1694 1543 1739 laboribus
1566 1694 1726 1754 pararis
1751 1712 1760 1738 :

373 1760 426 1806 ad
449 1777 653 1819 magnum
673 1761 835 1822 aliquid
849 1763 1024 1822 pararis.
1044 1763 1169 1808 Unde
1180 1780 1262 1808 vox
1279 1764 1350 1808 illa
1365 1768 1390 1808 J
1397 1766 1478 1808 usti
1489 1764 1735 1809 confirmati
1752 1783 1762 1809 :

376 1852 396 1875 «
430 1835 529 1877 Non
555 1843 656 1876 sunt
684 1832 912 1891 condignae
942 1834 1158 1893 passiones
1180 1835 1309 1896 hujus
1332 1836 1538 1895 temporis
1562 1836 1618 1880 ad
1638 1836 1765 1881 futu—

374 1922 394 1944 »
432 1919 522 1947 ram
551 1904 753 1962 gloriam,
790 1920 890 1965 quae
916 1905 1178 1949 revelabitur
1208 1908 1253 1950 in
1281 1906 1406 1951 nobis
1423 1909 1454 1950 4.
1484 1926 1504 1948 »
1544 1910 1653 1961 Q‘uae
1685 1908 1766 1952 erit

372 1973 520 2020 futura
544 1976 678 2035 gloria
699 1987 860 2030 nostra,
880 1977 958 2020 nisi
979 1978 1139 2038 aequari
1152 1977 1345 2037 Angelis,
1369 1988 1413 2023 ct
1428 1979 1575 2024 videre
1594 1982 1766 2025 Deum?

372 2049 596 2100 Quantum
626 2058 803 2107 praestat
834 2064 949 2093 cacco
966 2084 976 2103 ,
1002 2049 1077 2109 qui
1103 2049 1167 2093 illi
1189 2050 1337 2095 oculos
1359 2052 1595 2106 sanaverit,
1628 2061 1678 2095 ut
1704 2051 1767 2096 vi-

372 2116 472 2162 deat
494 2119 607 2163 hanc
630 2118 805 2162 lucem?
827 2121 938 2163 Cum
957 2134 1086 2162 sanus
1104 2119 1245 2164 factus
1263 2118 1395 2165 fuerit
1416 2120 1514 2177 ille,
1540 2137 1620 2166 nec
1639 2122 1764 2167 inve-

372 2189 437 2232 nit
465 2189 573 2250 quid
608 2190 789 2248 dignum
819 2189 1031 2249 rependat
1066 2191 1253 2235 sanatori
1286 2208 1380 2237 suo.
1427 2193 1765 2246 Quantumlibet

372 2260 488 2304 cnim
504 2260 566 2304 illi
584 2260 680 2317 det,
701 2261 807 2321 quid
817 2260 938 2305 dabit
955 2260 1041 2305 tale
1057 2261 1187 2322 quale
1213 2262 1286 2306 ille
1308 2264 1534 2322 praestitit?
1555 2267 1609 2309 Ut
1625 2265 1765 2325 pluri-

371 2347 494 2375 mum
533 2331 628 2387 det,
665 2347 821 2376 aurum
855 2330 999 2387 dabit,
1026 2341 1070 2376 ct
1098 2331 1287 2377 multum
1316 2350 1471 2379 aurum
1507 2335 1630 2380 dabit
1655 2355 1664 2381 z
1689 2335 1764 2381 ille

371 2400 515 2446 lucem
539 2403 754 2463 praestitit.
779 2405 832 2448 Ut
860 2403 1031 2448 noverit
1051 2402 1124 2447 ille
1143 2404 1245 2465 quia
1269 2405 1378 2449 nihil
1403 2404 1507 2459 dat3
1535 2406 1682 2452 videat
1714 2407 1762 2451 in

421 2506 429 2522 ¹
460 2499 540 2531 Psal.
560 2511 674 2542 xxxvi,
705 2502 755 2533 18,
776 2516 818 2523 ——
836 2506 850 2524 ²
884 2511 895 2532 1
917 2502 1007 2532 Joan.
1028 2511 1082 2542 ιιι,
1101 2509 1133 2532 2.
1166 2518 1208 2523 —
1228 2499 1241 2523 3
1258 2501 1335 2534 Psal.
1368 2512 1451 2545 xxx,
1481 2503 1532 2535 30.
1559 2520 1602 2528 —
1627 2503 1645 2536 4
1662 2507 1754 2539 Rom.

373 2567 431 2588 vin
446 2580 455 2598 ,
480 2555 529 2588 18.
