1841 3223
370 147 452 185 452
805 156 837 182 S.
874 156 1104 184 Arcus‘rim
1139 159 1319 184 izi-iscom

360 241 380 262 »
424 221 584 279 gaudet
604 229 778 278 propter
796 221 1144 279 xoceinspoiisi1.
1172 221 1353 264 Auditui
1379 236 1473 264 mco
1489 222 1609 265 dabis
1632 223 1752 266 exul-

365 311 385 333 »
424 292 629 334 tationem
653 299 696 331 et
718 288 928 343 Iustitiam,
955 299 997 333 et
1014 289 1269 334 exultabunt
1291 307 1382 334 ossa
1400 291 1640 335 humiliata.
1664 310 1683 332 »

421 363 538 404 ΧΠ.
580 379 599 400 «
626 362 783 402 Avcrte
807 357 957 402 faciem
991 369 1108 403 tuam
1132 376 1154 403 a
1180 361 1362 419 peccatis
1387 361 1492 404 meis
1508 396 1518 415 ‚
1544 370 1587 404 et
1604 377 1752 406 omnes

361 452 378 473 »
415 429 663 489 iniquitates
687 443 803 471 meas
827 428 964 472 delc'2.
995 448 1014 471 »
1032 432 1129 473 Jam
1149 429 1263 473 enim
1286 429 1588 475 exultantossa
1613 432 1751 475 humi-

356 501 474 555 liata,
494 501 585 559 jam
604 500 791 558 hyssopo
815 498 1068 555 mundatus,
1085 499 1260 543 humilis
1275 498 1413 544 sactus
1428 517 1539 545 sum.
1561 505 1750 546 «Averte

363 592 379 613 »
416 570 573 615 faciem
607 578 725 613 tuam
742 604 753 623 ,
795 585 884 614 non
926 586 949 613 a
987 586 1072 625 me,
1099 569 1173 614 scd
1197 587 1219 614 a
1242 571 1428 630 peccatis
1446 572 1565 616 meis.
1592 590 1611 613 »
1633 571 1749 616 Alibi

357 642 522 703 quippe
540 656 665 685 orans
681 639 787 684 dicit
808 659 815 684 ε
837 660 857 682 «
881 642 944 684 Ne
957 649 1123 684 avertas
1147 639 1299 684 faciem
1322 650 1441 685 tuam
1461 657 1484 685 a
1498 643 1605 685 mc³.
1630 663 1646 683 »
1664 643 1749 696 Qui

356 729 446 758 non
459 729 484 756 v
493 712 587 756 ulta
605 727 647 755 se
659 711 791 755 averti
809 709 959 755 faciem
978 711 1069 765 Dei,
1081 709 1177 755 vult
1196 711 1331 755 averti
1351 711 1505 756 faciem
1520 713 1596 757 Dei
1615 729 1637 757 a
1650 729 1750 772 pce·

353 784 458 830 catis
469 784 571 828 suis.
588 786 819 826 Peccatum
833 781 947 824 enim
962 782 1080 824 unde
1102 796 1146 825 se
1165 784 1277 825 Deus
1301 797 1389 826 uon
1413 783 1580 838 avertit,
1594 783 1749 828 adver-

355 856 475 913 tit3si
489 853 690 907 advertit,
710 851 1061 896 animadvertit.«
1075 855 1231 896 Averte
1248 851 1403 896 faciem
1420 863 1538 897 tuam
1557 870 1578 897 a
1593 870 1747 913 peeca-

356 948 373 969 »
410 927 464 971 tis
484 926 588 969 meis
603 960 613 979 ,
635 933 678 967 et
701 938 849 967 omnes
871 923 1120 983 iniquitates
1134 938 1247 966 meas
1261 923 1372 967 dele.
1390 943 1408 965 »
1428 925 1589 984 Satagit
1605 924 1657 969 de
1671 925 1746 970 illo

356 993 509 1057 grandi
531 1003 709 1055 peccato
737 1013 745 1037 :
772 992 869 1053 plus
892 994 1132 1052 praesumit,
1154 1008 1302 1037 omncs
1324 993 1457 1038 deleri
1480 994 1573 1039 vult
1588 996 1747 1057 iniqui-

354 1078 465 1113 tates
483 1082 579 1111 suas
607 1085 614 1110 :
642 1065 865 1125 proesumit
886 1063 940 1108 de
957 1064 1114 1108 medici
1130 1080 1277 1120 manu,
1301 1064 1602 1124 dcmagnailla
1619 1068 1746 1112 mise-

350 1138 562 1193 ricordia,
599 1152 731 1197 quam
760 1137 804 1179 in
831 1135 1043 1195 principio
1074 1135 1231 1179 Psalmi
1261 1136 1479 1181 invocavit
1505 1157 1514 1182 ;
1543 1140 1744 1184 «Omnes

351 1230 372 1252 »
408 1210 659 1270 iniquitates
682 1223 796 1251 meas
818 1206 929 1250 dele.
961 1225 980 1247 »
1007 1207 1176 1250 Avertit
1195 1205 1348 1250 faciem
1367 1210 1495 1263 Deus,
1522 1218 1565 1252 et
1586 1208 1645 1253 sic
1663 1209 1744 1253 dc-

348 1282 410 1327 let
431 1301 442 1338 3
467 1279 703 1324 avertendo
736 1277 891 1322 faciem
913 1286 1089 1337 peccata
1111 1276 1228 1321 delet
1244 1312 1254 1332 ‚
1282 1278 1549 1323 advertendo
1578 1280 1739 1325 scribit.

346 1351 519 1398 Audisti
543 1349 779 1394 avertendo
811 1346 1054 1402 delentem,
1088 1347 1190 1391 audi
1219 1347 1509 1404 advertendo,
1539 1349 1648 1410 quid
1676 1350 1743 1395 sa-

345 1423 558 1468 cientem?
582 1419 741 1463 Vultus
765 1428 911 1462 autem
936 1418 1108 1462 Domini
1139 1433 1268 1476 super
1290 1416 1495 1462 facientes
1518 1419 1628 1464 mala
1645 1456 1656 1476 ‚
1693 1431 1743 1465 ut

346 1513 368 1536 »
404 1492 561 1553 perdat
599 1489 653 1534 dc
686 1499 798 1533 terra
831 1488 1086 1532 memoriam
1119 1489 1302 1532 eorum⁴
1331 1508 1339 1532 :
1376 1507 1395 1529 »
1430 1505 1519 1534 non
1553 1489 1740 1536 delendo

343 1573 521 1626 peccata
556 1576 722 1606 corum.
756 1560 835 1604 Hic
865 1569 1010 1603 autem
1045 1559 1152 1618 quid
1175 1562 1332 1618 rogat?
1358 1579 1377 1601 «
1400 1563 1557 1605 Averte
1583 1561 1739 1606 faciem

344 1657 366 1679 )›
404 1645 523 1680 tuam
558 1650 581 1677 a
615 1631 801 1692 peccatis
838 1631 960 1675 meis.
997 1649 1015 1671 »
1046 1633 1162 1674 Bene
1195 1640 1332 1689 rogat.
1368 1634 1463 1690 Ipse
1501 1633 1617 1676 enim
1650 1649 1739 1678 non

342 1706 497 1752 avertit
511 1704 664 1749 faciem
684 1718 705 1745 a
730 1701 914 1761 peccatis
937 1700 1039 1755 suis,
1059 1700 1225 1745 dicens:
1246 1720 1265 1742 ‹<
1284 1702 1498 1754 Quoniam
1510 1713 1737 1762 peccatum

342 1799 364 1822 »
396 1791 543 1821 meum
561 1790 642 1834 ego
666 1787 895 1831 cognosco.
917 1790 935 1812 »
955 1771 1111 1815 Merito
1135 1787 1258 1830 rogas
1273 1807 1283 1826 ‚
1310 1781 1353 1815 et
1376 1772 1487 1816 bene
1511 1789 1634 1833 rogas
1651 1809 1661 1829 ‚
1687 1784 1736 1818 ut

338 1854 455 1896 Deus
478 1854 643 1892 avertat
665 1843 822 1888 faciem
840 1858 863 1885 a
890 1850 1068 1901 peceato
1092 1851 1189 1896 tuo,
1217 1842 1250 1885 si
1274 1851 1321 1886 tu
1343 1841 1445 1886 inde
1468 1859 1556 1888 non
1580 1845 1734 1889 avertis

338 1922 497 1966 faciem
531 1937 539 1961 :
573 1917 605 1960 si
638 1930 739 1959 vcro
779 1922 1003 1972 peccatum
1042 1921 1169 1956 tuum
1203 1913 1249 1956 in
1271 1912 1399 1957 dorso
1429 1916 1582 1973 ponis,
1621 1919 1733 1960 Deus

338 1992 400 2036 ibi
421 1989 575 2035 faciem
599 1985 738 2046 ponit.
766 1987 831 2027 'su
854 1992 1084 2042 peecatum
1127 1993 1253 2027 tuum
1290 1993 1390 2027 ante
1420 1983 1575 2029 facicm
1611 1995 1730 2031 tuam

339 2069 543 2107 converte
562 2093 572 2113 ‚
597 2058 630 2101 si
658 2056 721 2100 vis
744 2064 793 2098 ut
821 2053 923 2097 inde
946 2057 1057 2098 Deus
1077 2052 1231 2098 facicm
1257 2069 1378 2097 suam
1403 2065 1590 2114 avertat3
1614 2057 1732 2102 etsie

337 2147 514 2177 securus
537 2144 684 2187 rogas,
708 2135 752 2169 et
769 2123 959 2168 exaudit.

395 2205 493 2247 XV.
534 2220 554 2241 «
578 2202 664 2244 Cor
685 2195 901 2241 muudum
924 2210 1020 2238 crea
1042 2194 1167 2238 inme
1188 2198 1311 2239 Deus.
1329 2197 1452 2249 Crea,
1471 2217 1486 2236 »
1503 2212 1591 2241 non
1605 2199 1729 2258 quasi

334 2288 501 2320 novum
525 2268 690 2330 aliquid
708 2267 905 2320 institue⁷
928 2264 1072 2309 dicere
1088 2264 1226 2309 voluit
1253 2285 1260 2310 :
1282 2265 1357 2309 sed
1381 2267 1482 2326 quia
1506 2268 1724 2326 poenitens

333 2345 509 2397 orabat,
535 2345 611 2401 qui
633 2338 904 2384 commiserat
933 2335 1113 2396 aliquid,
1152 2336 1272 2396 quod
1295 2337 1412 2396 prius
1437 2354 1569 2398 quam
1604 2355 1725 2384 com-

333 2416 526 2461 mitteret
542 2410 815 2456 innocentior
823 2417 913 2452 erat
924 2443 934 2463 ,
952 2406 1141 2452 ostendit
1159 2407 1529 2467 quemadmodum
1541 2409 1693 2454 dixerit
1710 2430 1718 2456 :

382 2509 390 2525 1
413 2504 505 2534 Joun.
525 2510 572 2539 in,
593 2508 644 2540 29.
663 2515 703 2519 —
721 2503 733 2518 ²
754 2495 831 2528 qul.
856 2506 885 2536 L,
912 2506 961 2526 11.
979 2511 1019 2516 »-
1039 2491 1117 2525 3Ι11.
1145 2504 1235 2534 xxvi,
1250 2505 1283 2535 ς).
1305 2511 1345 2516 -
1365 2493 1379 2524 4
1399 2495 1573 2537 Id.xxx1n‚
1598 2507 1646 2538 ¹7·
