1841 3223
462 250 703 281 ENARnAno
731 253 778 281 IN
809 250 1011 280 PsALMUM
1043 253 1162 280 XLVI.
1408 236 1491 278 345

117 339 136 361 »
170 318 262 374 bis,
302 318 405 378 quia
430 317 567 375 multi
591 318 646 360 ab
684 318 860 361 Oriente
883 327 926 362 et
959 312 1196 361 Occidente
1229 314 1424 370 venient,
1450 324 1492 360 et

115 410 134 432 »
167 389 424 434 recumbent
449 404 549 432 cum
571 388 792 433 Abraham
829 398 872 433 et
896 392 1012 433 Isaac
1044 398 1087 432 et
1119 386 1254 432 Jacob
1276 387 1322 430 in
1358 401 1492 444 regno

116 479 134 502 »
168 459 425 504 coelorum1.
457 478 473 499 »
501 461 586 503 Iste
618 459 733 501 enim
757 459 964 503 Centurio
992 474 1082 502 non
1112 466 1205 501 erat
1243 456 1297 501 de
1325 456 1492 516 populo

113 529 257 574 Israel.
292 532 402 575 Nam
439 528 486 572 in
523 527 685 587 populo
721 528 853 572 Israel
883 528 1058 588 superbi
1094 527 1364 588 repellebant
1397 543 1421 572 a
1449 543 1495 572 se

110 604 245 643 Deum
266 618 275 643 :
299 599 344 642 in
365 597 635 658 principibus
661 598 868 641 Gentium
884 598 1086 644 inventus
1108 607 1173 642 est
1194 596 1395 653 humilis,
1416 597 1493 657 qui

110 670 165 713 ad
195 685 238 713 se
258 670 460 713 invitaret
489 674 639 712 Deum.
674 667 904 713 Admirans
932 671 1056 713 Jesus
1087 668 1220 711 fidem
1241 668 1394 726 ipsius,
1419 684 1491 714 re-

113 740 272 799 probat
291 739 518 799 perfidiam
548 738 818 784 Judaeorum.
843 740 944 784 Sani
966 740 1080 783 enim
1104 739 1183 783 sibi
1204 737 1494 795 videbantur,

111 826 211 854 cum
233 810 515 870 periculosius
537 819 815 868 aegrotarent,
839 809 1016 870 quando
1038 808 1259 854 medicum
1281 824 1371 852 non
1393 824 1498 867 cog-

111 891 338 928 noscentes
360 881 633 927 occidebant.
656 884 768 926 Cum
788 897 891 941 ergo
912 881 1164 942 reprobaret
1186 889 1230 924 et
1251 878 1500 940 repudiaret

113 953 291 998 illorum
326 952 596 1012 superbiam,
636 952 744 1012 quid
776 953 866 997 ait?
894 971 911 992 «
952 951 1056 996 Ideo
1090 951 1213 996 vobis
1242 951 1361 1006 dico,
1397 952 1500 1011 quia

118 1044 137 1066 »
173 1023 300 1067 multi
316 1023 369 1066 ab
391 1023 569 1067 Oriente
592 1032 634 1066 et
656 1022 892 1067 Occidente
909 1023 1100 1077 venient,
1124 1043 1141 1063 »
1167 1037 1256 1066 non
1278 1022 1502 1081 pertinen-

112 1104 174 1142 tes
205 1094 261 1139 ad
292 1095 594 1154 cognationem
623 1093 755 1138 Israel
785 1113 794 1138 ε
831 1094 1004 1138 venient
1024 1093 1152 1138 multi
1173 1093 1334 1153 quibus
1356 1092 1495 1138 dixit:

115 1184 133 1206 «
160 1166 321 1209 Omnes
359 1173 508 1223 gentes
538 1163 735 1223 plaudite
762 1164 992 1221 manibus;
1027 1174 1070 1210 et
1109 1164 1368 1208 recumbent
1398 1173 1499 1207 cum

118 1254 135 1276 »
161 1235 380 1279 Abraham
415 1234 460 1278 in
492 1249 625 1292 regno
658 1234 885 1278 coelorum.
917 1254 934 1276 »
962 1237 1059 1280 Non
1081 1234 1177 1279 illos
1199 1234 1350 1293 genuit
1371 1249 1500 1278 carne

110 1320 186 1349 sua
209 1305 451 1360 Abraham,
488 1313 531 1348 et
552 1305 774 1349 venientes
804 1304 1060 1348 recumbent
1080 1320 1181 1349 cum
1204 1304 1279 1349 illo
1300 1305 1344 1348 in
1367 1319 1501 1362 regno

111 1374 346 1430 coelorum,
380 1383 424 1418 et
456 1373 532 1418 filii
554 1374 684 1433 ipsius
720 1383 863 1418 erunt.
891 1377 1033 1427 Quare
1068 1373 1143 1418 filii
1166 1374 1332 1433 ipsius?
1359 1393 1376 1415 α
1402 1377 1500 1420 Non

115 1465 133 1486 »
168 1445 258 1488 nati
280 1443 334 1488 de
362 1459 511 1498 carne,
544 1444 618 1487 sed
649 1443 872 1503 sequendo
894 1444 1026 1488 fidem
1057 1444 1205 1505 ipsius.
1232 1443 1332 1488 Filii
1355 1453 1500 1488 autem

116 1536 134 1557 »
168 1516 311 1573 regni,
335 1513 382 1558 id
398 1524 486 1569 est,
511 1516 535 1558 J
540 1514 670 1567 udaei‚
695 1514 824 1558 ibunt
845 1514 888 1557 in
908 1515 1105 1559 tenebras
1128 1515 1357 1558 exteriores
1380 1534 1388 1559 ε
1413 1513 1501 1558 11116

119 1607 136 1629 »
174 1587 256 1630 erit
289 1585 473 1646 ploratio
507 1594 551 1629 et
584 1585 743 1629 stridor
771 1585 970 1629 dentium
985 1588 1016 1629 ².
1049 1607 1065 1627 »
1099 1585 1436 1630 Damnabuntur
1457 1585 1503 1630 in

117 1656 318 1701 tenebras
340 1656 571 1700 exteriores
590 1656 664 1715 qui
689 1655 780 1698 nati
802 1664 904 1699 sunt
925 1655 979 1699 de
998 1671 1125 1700 carne
1147 1655 1351 1709 Abrahae,
1376 1664 1420 1699 et
1440 1670 1505 1698 rc-

113 1726 324 1771 cumbent
343 1741 443 1769 cum
465 1740 516 1770 eo
537 1726 582 1768 in
600 1740 735 1782 regno
753 1725 967 1769 coelorum
984 1725 1060 1785 qui
1077 1725 1232 1769 imitati
1248 1733 1350 1769 sunt
1371 1724 1504 1769 fidem

111 1795 312 1841 Abrahae.
338 1795 494 1840 Merito
517 1810 618 1853 ergo
637 1803 679 1838 et
695 1795 787 1849 hic,
819 1813 835 1834 <‹
864 1795 1086 1854 Principes
1110 1793 1377 1855 populorum
1397 1810 1503 1839 con-

123 1888 141 1909 »
175 1875 391 1911 venerunt
411 1882 510 1910 cum
526 1869 616 1910 Deo
637 1865 873 1909 Abraham.
905 1886 922 1908 »

174 1939 300 1981 XIII.
326 1939 384 1981 Et
406 1936 513 1996 quid
539 1936 602 1980 illi
627 1937 701 1996 qui
723 1937 1002 1996 pertinebant
1020 1935 1075 1981 ad
1096 1939 1236 1981 Deum
1258 1937 1507 1982 Abraham?

116 2026 136 2049 «
170 2007 387 2060 Quoniam
402 2006 462 2050 dii
475 2006 609 2051 fortes
626 2016 752 2049 terrae
767 2006 895 2050 valde
908 2006 1063 2051 elevati
1080 2009 1223 2052 sunt-³.
1244 2026 1264 2049 »
1282 2008 1365 2061 Qui
1384 2017 1506 2052 erant

111 2076 187 2132 dii,
201 2075 389 2136 populus
409 2075 482 2119 ille
503 2076 596 2130 Dei,
612 2076 709 2121 vitis
734 2075 806 2121 illa
825 2077 918 2132 Dei,
940 2076 994 2121 de
1016 2093 1104 2137 qua
1128 2077 1311 2122 dicitur:
1339 2098 1357 2119 «
1378 2081 1401 2122 J
1408 2078 1507 2122 udi—

115 2165 135 2188 »
171 2156 265 2192 cate
281 2147 396 2190 inter
416 2161 485 2190 me
513 2155 556 2190 et
577 2146 690 2190 inter
709 2148 880 2191 vineam
902 2163 1045 2193 meam
1062 2149 1096 2202 4,
1124 2166 1145 2188 »
1171 2148 1298 2191 ibunt
1316 2149 1360 2191 111
1381 2158 1506 2193 16116-

112 2216 210 2260 bras
231 2217 475 2271 exteriores,
501 2232 590 2260 non
612 2218 870 2260 recumbent
890 2232 992 2261 cum
1014 2217 1238 2261 Abraham
1258 2227 1301 2262 61
1324 2222 1442 2262 Isaac
1461 2227 1504 2263 et

112 2286 264 2342 Jacob,
284 2302 375 2331 non
391 2287 658 2331 conveniunt
675 2303 775 2331 cum
793 2291 881 2332 Deo
900 2288 1138 2331 Abraham.
1159 2290 1334 2342 Quare?
1352 2308 1371 2331 «
1388 2292 1504 2343 Quo-

116 2376 136 2399 »
170 2358 289 2401 niam
316 2357 375 2401 dii
394 2356 527 2402 fortes
550 2367 690 2402 terrae.
719 2376 740 2399 >›
768 2357 837 2402 Illi
866 2358 942 2418 qui
963 2367 1086 2402 erant
1108 2358 1169 2403 dii
1192 2357 1324 2403 fortes
1345 2368 1471 2403 terrae
1488 2395 1499 2416 ‚

112 2436 423 2486 praesumentes
451 2425 505 2470 de
526 2436 653 2472 terra.
693 2431 756 2472 De
778 2444 863 2488 qua
899 2430 1042 2472 terra?
1066 2432 1128 2472 De
1159 2444 1202 2472 se
1234 2429 1364 2489 ipsis:
1400 2431 1503 2490 quia

115 2497 252 2540 omnis
273 2497 405 2542 homo
426 2506 554 2542 terra.
582 2497 759 2542 Homini
781 2498 897 2541 enim
919 2498 1085 2542 dictum
1109 2507 1171 2542 est
1198 2517 1206 2543 :
1237 2517 1256 2540 ι(
1278 2502 1406 2545 Terra
1430 2516 1497 2556 es⁷

161 2588 171 2604 ¹
191 2581 390 2623 Matth.v111‚
418 2594 466 2614 11.
487 2599 527 2605 —
548 2582 659 2615 ⁸1b-id.
681 2591 731 2614 12.
749 2599 789 2606 —
810 2581 823 2604 3
843 2582 924 2615 Psal.
940 2594 1024 2625 um,
1049 2594 1098 2616 ro.
1125 2582 1194 2615 -4
1218 2585 1288 2617 lsai.
1309 2595 1344 2626 v,
1367 2585 1397 2617 3.
