1841 3223
372 209 426 246 7³.)
797 221 829 249 s.
871 223 950 248 Αιτς.
962 220 1097 247 escrit-'1
1133 218 1312 246 E1=1scoP1

372 295 416 328 et
437 284 607 329 dicente
629 322 639 340 ‚
669 307 688 328 «
715 285 885 343 Diligite
915 283 1111 328 inimicos
1134 291 1297 327 vestros
1315 317 1325 336 ‚
1350 290 1394 326 et
1421 281 1664 326 benefacite
1691 283 1758 327 liis

374 374 395 396 »
418 356 496 415 qui
525 356 713 401 oderunt
735 358 853 400 νοεῖ.
874 374 894 397 »
931 355 1050 399 Sicut
1081 363 1124 397 et
1146 352 1401 413 Apostolus,
1430 372 1450 394 «
1481 351 1578 397 Noli
1603 353 1759 398 vincia

374 443 395 466 »
421 425 560 480 malo,
597 426 673 470 sed
709 426 833 470 vince
867 425 912 469 in
951 425 1067 470 bono
1103 423 1266 468 malum
1281 428 1313 467 ’ἢ
1348 441 1368 465 »
1400 422 1628 468 Contende
1659 439 1760 468 eum

374 496 490 541 malo
505 532 515 551 ‚
541 496 617 540 sed
649 498 704 541 de
728 496 937 542 bonitate.
968 500 1063 556 lpsa
1086 505 1148 540 est
1172 496 1286 539 enim
1310 510 1410 540 vera
1433 495 1672 551 contentio,
1692 494 1763 539 vel

372 569 515 626 polius
534 577 754 612 certamen
774 568 968 623 salubre,
988 576 1037 612 ut
1059 567 1112 612 sit
1133 568 1271 612 bonus
1287 576 1437 612 contra
1454 566 1619 611 malum
1637 602 1646 622 ,
1671 582 1762 611 non

370 647 421 682 ut
438 640 523 683 sint
544 638 633 684 duo
657 638 774 683 mali.

431 714 488 755 ΙΙ.
511 713 626 769 Ergo
649 711 703 755 ad
727 709 945 755 Psalmum
966 710 1178 769 respicite.
1207 708 1362 752 Primae
1379 717 1521 768 partes
1539 709 1629 768 jam
1645 718 1763 753 trae-

376 790 474 826 tatae
493 791 609 836 sunt,
627 791 871 842 sequuntur
886 783 978 825 haec
1005 801 1013 826 :
1043 800 1063 822 «
1088 780 1346 824 Observabit
1367 789 1568 839 peccator
1575 781 1761 840 justum,

374 871 395 894 »
417 864 460 897 ct
478 854 629 898 stridet
651 869 779 913 super
801 869 899 897 eum
919 852 1126 897 dentibus
1140 853 1225 896 suis
1247 872 1256 897 ;
1277 852 1487 896 Dominus
1505 860 1652 896 autem
1675 852 1766 896 irri-

376 942 397 965 ))
423 923 545 968 debit
567 940 682 968 cum.
707 943 726 965 »
753 926 922 977 Quem?
945 924 1104 983 Utique
1118 931 1391 982 peccatorem
1409 921 1663 966 stridentem
1690 938 1766 966 su-

372 1010 451 1053 per
467 995 634 1054 justum
653 994 859 1038 dentibus
876 993 978 1038 suis.
996 992 1121 1038 Unde
1140 1002 1284 1037 autem
1304 1012 1324 1035 «
1344 993 1554 1037 Dominus
1568 991 1767 1038 irridebit

376 1083 396 1105 »
424 1067 550 1108 cum?
567 1065 783 1118 Quoniam
807 1064 1012 1124 prospicit
1030 1063 1151 1125 quod
1171 1063 1317 1108 veniet
1331 1062 1421 1107 dies
1443 1063 1575 1122 ejusss.
1597 1082 1616 1104 »
1639 1066 1767 1108 Acer-

374 1136 456 1179 bus
478 1135 672 1191 videtur,
699 1151 798 1180 cum
822 1136 1013 1179 minatur
1029 1136 1147 1195 justo
1173 1134 1367 1179 nesciens
1382 1135 1535 1178 horam
1557 1135 1622 1178 sui
1649 1150 1767 1179 eras-

372 1207 510 1250 tinam
537 1226 545 1251 :
563 1206 773 1250 Dominus
791 1216 935 1251 autem
951 1206 1085 1260 videt,
1104 1215 1145 1249 et
1158 1205 1365 1265 prospicit
1378 1205 1494 1248 diem
1508 1206 1614 1265 ejus.
1627 1208 1768 1259 Quem

375 1276 518 1321 diem?
538 1280 635 1330 Quo
654 1276 808 1321 reddet
826 1277 1064 1337 unicuique
1087 1275 1330 1320 seeundum
1355 1292 1485 1335 opera
1510 1277 1624 1319 sua⁴.
1652 1277 1766 1319 The-

375 1348 559 1391 saurizat
576 1347 691 1391 enim
711 1348 791 1391 sibi
822 1347 930 1391 iram
953 1348 997 1390 in
1020 1347 1089 1391 die
1110 1348 1185 1391 irae
1209 1356 1253 1391 et
1281 1347 1553 1391 revelationis
1570 1347 1676 1407 justi
1696 1348 1770 1407 ju-

377 1418 476 1462 dieii
503 1418 620 1462 Deif’.
646 1418 730 1463 Sed
746 1418 1189 1478 Dominusprospicit‚
1211 1427 1258 1462 tu
1269 1428 1515 1463 autemnon
1534 1419 1766 1478 prospicis;

376 1488 583 1533 indicavit
605 1489 681 1533 tibi
703 1489 779 1549 qui
821 1489 1041 1548 prospicit.
1072 1492 1136 1532 Tu
1171 1488 1467 1549 dicim-{injusti
1499 1505 1587 1549 quo
1615 1504 1769 1548 poenas

376 1573 592 1619 pensurus
614 1568 676 1603 est
697 1559 929 1618 ignorabas
951 1578 959 1603 :
984 1559 1061 1604 sed
1082 1559 1156 1620 qui
1179 1559 1278 1615 scit,
1304 1575 1393 1604 non
1416 1569 1458 1604 te
1480 1559 1650 1604 celavit.
1672 1561 1771 1604 Non

378 1645 509 1689 parva
527 1646 624 1690 pars
647 1630 838 1674 scientiae
853 1639 937 1685 est,
962 1631 1113 1675 scienti
1137 1632 1358 1691 conjungi.
1381 1630 1461 1675 Ille
1478 1631 1611 1675 habet
1624 1630 1773 1675 oculos

378 1701 661 1759 cognitionis,
707 1709 756 1743 ‘tu
791 1700 952 1745 habeto
990 1700 1274 1746 credulitatis.
1312 1701 1443 1756 Quod
1481 1702 1601 1747 videt
1633 1705 1770 1757 Deus,

376 1772 505 1817 erede
528 1781 591 1816 tu.
622 1772 775 1815 Veniet
800 1772 916 1816 enim
940 1771 1029 1816 dies
1047 1773 1197 1834 injusti
1215 1809 1225 1828 ‚
1250 1788 1382 1833 quem
1412 1773 1618 1833 prospicit
1640 1776 1770 1819 Deus.

377 1843 463 1896 Qui
481 1841 604 1886 dies?
626 1843 851 1902 Cujusque
878 1841 1098 1887 vindictae.
1126 1845 1306 1887 Necesse
1332 1853 1396 1888 est
1419 1844 1535 1887 enim
1558 1853 1608 1889 ut
1628 1842 1773 1888 vindi-

378 1923 502 1958 cetur
523 1913 568 1956 in
600 1913 806 1972 impium,
831 1912 1078 1958 vindicetur
1110 1913 1155 1957 in
1190 1914 1430 1974 injustum,
1461 1915 1550 1958 sive
1592 1930 1775 1959 eonver-

380 1993 440 2028 tat
461 1999 505 2028 se
520 2019 530 2038 ,
557 1983 645 2027 sive
673 1999 762 2027 non
784 1999 828 2028 se
851 1993 1091 2029 convertat.
1121 1985 1163 2029 Si
1187 1985 1303 2029 enim
1321 2001 1364 2029 se
1377 1987 1662 2041 converterit,
1689 1987 1774 2031 hoc

377 2056 520 2115 ipsum
552 2055 597 2098 in
632 2054 707 2099 illo
740 2055 1014 2114 vindicatur3
1054 2056 1173 2116 quod
1195 2057 1323 2116 periit
1360 2058 1582 2118 iniquitas.
1618 2060 1774 2103 Nonne

377 2126 507 2170 irrisit
537 2126 746 2170 Dominus
779 2126 1042 2185 prospiciens
1073 2125 1164 2170 dies
1198 2127 1450 2187 iniquorum
1480 2127 1669 2171 duorum
1688 2163 1698 2183 ‚
1731 2137 1774 2172 et

379 2197 508 2242 Judae
540 2195 760 2240 traditoris
781 2206 825 2241 et
854 2195 972 2242 Sauli
1001 2199 1341 2257 persecutoris⁶P
1362 2198 1504 2253 Unius,
1527 2197 1643 2242 diem
1670 2214 1774 2259 pro-

379 2268 517 2328 spexit
534 2267 589 2312 ad
607 2283 783 2327 poenam
800 2303 810 2322 ‚
829 2267 1009 2312 alterius
1027 2268 1081 2313 ad
1098 2269 1326 2329 justitiam.
1352 2272 1404 2313 In
1421 2279 1660 2330 utrumque
1683 2270 1775 2314 vin-

379 2338 574 2383 dicatum
598 2347 661 2382 est
700 2357 707 2383 :
742 2338 815 2382 ille
847 2348 910 2382 est
941 2340 1150 2396 gehennoe
1186 2340 1361 2399 ignibus
1394 2339 1651 2400 deputatus,
1695 2341 1773 2385 iste

379 2410 545 2454 coelesti
567 2426 670 2454 voce
694 2419 948 2469 prostratus.
972 2413 1085 2469 Ergo
1107 2420 1149 2455 et
1164 2421 1211 2455 tu
1228 2427 1360 2472 quem
1378 2413 1535 2472 pateris
1550 2412 1768 2473 iniquum,

428 2512 435 2528 ¹
457 2506 570 2537 Manli.
600 2517 634 2547 v,
655 2505 708 2547 Ἰ.,ΙΙ.
730 2522 771 2528 —-
792 2514 804 2529 2
829 2509 917 2539 Rom.
939 2518 993 2547 xii,
1017 2515 1047 2538 2.
1082 2523 1122 2529 —
1150 2505 1162 2529 3
1180 2507 1257 2539 l'snl.
1284 2518 1393 2547 xxxvi,
1417 2516 1467 2545 1⁴2,
1489 2508 1539 2540 13.
1559 2525 1602 2531 —
1620 2506 1636 2538 4
1653 2508 1768 2543 Manli.

383 2573 449 2600 xvi,
475 2572 529 2603 ¹17.
552 2579 591 2583 Μ
612 2560 625 2583 ⁵
646 2564 722 2593 Rom
758 2574 790 2599 ιι,
810 2563 839 2594 Γ»,
859 2580 899 2586 ——
918 2562 932 2582 ⁴¹
953 2567 1022 2595 ¹xcl.
1045 2575 1066 2603 l,
1087 2568 1114 2594 cl
1135 2575 1174 2594 ix.
