1841 3223
429 265 670 296 ENAnnA‘mo
702 268 748 295 IN
779 263 982 294 PsALMUM
1012 264 1114 291 XLV.
1387 249 1471 289 329

84 335 251 379 istum?
274 333 498 393 Numquid
520 331 730 392 pedibus?
764 329 980 390 numquid
1006 327 1223 373 navibus?
1253 327 1472 387 numquid

80 404 270 465 pennis?
303 403 520 463 numquid
556 402 713 462 equis?
746 404 970 454 Quantum
1000 399 1156 443 attinet
1187 397 1241 441 ad
1273 396 1472 441 locorum

79 475 238 535 spatia,
270 488 326 517 ne
348 482 538 532 satagas⁷
564 487 618 515 ne
640 471 934 524 conturberis,
960 471 1051 529 ipse
1074 468 1129 513 ad
1147 477 1189 513 te
1208 468 1343 513 venit.
1366 470 1471 512 Ete-

80 545 172 589 nim
187 560 237 588 ex
258 542 400 603 lapide
411 558 548 603 parvo
570 541 705 586 crevit
722 577 732 596 ‚
755 550 798 585 et
813 539 952 584 factus
975 549 1038 583 est
1050 555 1173 583 mons
1191 553 1372 596 maguus
1387 573 1397 592 ‚
1413 537 1472 582 ita

79 625 131 660 ut
150 615 350 675 impleret
366 615 611 659 universam
627 613 781 657 faciem
799 613 960 656 terrae1.
984 609 1100 664 Quid
1108 611 1170 654 vis
1179 625 1280 669 ergo
1304 609 1358 654 ad
1371 625 1471 653 eum

79 702 158 746 per
179 695 312 730 terras
323 685 470 729 venire
484 719 495 741 ‚
522 685 598 745 qui
612 693 744 728 terras
760 681 954 743 implevit
968 683 985 723 ⁶?
1000 684 1112 725 Ecce
1123 681 1213 741 jam
1225 681 1360 735 venit,
1379 680 1472 724 evi-

82 756 188 815 gila,
214 754 448 801 crescendo
467 764 511 799 et
530 755 792 799 dormientes
803 752 948 813 pulsat
969 771 978 796 :
1003 752 1038 797 si
1055 761 1203 795 tamen
1221 766 1310 795 non
1331 760 1473 794 tantus

82 829 129 872 in
155 827 214 872 eis
243 843 419 872 somnus
452 836 540 882 est,
566 827 640 887 qui
665 826 794 870 etiam
826 833 976 869 contra
1007 832 1201 869 montem
1224 822 1472 867 venientem

84 897 398 953 obdurescant,
423 896 495 941 sed
515 896 694 941 audiant
712 931 723 952 ,
753 915 770 936 «
795 898 929 953 Surge
951 894 1029 955 qui
1051 893 1234 948 dormis,
1251 902 1293 937 et
1314 907 1473 950 exurge

86 989 105 1013 »
137 987 160 1014 a
180 969 387 1025 mortuis,
411 979 454 1014 et
481 969 749 1014 illuminabit
773 977 812 1012 te
830 967 1026 1013 Christus
1041 970 1074 1011 ².
1094 985 1114 1008 n
1139 965 1332 1010 Multum
1356 964 1472 1009 enim

82 1050 175 1085 erat
195 1040 358 1085 Judaeis
374 1039 523 1085 videre
544 1039 749 1100 lapidem.
777 1038 904 1098 Lapis
922 1037 1037 1081 enim
1060 1035 1133 1080 ille
1156 1035 1300 1080 adhuc
1316 1051 1473 1095 parvus

81 1121 172 1156 erat
193 1130 202 1156 ι
226 1111 382 1155 merito
408 1120 451 1155 et
472 1126 655 1171 parvum
665 1118 1044 1169 contempserunt,
1058 1106 1380 1153 contemnendo
1402 1105 1472 1151 of-

80 1180 336 1238 fenderunt,
355 1191 398 1226 et
414 1180 682 1227 offendendo
700 1180 888 1241 quassati
907 1189 1031 1237 sunt3
1047 1187 1179 1223 restat
1196 1187 1246 1222 ut
1263 1187 1306 1221 et
1322 1185 1473 1222 conte-

80 1261 247 1297 rantur.
262 1255 355 1297 Hoc
364 1254 481 1296 enim
498 1252 553 1296 de
564 1251 708 1312 lapide
722 1251 798 1295 illo
815 1250 1053 1295 dictumest
1071 1265 1078 1291 :
1101 1249 1216 1302 «Qui
1240 1247 1473 1293 offenderit

83 1339 104 1364 »
138 1323 185 1366 in
205 1322 396 1382 lapidem
422 1322 547 1367 illum
563 1358 573 1378 ‚
599 1321 906 1382 conquassabit
931 1335 1059 1377 eum3
1084 1335 1214 1379 super
1241 1333 1373 1379 quem
1394 1333 1471 1362 ve-

85 1412 103 1435 »
138 1393 272 1450 nerit,
306 1402 503 1438 conteret
535 1408 635 1436 eum
654 1393 686 1436 3.
718 1412 734 1433 »
762 1390 896 1436 Aliud
924 1400 988 1435 est
1016 1389 1319 1450 conquassari,
1354 1387 1472 1432 aliud

78 1466 243 1509 conteri
262 1484 270 1510 ;
295 1465 571 1526 conquassari
592 1465 736 1508 minus
759 1472 823 1507 est
844 1478 977 1523 quam
1003 1461 1169 1506 conteri
1194 1481 1202 1505 ;
1224 1459 1298 1504 sed
1332 1459 1473 1502 nemi-

79 1550 181 1579 nem
203 1536 389 1581 conterit
421 1534 615 1580 excelsus
633 1535 830 1589 veniens,
859 1533 939 1577 nisi
962 1548 1092 1594 quem
1121 1530 1473 1591 conquassaverit

78 1606 254 1651 humilis
283 1608 445 1667 jacens.
490 1605 624 1651 Modo
654 1607 768 1650 enim
813 1614 1047 1664 antequam
1078 1603 1224 1648 veniat
1262 1602 1473 1646 Dominus

79 1685 241 1732 noster,
261 1677 486 1721 humiliter
501 1677 638 1736 jacuit
666 1676 829 1720 Judaeis
845 1710 856 1730 ,
883 1683 925 1718 et
947 1671 1230 1718 offenderunt
1250 1673 1293 1716 in
1317 1671 1443 1715 illum
1457 1707 1469 1727 ‚

79 1756 123 1792 et
154 1739 427 1808 conquassati
459 1755 561 1790 sunt
587 1766 595 1791 ε
617 1746 763 1790 veniet
793 1754 940 1805 postea
973 1743 1201 1804 injudicio
1226 1759 1304 1787 suo
1331 1742 1473 1787 clarus

81 1827 212 1878 atque
235 1817 346 1862 altus
362 1853 372 1873 ,
388 1833 573 1876 magnus
591 1826 634 1861 et
659 1826 836 1877 potens3
861 1832 950 1860 non
967 1816 1164 1859 infirmus
1178 1824 1226 1858 ut
1230 1813 1468 1874 judicetur,

81 1888 157 1932 sed
179 1887 300 1932 sortis
315 1897 365 1932 ut
380 1887 544 1948 judicet
563 1923 573 1942 ,
603 1896 646 1931 et
674 1895 870 1931 conterat
888 1900 959 1930 eos
982 1886 1057 1946 qui
1075 1884 1346 1945 conquassati
1371 1893 1473 1929 sunt

82 1959 128 2002 in
146 1974 247 2002 eum
269 1957 551 2002 offendendo.
578 1958 706 2017 Lapis
728 1958 843 2001 enim
866 1956 1117 2001 offensionis
1146 1965 1188 1999 et
1209 1964 1328 2015 petra
1353 1970 1473 1998 scan-

80 2028 169 2073 dali
191 2045 281 2073 non
306 2029 585 2073 credentibus
603 2028 694 2087 ipse
712 2029 819 2071 cst4.
847 2030 961 2085 Ergo
977 2062 988 2083 ,
1016 2026 1274 2081 charissimi,
1301 2041 1390 2069 non
1409 2034 1473 2070 est

79 2100 242 2144 mirum
258 2136 268 2156 ‚
294 2101 329 2145 si
346 2103 370 2144 J
375 2100 488 2145 udaei
505 2115 594 2144 non
610 2108 881 2158 agnoverunt
901 2134 911 2154 ‚
938 2114 1068 2159 quem
1092 2107 1299 2158 tauquam
1315 2113 1473 2156 parvu-

79 2170 173 2214 lum
194 2169 385 2230 lapidem
417 2179 517 2215 ante
538 2170 670 2230 pedes
703 2186 801 2214 suos
827 2171 1044 2229 jacentem
1081 2176 1467 2227 contempserunt:

80 2240 143 2285 illi
161 2241 347 2286 mirandi
369 2251 470 2286 sunt
491 2241 566 2301 qui
584 2241 728 2285 adhuc
750 2250 838 2284 tam
867 2255 1073 2299 magnum
1097 2248 1291 2283 montem
1314 2237 1472 2284 nolunt

82 2327 329 2371 agnoscere.
363 2311 505 2356 Judaei
531 2311 576 2354 in
593 2310 782 2370 lapidem
800 2325 985 2370 parvum
1008 2325 1098 2354 non
1116 2308 1307 2354 videndo
1325 2308 1470 2353 offen-

81 2381 264 2436 derunt,
292 2381 486 2426 haeretici
510 2382 555 2424 in
577 2380 774 2425 montem
803 2379 1050 2426 offendunt.
1077 2383 1174 2424 ,Iam
1196 2380 1311 2423 enim
1335 2380 1470 2425 crevit

81 2451 154 2496 ille
174 2452 281 2512 lapis
298 2473 310 2510 3
330 2453 420 2512 jam
432 2451 614 2496 dicimus
636 2451 719 2496 illis
744 2472 752 2496 z
779 2471 797 2494 «
823 2455 937 2495 Ecce
957 2451 1136 2511 impleta
1156 2459 1219 2495 est
1239 2452 1468 2510 prophetia

83 2540 106 2563 ³)
140 2523 344 2578 Danielis,
362 2522 468 2583 lapis
483 2522 556 2567 ille
570 2523 647 2583 qui
669 2532 758 2568 erat
768 2539 948 2583 parvuS,
974 2522 1114 2567 factus
1131 2531 1193 2567 est
1210 2538 1336 2567 mous
1352 2537 1469 2581 mag—

132 2613 140 2628 ¹
157 2609 236 2639 Dan.
252 2618 286 2639 ιι.
306 2606 358 2638 35.
379 2625 420 2630 -—
441 2614 454 2630 2
474 2607 587 2649 Eplws.
609 2619 642 2648 v,
668 2606 720 2649 πῄ.
741 2625 782 2630 -
800 2605 812 2629 3
829 2609 904 2639 Luc.
924 2619 958 2649 x,
979 2607 1028 2640 18.
1055 2625 1095 2631 —
1113 2606 1128 2637 4
1146 2619 1159 2640 1
1184 2609 1270 2640 Pctr.
1291 2618 1326 2648 ῃ,
1344 2608 1375 2639 S.
