1841 3223
301 195 384 234 556
736 207 769 233 s.
807 204 1038 233 Aucus-rim
1070 205 1252 233 Emscom

299 282 349 316 ut
376 272 594 316 exinaniat
615 286 689 315 vas
717 271 839 331 quod
860 271 1041 331 plenum
1064 279 1129 315 est
1150 269 1366 331 nequitia,
1392 278 1442 314 ut
1461 269 1694 330 impleatur

300 345 450 403 gratia.
481 362 500 384 «
516 347 565 386 ln
582 343 642 386 ira
664 343 850 402 populos
867 342 1107 387 deduces.»

357 417 478 458 xlv.
519 434 535 455 «
557 418 691 469 Deus,
718 415 851 458 vitam
871 430 1011 458 meam
1033 413 1256 458 enuntiavi
1278 413 1358 457 tibi
1376 415 1405 456 ¹.
1426 431 1445 454 n
1474 415 1531 458 Ut
1548 413 1693 457 vivam

298 487 412 530 enim
429 520 440 540 ‚
462 495 509 529 tu
534 485 698 541 fecisti,
726 495 768 530 ct
788 485 843 530 ad
865 487 947 530 hoc
966 486 1148 529 enuntio
1170 485 1303 528 vitam
1321 499 1460 528 meam
1485 484 1577 528 tibi.
1601 487 1693 528 Ita-

297 571 352 599 ne
384 571 487 600 vero
509 560 622 600 Deus
644 557 872 614 ignorabat
895 555 1015 616 quod
1036 554 1243 599 dederat?
1271 553 1379 613 quid
1401 563 1463 598 est
1488 553 1609 614 quod
1631 552 1694 597 illi

298 627 528 670 enuntias?
546 630 707 671 Docere
721 627 784 671 vis
800 630 935 670 Deum
947 629 964 670 Ξ)
977 626 1104 670 absit,
1123 629 1240 684 Ergo
1263 624 1371 685 quid
1388 625 1447 669 ait
1467 644 1475 669 ε
1507 644 1526 666 «
1544 628 1695 669 Enun-

300 715 320 738 »
356 698 458 741 tiavi
481 697 586 740 tibi?
607 718 621 738 »
649 701 718 741 An
741 697 852 741 {orte
877 717 885 741 ;
912 697 1022 749 Quia
1046 696 1127 739 tibi
1150 694 1327 755 prodest
1349 694 1470 755 quod
1492 695 1696 739 enuntia-

296 768 400 812 tiavi
422 769 555 811 vitam
580 771 749 811 meam?
771 771 828 811 Et
850 767 958 827 quid
981 766 1157 827 prodest
1181 768 1297 810 Deo?
1320 765 1470 809 Lucris
1493 766 1571 810 Dei
1593 781 1696 825 pro-

297 837 406 882 dest.
434 839 672 882 Enuntiavi
703 841 793 882 Deo
821 838 954 881 vitam
978 852 1118 881 meam
1137 872 1147 891 ‚
1182 837 1284 897 quia
1316 836 1461 880 vivere
1492 852 1562 880 me
1593 835 1696 880 fecit

296 912 424 952 Deus.
455 908 688 962 Quomodo
710 909 955 952 enuntiavit
972 909 1104 952 vitam
1121 923 1243 951 suam
1263 907 1422 951 Paulus
1445 907 1665 966 apostolus
1680 942 1691 962 ,

297 978 445 1023 dicens
474 999 482 1024 ;
509 999 529 1021 «
547 980 627 1033 Qui
652 981 770 1039 prius
795 978 857 1022 fui
878 979 1157 1038 blasphemus
1179 987 1220 1022 et
1245 987 1495 1036 persecutor
1517 987 1560 1022 et
1582 979 1696 1038 inju-

298 1068 318 1090 >›
355 1050 491 1094 riosus
510 1053 544 1093 ².
568 1068 587 1090 ))
623 1049 837 1094 Enuntiet
869 1050 1000 1093 vitam
1036 1065 1159 1093 suam
1197 1068 1205 1093 :
1241 1047 1325 1093 Sed
1358 1048 1696 1093 misericordiam

297 1130 556 1165 consecutus
574 1137 685 1164 Sum.
704 1120 963 1165 Enuntiavit
980 1120 1114 1164 vitam
1134 1134 1274 1174 suam,
1291 1135 1378 1163 non
1394 1119 1491 1175 sibi,
1512 1119 1588 1163 sed
1602 1119 1663 1163 illi
1682 1139 1691 1165 z

297 1192 399 1251 quia
419 1193 477 1236 sic
494 1192 737 1236 enuntiavit
756 1201 804 1235 ut
822 1191 884 1235 illi
901 1191 1168 1246 crederetur,
1191 1206 1281 1235 non
1299 1190 1354 1234 ad
1370 1191 1488 1235 lucra
1509 1206 1602 1245 sua,
1620 1190 1696 1235 sed

296 1261 351 1306 ad
373 1262 493 1306 lucra
517 1262 647 1306 illius.
675 1261 793 1315 Quid
817 1262 934 1305 enim
961 1263 1019 1305 ait
1054 1262 1144 1321 ipse
1167 1260 1357 1305 Paulus?
1383 1261 1521 1305 «Ideo
1543 1261 1694 1306 Chris-

297 1351 316 1374 »
354 1342 423 1376 tus
446 1342 644 1377 mortuus
667 1342 731 1376 est
753 1342 795 1376 et
811 1332 1044 1376 resurrexit
1060 1367 1069 1386 ,
1087 1341 1136 1375 ut
1158 1332 1234 1392 qui
1256 1333 1364 1376 vivit
1380 1334 1470 1392 jam
1496 1347 1586 1375 non
1612 1331 1696 1376 sibi

297 1421 317 1444 »
354 1403 491 1458 vivat,
524 1402 600 1447 sed
623 1403 661 1446 ei
684 1403 759 1463 qui
789 1419 867 1462 pro
891 1402 1096 1446 omnibus
1118 1411 1318 1446 mortuus
1341 1403 1448 1446 est3.
1468 1420 1488 1443 »
1523 1401 1565 1446 Si
1591 1417 1694 1460 ergo

295 1473 427 1528 vivis,
461 1482 505 1517 et
538 1489 626 1517 non
651 1489 673 1516 a
698 1483 740 1517 te
780 1473 913 1527 vivis,
952 1472 1052 1531 quia
1088 1481 1137 1515 ut
1164 1472 1331 1516 viveres
1353 1471 1428 1516 ille
1460 1472 1691 1532 praestitit,

295 1545 473 1588 enuntia
495 1545 630 1588 vitam
654 1553 774 1588 tuam
789 1579 799 1598 ,
822 1559 911 1587 non
929 1544 1009 1587 tihi
1024 1579 1039 1598 ‚
1064 1543 1140 1587 sed
1161 1543 1247 1602 illi,
1270 1559 1360 1588 non
1382 1552 1457 1588 tua
1476 1559 1691 1604 quaerens,

293 1630 383 1659 non
407 1615 487 1659 tibi
508 1616 678 1669 vivens,
705 1614 781 1658 sed
797 1614 836 1658 ei
861 1614 937 1674 qui
960 1629 1039 1673 pro
1061 1615 1264 1659 omnibus
1284 1623 1484 1658 mortuus
1507 1624 1585 1658 est.
1611 1617 1694 1658 Et-

293 1688 409 1731 enim
448 1687 502 1730 de
531 1687 796 1746 quibusdam
828 1686 1022 1746 reprobis
1053 1684 1161 1745 quid
1190 1686 1250 1729 ait
1273 1684 1390 1728 idem
1424 1684 1694 1744 Apostolus?

297 1778 316 1800 t(
351 1760 512 1802 Omnes
535 1758 652 1801 enim
677 1773 751 1802 sua
785 1765 1018 1818 quaerunt,
1057 1772 1146 1800 non
1170 1772 1270 1816 quae
1306 1758 1409 1800 Jesu
1435 1756 1637 1801 Christi⁴.
1668 1775 1688 1798 »

296 1829 338 1873 Si
361 1838 590 1888 propterea
615 1829 813 1872 enuntias
847 1828 980 1872 vitam
1009 1836 1131 1872 tuam
1156 1836 1205 1870 ut
1228 1827 1306 1870 tibi
1329 1828 1489 1886 prosit,
1526 1836 1570 1871 et
1601 1827 1693 1872 aliis

293 1916 382 1945 non
407 1901 563 1960 prosit,
591 1900 670 1943 tibi
700 1900 819 1943 illam
846 1899 1074 1953 enuntias,
1113 1914 1201 1943 non
1230 1902 1319 1942 Deo
1356 1917 1365 1943 ;
1396 1898 1430 1942 si
1456 1908 1603 1942 autem
1633 1900 1692 1944 sic

291 1972 492 2016 enuntias
521 1971 656 2015 vitain
690 1980 833 2025 tuam,
860 1980 909 2013 ut
930 1970 1035 2014 alios
1058 1971 1188 2013 etiam
1210 1970 1366 2014 invites
1394 1970 1450 2014 ad
1473 1970 1692 2030 accipien-

291 2044 392 2088 dam
415 2044 572 2097 vitam,
604 2058 737 2103 quam
771 2052 813 2086 et
848 2051 895 2086 tu
923 2042 1147 2102 accepisti,
1176 2042 1376 2086 enuntias
1407 2042 1541 2086 vitam
1571 2052 1692 2086 tuam

292 2116 354 2159 illi
375 2132 398 2159 a
419 2131 507 2176 quo
526 2115 750 2175 accepisti,
772 2124 815 2158 et
831 2114 1013 2158 habebis
1032 2113 1278 2158 mercedem
1295 2113 1568 2174 ampliorem,
1589 2115 1692 2174 quia

291 2197 334 2232 et
356 2203 406 2231 ex
420 2203 471 2231 eo
489 2186 610 2248 quod
633 2186 837 2245 accepisti
857 2201 945 2229 non
968 2185 1166 2244 ingratus
1178 2185 1367 2229 extitisti.
1394 2188 1540 2229 «Deus
1557 2185 1692 2229 vitam

295 2277 315 2299 »
352 2274 494 2302 meam
528 2257 752 2302 enuntiavi
775 2256 868 2300 tihi.
897 2256 1079 2300 Posuisti
1101 2255 1315 2314 lacrymas
1338 2271 1452 2300 meas
1482 2256 1527 2301 in
1561 2271 1691 2300 cons—

294 2348 314 2370 »
352 2339 483 2389 pectu
508 2339 600 2374 tuo.
630 2347 650 2369 »
683 2326 907 2373 Exaudisti
938 2343 1007 2371 me
1036 2327 1344 2386 deprecantem
1371 2336 1428 2371 te.
1460 2328 1619 2372 «Sicut
1648 2337 1692 2372 et

294 2418 313 2441 »
351 2401 682 2459 repromissione
718 2408 807 2442 tua.
837 2417 855 2439 »
892 2399 999 2451 Quia
1029 2397 1087 2441 sic
1123 2398 1403 2457 promiseras,
1435 2398 1519 2441 hoc
1548 2397 1685 2455 egisti.

290 2470 440 2514 Dixisti
465 2480 508 2514 te
531 2469 838 2514 exauditurum
863 2469 1066 2513 flentem:
1092 2467 1278 2523 credidi,
1307 2468 1405 2512 ssevi
1423 2504 1433 2523 ,
1460 2467 1690 2512 exauditus

339 2554 568 2596 ¹Ps:·1.1,v,9.
591 2572 631 2577 -
652 2562 664 2576 ⁹
690 2566 699 2585 1
723 2554 802 2586 Tim.
825 2553 915 2594 1,13.
937 2570 977 2576 -—
999 2550 1041 2583 31
1065 2554 1136 2585 Cor.
1158 2564 1192 2590 v,
1220 2552 1271 2585 1:'›.
1293 2570 1334 2576 --
1354 2551 1495 2596 4P11ilip.
1523 2563 1559 2594 11,
1587 2562 1607 2584 2
1623 2564 1649 2584 1,

1812 3166 1828 3223 ,ν-
