<?xml version="1.0" encoding="UTF-8"?>
<!DOCTYPE html PUBLIC "-//W3C//DTD XHTML 1.0 Transitional//EN"
    "http://www.w3.org/TR/xhtml1/DTD/xhtml1-transitional.dtd">
<html xmlns="http://www.w3.org/1999/xhtml" xml:lang="en" lang="en">
 <head>
  <title>
</title>
<meta http-equiv="Content-Type" content="text/html;charset=utf-8" />
  <meta name='ocr-system' content='tesseract 3.04.00' />
  <meta name='ocr-capabilities' content='ocr_page ocr_carea ocr_par ocr_line ocrx_word'/>
</head>
<body>
  <div class='ocr_page' id='page_1' title='image "./operaomniaaccura08auguuoft_0387.png"; bbox 0 0 1841 3223; ppageno 0'>
   <div class='ocr_carea' id='block_1_1' title="bbox 247 235 1462 287">
    <p class='ocr_par' dir='ltr' id='par_1_1' title="bbox 247 235 1462 287">
     <span class='ocr_line' id='line_1_1' title="bbox 247 235 1462 287; baseline -0.006 -8"><span class='ocrx_word' id='word_1_1' title='bbox 247 250 490 279; x_wconf 67' lang='lat' dir='ltr'>munaum</span> <span class='ocrx_word' id='word_1_2' title='bbox 522 252 537 280; x_wconf 85' lang='lat'>1</span> <span class='ocrx_word' id='word_1_3' title='bbox 568 251 615 279; x_wconf 63' lang='lat'>11⁸1</span> <span class='ocrx_word' id='word_1_4' title='bbox 647 248 848 279; x_wconf 73' lang='lat' dir='ltr'>PsALMUM</span> <span class='ocrx_word' id='word_1_5' title='bbox 880 250 1044 287; x_wconf 68' lang='lat' dir='ltr'>xtviu,</span> <span class='ocrx_word' id='word_1_6' title='bbox 1077 249 1204 276; x_wconf 67' lang='lat' dir='ltr'>semu.</span> <span class='ocrx_word' id='word_1_7' title='bbox 1240 249 1270 275; x_wconf 91' lang='lat'>1.</span> <span class='ocrx_word' id='word_1_8' title='bbox 1376 235 1462 273; x_wconf 83' lang='lat'>373</span> 
     </span>
    </p>
   </div>
   <div class='ocr_carea' id='block_1_2' title="bbox 18 310 1468 2546">
    <p class='ocr_par' dir='ltr' id='par_1_2' title="bbox 18 310 1468 2546">
     <span class='ocr_line' id='line_1_2' title="bbox 78 310 1467 377; baseline -0.003 -15"><span class='ocrx_word' id='word_1_9' title='bbox 78 325 215 373; x_wconf 88' lang='lat' dir='ltr'>meat,</span> <span class='ocrx_word' id='word_1_10' title='bbox 240 317 411 377; x_wconf 88' lang='lat' dir='ltr'>inquit,</span> <span class='ocrx_word' id='word_1_11' title='bbox 436 317 568 361; x_wconf 91' lang='lat' dir='ltr'>homo</span> <span class='ocrx_word' id='word_1_12' title='bbox 583 351 595 372; x_wconf 93' lang='lat'>,</span> <span class='ocrx_word' id='word_1_13' title='bbox 629 315 749 376; x_wconf 88' lang='lat' dir='ltr'>quod</span> <span class='ocrx_word' id='word_1_14' title='bbox 771 330 860 360; x_wconf 89' lang='lat' dir='ltr'>non</span> <span class='ocrx_word' id='word_1_15' title='bbox 881 314 1014 359; x_wconf 86' lang='lat' dir='ltr'>habet</span> <span class='ocrx_word' id='word_1_16' title='bbox 1034 314 1078 357; x_wconf 90' lang='lat' dir='ltr'>in</span> <span class='ocrx_word' id='word_1_17' title='bbox 1101 321 1314 373; x_wconf 78' lang='lat' dir='ltr'>potestate</span> <span class='ocrx_word' id='word_1_18' title='bbox 1341 310 1467 358; x_wconf 57' lang='lat' dir='ltr'>dcvi-r</span> 
     </span>
     <span class='ocr_line' id='line_1_3' title="bbox 78 374 1459 446; baseline -0.005 -14"><span class='ocrx_word' id='word_1_19' title='bbox 78 392 184 432; x_wconf 84' lang='lat' dir='ltr'>tare.</span> <span class='ocrx_word' id='word_1_20' title='bbox 206 387 339 431; x_wconf 86' lang='lat' dir='ltr'>Verbi</span> <span class='ocrx_word' id='word_1_21' title='bbox 363 386 519 445; x_wconf 88' lang='lat' dir='ltr'>gratia,</span> <span class='ocrx_word' id='word_1_22' title='bbox 545 386 620 446; x_wconf 90' lang='lat' dir='ltr'>qui</span> <span class='ocrx_word' id='word_1_23' title='bbox 643 387 765 430; x_wconf 88' lang='lat' dir='ltr'>timet</span> <span class='ocrx_word' id='word_1_24' title='bbox 785 394 969 429; x_wconf 90' lang='lat' dir='ltr'>mortem</span> <span class='ocrx_word' id='word_1_25' title='bbox 985 420 995 439; x_wconf 95' lang='lat'><strong><em>‚</em></strong></span> <span class='ocrx_word' id='word_1_26' title='bbox 1020 374 1127 444; x_wconf 87' lang='lat' dir='ltr'>quid</span> <span class='ocrx_word' id='word_1_27' title='bbox 1150 381 1342 427; x_wconf 83' lang='lat' dir='ltr'>facturus</span> <span class='ocrx_word' id='word_1_28' title='bbox 1374 391 1459 437; x_wconf 89' lang='lat' dir='ltr'>est,</span> 
     </span>
     <span class='ocr_line' id='line_1_4' title="bbox 78 451 1459 515; baseline -0.006 -12"><span class='ocrx_word' id='word_1_29' title='bbox 78 468 129 503; x_wconf 92' lang='lat' dir='ltr'>ut</span> <span class='ocrx_word' id='word_1_30' title='bbox 145 473 234 503; x_wconf 90' lang='lat' dir='ltr'>non</span> <span class='ocrx_word' id='word_1_31' title='bbox 247 457 482 502; x_wconf 80' lang='lat' dir='ltr'>moriatur?</span> <span class='ocrx_word' id='word_1_32' title='bbox 494 456 617 501; x_wconf 91' lang='lat' dir='ltr'>Dicat</span> <span class='ocrx_word' id='word_1_33' title='bbox 630 455 735 499; x_wconf 86' lang='lat' dir='ltr'>mihi</span> <span class='ocrx_word' id='word_1_34' title='bbox 749 472 835 515; x_wconf 85' lang='lat' dir='ltr'>qua</span> <span class='ocrx_word' id='word_1_35' title='bbox 852 454 1006 499; x_wconf 88' lang='lat' dir='ltr'>evadat</span> <span class='ocrx_word' id='word_1_36' title='bbox 1022 453 1141 513; x_wconf 89' lang='lat' dir='ltr'>quod</span> <span class='ocrx_word' id='word_1_37' title='bbox 1154 452 1286 497; x_wconf 90' lang='lat' dir='ltr'>debet</span> <span class='ocrx_word' id='word_1_38' title='bbox 1302 451 1459 507; x_wconf 82' lang='lat' dir='ltr'>Adam,</span> 
     </span>
     <span class='ocr_line' id='line_1_5' title="bbox 77 524 1464 589; baseline -0.004 -17"><span class='ocrx_word' id='word_1_39' title='bbox 77 528 154 589; x_wconf 88' lang='lat' dir='ltr'>qui</span> <span class='ocrx_word' id='word_1_40' title='bbox 180 536 306 572; x_wconf 90' lang='lat' dir='ltr'>natus</span> <span class='ocrx_word' id='word_1_41' title='bbox 339 535 404 571; x_wconf 88' lang='lat' dir='ltr'>est</span> <span class='ocrx_word' id='word_1_42' title='bbox 430 542 482 570; x_wconf 87' lang='lat' dir='ltr'>ex</span> <span class='ocrx_word' id='word_1_43' title='bbox 513 525 668 570; x_wconf 85' lang='lat' dir='ltr'>Adam.</span> <span class='ocrx_word' id='word_1_44' title='bbox 710 524 795 570; x_wconf 86' lang='lat' dir='ltr'>Sed</span> <span class='ocrx_word' id='word_1_45' title='bbox 829 525 989 582; x_wconf 81' lang='lat' dir='ltr'>cogitet</span> <span class='ocrx_word' id='word_1_46' title='bbox 1024 525 1126 585; x_wconf 87' lang='lat' dir='ltr'>quia</span> <span class='ocrx_word' id='word_1_47' title='bbox 1158 533 1284 567; x_wconf 88' lang='lat' dir='ltr'>natus</span> <span class='ocrx_word' id='word_1_48' title='bbox 1312 532 1376 567; x_wconf 90' lang='lat' dir='ltr'>est</span> <span class='ocrx_word' id='word_1_49' title='bbox 1412 537 1464 566; x_wconf 85' lang='lat' dir='ltr'>ex</span> 
     </span>
     <span class='ocr_line' id='line_1_6' title="bbox 78 592 1465 654; baseline -0.004 -12"><span class='ocrx_word' id='word_1_50' title='bbox 78 597 217 643; x_wconf 78' lang='lat' dir='ltr'>Adam</span> <span class='ocrx_word' id='word_1_51' title='bbox 232 632 243 652; x_wconf 94' lang='lat'>,</span> <span class='ocrx_word' id='word_1_52' title='bbox 283 606 326 640; x_wconf 88' lang='lat' dir='ltr'>et</span> <span class='ocrx_word' id='word_1_53' title='bbox 347 605 520 641; x_wconf 90' lang='lat' dir='ltr'>secutus</span> <span class='ocrx_word' id='word_1_54' title='bbox 542 604 606 641; x_wconf 86' lang='lat' dir='ltr'>est</span> <span class='ocrx_word' id='word_1_55' title='bbox 627 594 844 640; x_wconf 78' lang='lat' dir='ltr'>Christum</span> <span class='ocrx_word' id='word_1_56' title='bbox 864 630 875 649; x_wconf 89' lang='lat'>,</span> <span class='ocrx_word' id='word_1_57' title='bbox 906 603 950 638; x_wconf 89' lang='lat' dir='ltr'>et</span> <span class='ocrx_word' id='word_1_58' title='bbox 972 602 1144 654; x_wconf 84' lang='lat' dir='ltr'>oportet</span> <span class='ocrx_word' id='word_1_59' title='bbox 1174 609 1274 637; x_wconf 85' lang='lat' dir='ltr'>eum</span> <span class='ocrx_word' id='word_1_60' title='bbox 1298 592 1465 637; x_wconf 86' lang='lat' dir='ltr'>solvere</span> 
     </span>
     <span class='ocr_line' id='line_1_7' title="bbox 78 663 1461 728; baseline -0.004 -16"><span class='ocrx_word' id='word_1_61' title='bbox 78 666 199 728; x_wconf 89' lang='lat' dir='ltr'>quod</span> <span class='ocrx_word' id='word_1_62' title='bbox 231 665 364 711; x_wconf 85' lang='lat' dir='ltr'>debet</span> <span class='ocrx_word' id='word_1_63' title='bbox 391 666 528 711; x_wconf 80' lang='lat' dir='ltr'>Adam</span> <span class='ocrx_word' id='word_1_64' title='bbox 545 701 556 721; x_wconf 91' lang='lat'>,</span> <span class='ocrx_word' id='word_1_65' title='bbox 589 675 632 709; x_wconf 86' lang='lat' dir='ltr'>et</span> <span class='ocrx_word' id='word_1_66' title='bbox 654 664 859 724; x_wconf 84' lang='lat' dir='ltr'>consequi</span> <span class='ocrx_word' id='word_1_67' title='bbox 890 663 1009 724; x_wconf 85' lang='lat' dir='ltr'>quod</span> <span class='ocrx_word' id='word_1_68' title='bbox 1031 663 1227 723; x_wconf 82' lang='lat' dir='ltr'>promisit</span> <span class='ocrx_word' id='word_1_69' title='bbox 1248 663 1461 707; x_wconf 83' lang='lat' dir='ltr'>Christus.</span> 
     </span>
     <span class='ocr_line' id='line_1_8' title="bbox 79 732 1464 794; baseline -0.003 -13"><span class='ocrx_word' id='word_1_70' title='bbox 79 737 160 790; x_wconf 82' lang='lat' dir='ltr'>Qui</span> <span class='ocrx_word' id='word_1_71' title='bbox 182 751 282 794; x_wconf 85' lang='lat' dir='ltr'>ergo</span> <span class='ocrx_word' id='word_1_72' title='bbox 306 736 428 780; x_wconf 85' lang='lat' dir='ltr'>timet</span> <span class='ocrx_word' id='word_1_73' title='bbox 454 744 638 780; x_wconf 89' lang='lat' dir='ltr'>mortem</span> <span class='ocrx_word' id='word_1_74' title='bbox 654 770 664 790; x_wconf 90' lang='lat'>,</span> <span class='ocrx_word' id='word_1_75' title='bbox 691 750 780 779; x_wconf 91' lang='lat' dir='ltr'>non</span> <span class='ocrx_word' id='word_1_76' title='bbox 801 743 864 778; x_wconf 85' lang='lat' dir='ltr'>est</span> <span class='ocrx_word' id='word_1_77' title='bbox 892 749 977 794; x_wconf 89' lang='lat' dir='ltr'>qua</span> <span class='ocrx_word' id='word_1_78' title='bbox 1000 732 1154 777; x_wconf 88' lang='lat' dir='ltr'>evadat</span> <span class='ocrx_word' id='word_1_79' title='bbox 1185 753 1194 779; x_wconf 77' lang='lat'><em>2</em></span> <span class='ocrx_word' id='word_1_80' title='bbox 1219 733 1296 792; x_wconf 89' lang='lat' dir='ltr'>qui</span> <span class='ocrx_word' id='word_1_81' title='bbox 1319 742 1464 777; x_wconf 86' lang='lat' dir='ltr'>autem</span> 
     </span>
     <span class='ocr_line' id='line_1_9' title="bbox 78 803 1465 866; baseline -0.004 -15"><span class='ocrx_word' id='word_1_82' title='bbox 78 809 201 852; x_wconf 89' lang='lat' dir='ltr'>timet</span> <span class='ocrx_word' id='word_1_83' title='bbox 233 806 558 851; x_wconf 85' lang='lat' dir='ltr'>damnationem</span> <span class='ocrx_word' id='word_1_84' title='bbox 595 821 728 866; x_wconf 88' lang='lat' dir='ltr'>quam</span> <span class='ocrx_word' id='word_1_85' title='bbox 761 804 938 849; x_wconf 87' lang='lat' dir='ltr'>audient</span> <span class='ocrx_word' id='word_1_86' title='bbox 966 804 1111 863; x_wconf 89' lang='lat' dir='ltr'>impii,</span> <span class='ocrx_word' id='word_1_87' title='bbox 1134 822 1153 844; x_wconf 89' lang='lat'>«</span> <span class='ocrx_word' id='word_1_88' title='bbox 1173 806 1237 847; x_wconf 91' lang='lat' dir='ltr'>Ite</span> <span class='ocrx_word' id='word_1_89' title='bbox 1258 803 1465 859; x_wconf 83' lang='lat' dir='ltr'>inignem</span> 
     </span>
     <span class='ocr_line' id='line_1_10' title="bbox 81 873 1466 938; baseline -0.004 -16"><span class='ocrx_word' id='word_1_90' title='bbox 81 897 101 919; x_wconf 90' lang='lat'>»</span> <span class='ocrx_word' id='word_1_91' title='bbox 129 887 387 932; x_wconf 85' lang='lat' dir='ltr'>aeternum,»</span> <span class='ocrx_word' id='word_1_92' title='bbox 400 887 464 922; x_wconf 88' lang='lat' dir='ltr'>est</span> <span class='ocrx_word' id='word_1_93' title='bbox 480 893 565 938; x_wconf 93' lang='lat' dir='ltr'>qua</span> <span class='ocrx_word' id='word_1_94' title='bbox 581 877 749 921; x_wconf 87' lang='lat' dir='ltr'>evadat.</span> <span class='ocrx_word' id='word_1_95' title='bbox 767 879 864 922; x_wconf 87' lang='lat' dir='ltr'>Non</span> <span class='ocrx_word' id='word_1_96' title='bbox 878 891 978 933; x_wconf 87' lang='lat' dir='ltr'>ergo</span> <span class='ocrx_word' id='word_1_97' title='bbox 992 876 1153 919; x_wconf 89' lang='lat' dir='ltr'>timeat.</span> <span class='ocrx_word' id='word_1_98' title='bbox 1175 873 1335 934; x_wconf 86' lang='lat' dir='ltr'>thuid</span> <span class='ocrx_word' id='word_1_99' title='bbox 1350 874 1466 917; x_wconf 90' lang='lat' dir='ltr'>enim</span> 
     </span>
     <span class='ocr_line' id='line_1_11' title="bbox 77 943 1466 1008; baseline -0.004 -15"><span class='ocrx_word' id='word_1_100' title='bbox 77 948 259 993; x_wconf 79' lang='lat' dir='ltr'>timeat?</span> <span class='ocrx_word' id='word_1_101' title='bbox 281 948 493 1008; x_wconf 87' lang='lat' dir='ltr'>Iniquitas</span> <span class='ocrx_word' id='word_1_102' title='bbox 515 947 703 992; x_wconf 84' lang='lat' dir='ltr'>calcanei</span> <span class='ocrx_word' id='word_1_103' title='bbox 727 946 860 1006; x_wconf 88' lang='lat' dir='ltr'>ipsius</span> <span class='ocrx_word' id='word_1_104' title='bbox 883 945 1007 992; x_wconf 91' lang='lat' dir='ltr'>illum</span> <span class='ocrx_word' id='word_1_105' title='bbox 1031 943 1351 990; x_wconf 84' lang='lat' dir='ltr'>circumdatura</span> <span class='ocrx_word' id='word_1_106' title='bbox 1374 945 1466 987; x_wconf 74' lang='lat' dir='ltr'>est?</span> 
     </span>
     <span class='ocr_line' id='line_1_12' title="bbox 79 1013 1466 1076; baseline -0.003 -14"><span class='ocrx_word' id='word_1_107' title='bbox 79 1019 121 1062; x_wconf 92' lang='lat' dir='ltr'>Si</span> <span class='ocrx_word' id='word_1_108' title='bbox 143 1032 243 1076; x_wconf 85' lang='lat' dir='ltr'>ergo</span> <span class='ocrx_word' id='word_1_109' title='bbox 260 1018 366 1062; x_wconf 87' lang='lat' dir='ltr'>vitet</span> <span class='ocrx_word' id='word_1_110' title='bbox 394 1017 667 1076; x_wconf 88' lang='lat' dir='ltr'>iniquitatem</span> <span class='ocrx_word' id='word_1_111' title='bbox 692 1016 881 1060; x_wconf 79' lang='lat' dir='ltr'>calcanei</span> <span class='ocrx_word' id='word_1_112' title='bbox 899 1016 979 1070; x_wconf 89' lang='lat' dir='ltr'>sui,</span> <span class='ocrx_word' id='word_1_113' title='bbox 998 1025 1041 1059; x_wconf 90' lang='lat' dir='ltr'>et</span> <span class='ocrx_word' id='word_1_114' title='bbox 1062 1013 1259 1058; x_wconf 80' lang='lat' dir='ltr'>ambulet</span> <span class='ocrx_word' id='word_1_115' title='bbox 1279 1029 1356 1073; x_wconf 90' lang='lat' dir='ltr'>per</span> <span class='ocrx_word' id='word_1_116' title='bbox 1376 1014 1466 1059; x_wconf 84' lang='lat' dir='ltr'>vias</span> 
     </span>
     <span class='ocr_line' id='line_1_13' title="bbox 76 1083 1465 1147; baseline -0.002 -15"><span class='ocrx_word' id='word_1_117' title='bbox 76 1089 154 1132; x_wconf 82' lang='lat' dir='ltr'>Dei</span> <span class='ocrx_word' id='word_1_118' title='bbox 172 1123 183 1143; x_wconf 93' lang='lat'>,</span> <span class='ocrx_word' id='word_1_119' title='bbox 209 1103 298 1132; x_wconf 89' lang='lat' dir='ltr'>non</span> <span class='ocrx_word' id='word_1_120' title='bbox 321 1087 545 1147; x_wconf 80' lang='lat' dir='ltr'>perveniet</span> <span class='ocrx_word' id='word_1_121' title='bbox 569 1086 624 1130; x_wconf 88' lang='lat' dir='ltr'>ad</span> <span class='ocrx_word' id='word_1_122' title='bbox 646 1085 761 1130; x_wconf 86' lang='lat' dir='ltr'>diem</span> <span class='ocrx_word' id='word_1_123' title='bbox 784 1085 940 1129; x_wconf 88' lang='lat' dir='ltr'>malam</span> <span class='ocrx_word' id='word_1_124' title='bbox 965 1105 977 1131; x_wconf 66' lang='lat'>2</span> <span class='ocrx_word' id='word_1_125' title='bbox 996 1084 1086 1129; x_wconf 88' lang='lat' dir='ltr'>dics</span> <span class='ocrx_word' id='word_1_126' title='bbox 1109 1084 1220 1128; x_wconf 87' lang='lat' dir='ltr'>mala</span> <span class='ocrx_word' id='word_1_127' title='bbox 1237 1120 1248 1139; x_wconf 93' lang='lat'>,</span> <span class='ocrx_word' id='word_1_128' title='bbox 1275 1083 1364 1128; x_wconf 89' lang='lat' dir='ltr'>dies</span> <span class='ocrx_word' id='word_1_129' title='bbox 1383 1099 1465 1129; x_wconf 92' lang='lat' dir='ltr'>no-</span> 
     </span>
     <span class='ocr_line' id='line_1_14' title="bbox 75 1153 1464 1212; baseline -0.004 -10"><span class='ocrx_word' id='word_1_130' title='bbox 75 1157 246 1202; x_wconf 88' lang='lat' dir='ltr'>vissima</span> <span class='ocrx_word' id='word_1_131' title='bbox 262 1193 273 1212; x_wconf 89' lang='lat'>‚</span> <span class='ocrx_word' id='word_1_132' title='bbox 298 1173 388 1201; x_wconf 90' lang='lat' dir='ltr'>non</span> <span class='ocrx_word' id='word_1_133' title='bbox 411 1156 493 1200; x_wconf 91' lang='lat' dir='ltr'>erit</span> <span class='ocrx_word' id='word_1_134' title='bbox 517 1155 580 1200; x_wconf 89' lang='lat' dir='ltr'>illi</span> <span class='ocrx_word' id='word_1_135' title='bbox 603 1154 731 1200; x_wconf 86' lang='lat' dir='ltr'>mala.</span> <span class='ocrx_word' id='word_1_136' title='bbox 767 1155 942 1199; x_wconf 85' lang='lat' dir='ltr'>Etenim</span> <span class='ocrx_word' id='word_1_137' title='bbox 979 1155 1069 1198; x_wconf 89' lang='lat' dir='ltr'>dies</span> <span class='ocrx_word' id='word_1_138' title='bbox 1098 1154 1327 1198; x_wconf 85' lang='lat' dir='ltr'>novissima</span> <span class='ocrx_word' id='word_1_139' title='bbox 1349 1153 1464 1198; x_wconf 88' lang='lat' dir='ltr'>mala</span> 
     </span>
     <span class='ocr_line' id='line_1_15' title="bbox 76 1223 1467 1287; baseline -0.001 -16"><span class='ocrx_word' id='word_1_140' title='bbox 76 1227 158 1271; x_wconf 86' lang='lat' dir='ltr'>erit</span> <span class='ocrx_word' id='word_1_141' title='bbox 175 1225 450 1287; x_wconf 89' lang='lat' dir='ltr'>quibusdam,</span> <span class='ocrx_word' id='word_1_142' title='bbox 469 1225 585 1270; x_wconf 90' lang='lat' dir='ltr'>bona</span> <span class='ocrx_word' id='word_1_143' title='bbox 608 1225 688 1269; x_wconf 86' lang='lat' dir='ltr'>erit</span> <span class='ocrx_word' id='word_1_144' title='bbox 709 1224 988 1284; x_wconf 86' lang='lat' dir='ltr'>quibusdam.</span> <span class='ocrx_word' id='word_1_145' title='bbox 1010 1223 1236 1284; x_wconf 85' lang='lat' dir='ltr'>Numquid</span> <span class='ocrx_word' id='word_1_146' title='bbox 1256 1223 1366 1267; x_wconf 88' lang='lat' dir='ltr'>mala</span> <span class='ocrx_word' id='word_1_147' title='bbox 1386 1224 1467 1269; x_wconf 85' lang='lat' dir='ltr'>erit</span> 
     </span>
     <span class='ocr_line' id='line_1_16' title="bbox 76 1295 1468 1357; baseline -0.002 -16"><span class='ocrx_word' id='word_1_148' title='bbox 76 1296 159 1342; x_wconf 89' lang='lat' dir='ltr'>illis</span> <span class='ocrx_word' id='word_1_149' title='bbox 181 1297 341 1357; x_wconf 89' lang='lat' dir='ltr'>quibus</span> <span class='ocrx_word' id='word_1_150' title='bbox 363 1296 533 1341; x_wconf 88' lang='lat' dir='ltr'>dicetur</span> <span class='ocrx_word' id='word_1_151' title='bbox 555 1316 563 1343; x_wconf 88' lang='lat'>:</span> <span class='ocrx_word' id='word_1_152' title='bbox 593 1315 611 1338; x_wconf 90' lang='lat'>«</span> <span class='ocrx_word' id='word_1_153' title='bbox 632 1296 789 1340; x_wconf 86' lang='lat' dir='ltr'>Venite</span> <span class='ocrx_word' id='word_1_154' title='bbox 807 1331 818 1350; x_wconf 92' lang='lat'>,</span> <span class='ocrx_word' id='word_1_155' title='bbox 838 1295 1058 1339; x_wconf 89' lang='lat' dir='ltr'>benedicti</span> <span class='ocrx_word' id='word_1_156' title='bbox 1082 1295 1218 1339; x_wconf 88' lang='lat' dir='ltr'>Patris</span> <span class='ocrx_word' id='word_1_157' title='bbox 1236 1295 1346 1349; x_wconf 90' lang='lat' dir='ltr'>mei,</span> <span class='ocrx_word' id='word_1_158' title='bbox 1367 1309 1468 1355; x_wconf 88' lang='lat' dir='ltr'>per-</span> 
     </span>
     <span class='ocr_line' id='line_1_17' title="bbox 18 1365 1462 1427; baseline 0.001 -19"><span class='ocrx_word' id='word_1_159' title='bbox 18 1385 24 1389; x_wconf 93' lang='lat'>·</span> <span class='ocrx_word' id='word_1_160' title='bbox 81 1385 101 1409; x_wconf 87' lang='lat'>»</span> <span class='ocrx_word' id='word_1_161' title='bbox 136 1368 266 1427; x_wconf 87' lang='lat' dir='ltr'>cipite</span> <span class='ocrx_word' id='word_1_162' title='bbox 295 1382 479 1426; x_wconf 91' lang='lat' dir='ltr'>regnum</span> <span class='ocrx_word' id='word_1_163' title='bbox 501 1368 540 1409; x_wconf 76' lang='lat'>¹?</span> <span class='ocrx_word' id='word_1_164' title='bbox 572 1385 592 1408; x_wconf 76' lang='lat' dir='ltr'>n</span> <span class='ocrx_word' id='word_1_165' title='bbox 625 1365 710 1411; x_wconf 92' lang='lat' dir='ltr'>Sed</span> <span class='ocrx_word' id='word_1_166' title='bbox 729 1365 841 1410; x_wconf 93' lang='lat' dir='ltr'>mala</span> <span class='ocrx_word' id='word_1_167' title='bbox 865 1366 946 1409; x_wconf 84' lang='lat' dir='ltr'>erit</span> <span class='ocrx_word' id='word_1_168' title='bbox 976 1365 1059 1410; x_wconf 88' lang='lat' dir='ltr'>illis</span> <span class='ocrx_word' id='word_1_169' title='bbox 1083 1366 1243 1426; x_wconf 87' lang='lat' dir='ltr'>quibus</span> <span class='ocrx_word' id='word_1_170' title='bbox 1265 1365 1462 1410; x_wconf 87' lang='lat' dir='ltr'>dicetur:</span> 
     </span>
     <span class='ocr_line' id='line_1_18' title="bbox 80 1435 1465 1497; baseline 0 -18"><span class='ocrx_word' id='word_1_171' title='bbox 80 1457 99 1479; x_wconf 89' lang='lat'>«</span> <span class='ocrx_word' id='word_1_172' title='bbox 135 1441 200 1482; x_wconf 89' lang='lat' dir='ltr'>Ite</span> <span class='ocrx_word' id='word_1_173' title='bbox 216 1438 263 1481; x_wconf 87' lang='lat' dir='ltr'>in</span> <span class='ocrx_word' id='word_1_174' title='bbox 286 1438 429 1495; x_wconf 84' lang='lat' dir='ltr'>ignem</span> <span class='ocrx_word' id='word_1_175' title='bbox 452 1446 679 1482; x_wconf 81' lang='lat' dir='ltr'>aeternum.</span> <span class='ocrx_word' id='word_1_176' title='bbox 707 1455 727 1477; x_wconf 91' lang='lat'>»</span> <span class='ocrx_word' id='word_1_177' title='bbox 754 1435 880 1489; x_wconf 84' lang='lat' dir='ltr'>Quod</span> <span class='ocrx_word' id='word_1_178' title='bbox 901 1436 935 1480; x_wconf 87' lang='lat' dir='ltr'>si</span> <span class='ocrx_word' id='word_1_179' title='bbox 964 1436 1167 1497; x_wconf 85' lang='lat' dir='ltr'>iniquitas</span> <span class='ocrx_word' id='word_1_180' title='bbox 1189 1435 1378 1480; x_wconf 81' lang='lat' dir='ltr'>calcanei</span> <span class='ocrx_word' id='word_1_181' title='bbox 1400 1435 1465 1479; x_wconf 89' lang='lat' dir='ltr'>sui</span> 
     </span>
     <span class='ocr_line' id='line_1_19' title="bbox 76 1504 1466 1567; baseline -0.001 -16"><span class='ocrx_word' id='word_1_182' title='bbox 76 1506 366 1552; x_wconf 87' lang='lat' dir='ltr'>circumdabit</span> <span class='ocrx_word' id='word_1_183' title='bbox 391 1523 491 1551; x_wconf 90' lang='lat' dir='ltr'>eum</span> <span class='ocrx_word' id='word_1_184' title='bbox 507 1542 518 1562; x_wconf 88' lang='lat'>,</span> <span class='ocrx_word' id='word_1_185' title='bbox 553 1507 714 1567; x_wconf 90' lang='lat' dir='ltr'>utquid</span> <span class='ocrx_word' id='word_1_186' title='bbox 736 1521 839 1565; x_wconf 85' lang='lat' dir='ltr'>ergo</span> <span class='ocrx_word' id='word_1_187' title='bbox 860 1507 986 1550; x_wconf 91' lang='lat' dir='ltr'>timet</span> <span class='ocrx_word' id='word_1_188' title='bbox 1012 1506 1056 1550; x_wconf 90' lang='lat' dir='ltr'>in</span> <span class='ocrx_word' id='word_1_189' title='bbox 1079 1505 1148 1549; x_wconf 91' lang='lat' dir='ltr'>die</span> <span class='ocrx_word' id='word_1_190' title='bbox 1171 1504 1310 1550; x_wconf 76' lang='lat' dir='ltr'>mala?</span> <span class='ocrx_word' id='word_1_191' title='bbox 1330 1505 1466 1550; x_wconf 88' lang='lat' dir='ltr'>Modo</span> 
     </span>
     <span class='ocr_line' id='line_1_20' title="bbox 76 1575 1467 1637; baseline -0.001 -16"><span class='ocrx_word' id='word_1_192' title='bbox 76 1592 178 1621; x_wconf 90' lang='lat' dir='ltr'>cum</span> <span class='ocrx_word' id='word_1_193' title='bbox 204 1578 360 1622; x_wconf 89' lang='lat' dir='ltr'>vivunt</span> <span class='ocrx_word' id='word_1_194' title='bbox 381 1576 638 1637; x_wconf 85' lang='lat' dir='ltr'>provideant</span> <span class='ocrx_word' id='word_1_195' title='bbox 665 1576 744 1621; x_wconf 86' lang='lat' dir='ltr'>sibi</span> <span class='ocrx_word' id='word_1_196' title='bbox 760 1612 771 1631; x_wconf 88' lang='lat'>‚</span> <span class='ocrx_word' id='word_1_197' title='bbox 797 1576 954 1621; x_wconf 91' lang='lat' dir='ltr'>tollant</span> <span class='ocrx_word' id='word_1_198' title='bbox 975 1577 1251 1636; x_wconf 86' lang='lat' dir='ltr'>iniquitatem</span> <span class='ocrx_word' id='word_1_199' title='bbox 1281 1592 1303 1620; x_wconf 90' lang='lat' dir='ltr'>a</span> <span class='ocrx_word' id='word_1_200' title='bbox 1327 1575 1467 1620; x_wconf 85' lang='lat' dir='ltr'>calca-</span> 
     </span>
     <span class='ocr_line' id='line_1_21' title="bbox 76 1645 1467 1705; baseline -0.001 -14"><span class='ocrx_word' id='word_1_201' title='bbox 76 1662 160 1691; x_wconf 89' lang='lat' dir='ltr'>neo</span> <span class='ocrx_word' id='word_1_202' title='bbox 188 1662 297 1691; x_wconf 88' lang='lat' dir='ltr'>suo:</span> <span class='ocrx_word' id='word_1_203' title='bbox 330 1646 557 1691; x_wconf 88' lang='lat' dir='ltr'>ambulent</span> <span class='ocrx_word' id='word_1_204' title='bbox 583 1646 703 1690; x_wconf 90' lang='lat' dir='ltr'>illam</span> <span class='ocrx_word' id='word_1_205' title='bbox 733 1646 870 1700; x_wconf 87' lang='lat' dir='ltr'>viam,</span> <span class='ocrx_word' id='word_1_206' title='bbox 914 1645 1141 1689; x_wconf 76' lang='lat' dir='ltr'>ambulent</span> <span class='ocrx_word' id='word_1_207' title='bbox 1170 1662 1247 1705; x_wconf 86' lang='lat' dir='ltr'>per</span> <span class='ocrx_word' id='word_1_208' title='bbox 1275 1646 1388 1690; x_wconf 88' lang='lat' dir='ltr'>viam</span> <span class='ocrx_word' id='word_1_209' title='bbox 1411 1645 1467 1690; x_wconf 85' lang='lat' dir='ltr'>de</span> 
     </span>
     <span class='ocr_line' id='line_1_22' title="bbox 75 1715 1466 1776; baseline 0.001 -17"><span class='ocrx_word' id='word_1_210' title='bbox 75 1732 161 1776; x_wconf 90' lang='lat' dir='ltr'>qua</span> <span class='ocrx_word' id='word_1_211' title='bbox 183 1717 272 1776; x_wconf 89' lang='lat' dir='ltr'>ipse</span> <span class='ocrx_word' id='word_1_212' title='bbox 292 1715 399 1761; x_wconf 82' lang='lat' dir='ltr'>dixit</span> <span class='ocrx_word' id='word_1_213' title='bbox 424 1735 433 1761; x_wconf 90' lang='lat'>:</span> <span class='ocrx_word' id='word_1_214' title='bbox 463 1735 483 1758; x_wconf 88' lang='lat'>«</span> <span class='ocrx_word' id='word_1_215' title='bbox 507 1718 602 1774; x_wconf 90' lang='lat' dir='ltr'>Ego</span> <span class='ocrx_word' id='word_1_216' title='bbox 626 1731 721 1759; x_wconf 89' lang='lat' dir='ltr'>sum</span> <span class='ocrx_word' id='word_1_217' title='bbox 750 1716 835 1769; x_wconf 92' lang='lat' dir='ltr'>via,</span> <span class='ocrx_word' id='word_1_218' title='bbox 856 1724 899 1758; x_wconf 90' lang='lat' dir='ltr'>et</span> <span class='ocrx_word' id='word_1_219' title='bbox 919 1715 1071 1759; x_wconf 85' lang='lat' dir='ltr'>veritas</span> <span class='ocrx_word' id='word_1_220' title='bbox 1087 1750 1097 1770; x_wconf 94' lang='lat'>,</span> <span class='ocrx_word' id='word_1_221' title='bbox 1124 1724 1168 1758; x_wconf 92' lang='lat' dir='ltr'>et</span> <span class='ocrx_word' id='word_1_222' title='bbox 1190 1715 1307 1759; x_wconf 69' lang='lat' dir='ltr'>vita‘2</span> <span class='ocrx_word' id='word_1_223' title='bbox 1339 1735 1347 1759; x_wconf 91' lang='grc'>;</span> <span class='ocrx_word' id='word_1_224' title='bbox 1376 1733 1395 1755; x_wconf 72' lang='lat' dir='ltr'>n</span> <span class='ocrx_word' id='word_1_225' title='bbox 1422 1724 1466 1760; x_wconf 87' lang='lat' dir='ltr'>et</span> 
     </span>
     <span class='ocr_line' id='line_1_23' title="bbox 75 1784 1467 1845; baseline 0 -15"><span class='ocrx_word' id='word_1_226' title='bbox 75 1801 164 1830; x_wconf 92' lang='lat' dir='ltr'>non</span> <span class='ocrx_word' id='word_1_227' title='bbox 188 1787 370 1830; x_wconf 86' lang='lat' dir='ltr'>timeant</span> <span class='ocrx_word' id='word_1_228' title='bbox 390 1786 435 1829; x_wconf 90' lang='lat' dir='ltr'>in</span> <span class='ocrx_word' id='word_1_229' title='bbox 458 1786 528 1829; x_wconf 90' lang='lat' dir='ltr'>die</span> <span class='ocrx_word' id='word_1_230' title='bbox 558 1785 669 1829; x_wconf 88' lang='lat' dir='ltr'>mala</span> <span class='ocrx_word' id='word_1_231' title='bbox 687 1820 698 1840; x_wconf 94' lang='lat'>,</span> <span class='ocrx_word' id='word_1_232' title='bbox 732 1785 832 1845; x_wconf 91' lang='lat' dir='ltr'>quia</span> <span class='ocrx_word' id='word_1_233' title='bbox 855 1784 931 1829; x_wconf 89' lang='lat' dir='ltr'>dat</span> <span class='ocrx_word' id='word_1_234' title='bbox 958 1784 1041 1829; x_wconf 91' lang='lat' dir='ltr'>illis</span> <span class='ocrx_word' id='word_1_235' title='bbox 1065 1787 1340 1830; x_wconf 81' lang='lat' dir='ltr'>securitatem</span> <span class='ocrx_word' id='word_1_236' title='bbox 1359 1820 1369 1840; x_wconf 88' lang='lat'>,</span> <span class='ocrx_word' id='word_1_237' title='bbox 1389 1786 1467 1845; x_wconf 90' lang='lat' dir='ltr'>qui</span> 
     </span>
     <span class='ocr_line' id='line_1_24' title="bbox 76 1854 1466 1915; baseline 0.001 -16"><span class='ocrx_word' id='word_1_238' title='bbox 76 1854 212 1900; x_wconf 86' lang='lat' dir='ltr'>factus</span> <span class='ocrx_word' id='word_1_239' title='bbox 247 1865 311 1900; x_wconf 90' lang='lat' dir='ltr'>est</span> <span class='ocrx_word' id='word_1_240' title='bbox 338 1856 422 1900; x_wconf 86' lang='lat' dir='ltr'>via.</span> <span class='ocrx_word' id='word_1_241' title='bbox 458 1874 478 1897; x_wconf 89' lang='lat'>«</span> <span class='ocrx_word' id='word_1_242' title='bbox 505 1854 669 1915; x_wconf 88' lang='lat' dir='ltr'>thuid</span> <span class='ocrx_word' id='word_1_243' title='bbox 704 1855 867 1900; x_wconf 85' lang='lat' dir='ltr'>timebo</span> <span class='ocrx_word' id='word_1_244' title='bbox 895 1855 939 1900; x_wconf 90' lang='lat' dir='ltr'>in</span> <span class='ocrx_word' id='word_1_245' title='bbox 972 1854 1042 1898; x_wconf 87' lang='lat' dir='ltr'>dic</span> <span class='ocrx_word' id='word_1_246' title='bbox 1076 1854 1221 1898; x_wconf 80' lang='lat' dir='ltr'>mala?</span> <span class='ocrx_word' id='word_1_247' title='bbox 1255 1856 1466 1915; x_wconf 89' lang='lat' dir='ltr'>Iniquitas</span> 
     </span>
     <span class='ocr_line' id='line_1_25' title="bbox 79 1924 1466 1986; baseline 0.003 -20"><span class='ocrx_word' id='word_1_248' title='bbox 79 1944 98 1967; x_wconf 92' lang='lat'>»</span> <span class='ocrx_word' id='word_1_249' title='bbox 133 1925 319 1970; x_wconf 86' lang='lat' dir='ltr'>calcanei</span> <span class='ocrx_word' id='word_1_250' title='bbox 348 1925 430 1968; x_wconf 89' lang='lat' dir='ltr'>mei</span> <span class='ocrx_word' id='word_1_251' title='bbox 453 1924 742 1969; x_wconf 84' lang='lat' dir='ltr'>circumdabit</span> <span class='ocrx_word' id='word_1_252' title='bbox 764 1940 848 1969; x_wconf 83' lang='lat' dir='ltr'>me.</span> <span class='ocrx_word' id='word_1_253' title='bbox 877 1943 897 1966; x_wconf 83' lang='grc'>»</span> <span class='ocrx_word' id='word_1_254' title='bbox 937 1927 1054 1983; x_wconf 87' lang='lat' dir='ltr'>Ergo</span> <span class='ocrx_word' id='word_1_255' title='bbox 1088 1926 1225 1968; x_wconf 88' lang='lat' dir='ltr'>vitent</span> <span class='ocrx_word' id='word_1_256' title='bbox 1257 1926 1466 1986; x_wconf 89' lang='lat' dir='ltr'>iniquita-</span> 
     </span>
     <span class='ocr_line' id='line_1_26' title="bbox 76 1993 1466 2054; baseline 0.002 -16"><span class='ocrx_word' id='word_1_257' title='bbox 76 2002 161 2038; x_wconf 91' lang='lat' dir='ltr'>tem</span> <span class='ocrx_word' id='word_1_258' title='bbox 191 1993 380 2037; x_wconf 89' lang='lat' dir='ltr'>calcanei</span> <span class='ocrx_word' id='word_1_259' title='bbox 401 1994 482 2038; x_wconf 91' lang='lat' dir='ltr'>sui.</span> <span class='ocrx_word' id='word_1_260' title='bbox 527 1997 577 2037; x_wconf 90' lang='lat' dir='ltr'>In</span> <span class='ocrx_word' id='word_1_261' title='bbox 612 1993 815 2038; x_wconf 85' lang='lat' dir='ltr'>calcaneo</span> <span class='ocrx_word' id='word_1_262' title='bbox 843 1995 1026 2054; x_wconf 86' lang='lat' dir='ltr'>quisque</span> <span class='ocrx_word' id='word_1_263' title='bbox 1055 1993 1231 2039; x_wconf 85' lang='lat' dir='ltr'>labitur.</span> <span class='ocrx_word' id='word_1_264' title='bbox 1260 1994 1466 2041; x_wconf 80' lang='lat' dir='ltr'>Intendat</span> 
     </span>
     <span class='ocr_line' id='line_1_27' title="bbox 75 2063 1465 2125; baseline 0.001 -17"><span class='ocrx_word' id='word_1_265' title='bbox 75 2063 272 2108; x_wconf 85' lang='lat' dir='ltr'>Charitas</span> <span class='ocrx_word' id='word_1_266' title='bbox 297 2065 463 2109; x_wconf 85' lang='lat' dir='ltr'>Vestra.</span> <span class='ocrx_word' id='word_1_267' title='bbox 491 2066 529 2108; x_wconf 80' lang='lat' dir='ltr'>A</span> <span class='ocrx_word' id='word_1_268' title='bbox 553 2066 642 2107; x_wconf 88' lang='lat' dir='ltr'>Deo</span> <span class='ocrx_word' id='word_1_269' title='bbox 670 2063 778 2124; x_wconf 89' lang='lat' dir='ltr'>quid</span> <span class='ocrx_word' id='word_1_270' title='bbox 801 2063 968 2109; x_wconf 89' lang='lat' dir='ltr'>dictum</span> <span class='ocrx_word' id='word_1_271' title='bbox 1000 2073 1063 2108; x_wconf 85' lang='lat' dir='ltr'>est</span> <span class='ocrx_word' id='word_1_272' title='bbox 1085 2065 1301 2124; x_wconf 66' lang='lat' dir='ltr'>serpenti?</span> <span class='ocrx_word' id='word_1_273' title='bbox 1327 2085 1346 2107; x_wconf 91' lang='lat'>«</span> <span class='ocrx_word' id='word_1_274' title='bbox 1368 2069 1465 2125; x_wconf 86' lang='lat' dir='ltr'>Ipsa</span> 
     </span>
     <span class='ocr_line' id='line_1_28' title="bbox 79 2134 1465 2195; baseline 0.001 -18"><span class='ocrx_word' id='word_1_275' title='bbox 79 2151 99 2175; x_wconf 85' lang='lat'>»</span> <span class='ocrx_word' id='word_1_276' title='bbox 134 2143 261 2178; x_wconf 91' lang='lat' dir='ltr'>tuum</span> <span class='ocrx_word' id='word_1_277' title='bbox 294 2134 541 2178; x_wconf 87' lang='lat' dir='ltr'>observabit</span> <span class='ocrx_word' id='word_1_278' title='bbox 571 2144 702 2194; x_wconf 90' lang='lat' dir='ltr'>caput</span> <span class='ocrx_word' id='word_1_279' title='bbox 721 2170 732 2190; x_wconf 97' lang='lat'>,</span> <span class='ocrx_word' id='word_1_280' title='bbox 764 2145 807 2179; x_wconf 90' lang='lat' dir='ltr'>et</span> <span class='ocrx_word' id='word_1_281' title='bbox 839 2144 888 2179; x_wconf 90' lang='lat' dir='ltr'>tu</span> <span class='ocrx_word' id='word_1_282' title='bbox 915 2137 1008 2195; x_wconf 88' lang='lat' dir='ltr'>ejus</span> <span class='ocrx_word' id='word_1_283' title='bbox 1046 2135 1292 2179; x_wconf 84' lang='lat' dir='ltr'>observabis</span> <span class='ocrx_word' id='word_1_284' title='bbox 1325 2136 1465 2181; x_wconf 86' lang='lat' dir='ltr'>calca-</span> 
     </span>
     <span class='ocr_line' id='line_1_29' title="bbox 79 2203 1464 2265; baseline 0.004 -20"><span class='ocrx_word' id='word_1_285' title='bbox 79 2222 99 2245; x_wconf 86' lang='lat'>»</span> <span class='ocrx_word' id='word_1_286' title='bbox 135 2205 309 2248; x_wconf 80' lang='lat' dir='ltr'>neum3.</span> <span class='ocrx_word' id='word_1_287' title='bbox 339 2222 358 2246; x_wconf 75' lang='lat' dir='ltr'>n</span> <span class='ocrx_word' id='word_1_288' title='bbox 386 2203 594 2248; x_wconf 89' lang='lat' dir='ltr'>Diabolus</span> <span class='ocrx_word' id='word_1_289' title='bbox 616 2204 867 2249; x_wconf 89' lang='lat' dir='ltr'>calcaneum</span> <span class='ocrx_word' id='word_1_290' title='bbox 890 2215 1015 2249; x_wconf 91' lang='lat' dir='ltr'>tuum</span> <span class='ocrx_word' id='word_1_291' title='bbox 1039 2205 1261 2260; x_wconf 86' lang='lat' dir='ltr'>observat,</span> <span class='ocrx_word' id='word_1_292' title='bbox 1286 2207 1464 2265; x_wconf 86' lang='lat' dir='ltr'>quando</span> 
     </span>
     <span class='ocr_line' id='line_1_30' title="bbox 75 2272 1463 2335; baseline 0.003 -18"><span class='ocrx_word' id='word_1_293' title='bbox 75 2272 257 2329; x_wconf 85' lang='lat' dir='ltr'>labaris,</span> <span class='ocrx_word' id='word_1_294' title='bbox 278 2283 328 2318; x_wconf 93' lang='lat' dir='ltr'>ut</span> <span class='ocrx_word' id='word_1_295' title='bbox 358 2274 531 2335; x_wconf 85' lang='lat' dir='ltr'>dejiciat</span> <span class='ocrx_word' id='word_1_296' title='bbox 555 2283 612 2318; x_wconf 89' lang='lat' dir='ltr'>te.</span> <span class='ocrx_word' id='word_1_297' title='bbox 637 2273 715 2318; x_wconf 79' lang='lat' dir='ltr'>Ille</span> <span class='ocrx_word' id='word_1_298' title='bbox 733 2275 933 2319; x_wconf 82' lang='lat' dir='ltr'>observat</span> <span class='ocrx_word' id='word_1_299' title='bbox 967 2275 1216 2319; x_wconf 87' lang='lat' dir='ltr'>calcaneum</span> <span class='ocrx_word' id='word_1_300' title='bbox 1234 2284 1359 2319; x_wconf 89' lang='lat' dir='ltr'>tuum</span> <span class='ocrx_word' id='word_1_301' title='bbox 1377 2311 1387 2331; x_wconf 89' lang='lat'>,</span> <span class='ocrx_word' id='word_1_302' title='bbox 1416 2286 1463 2321; x_wconf 92' lang='lat' dir='ltr'>tu</span> 
     </span>
     <span class='ocr_line' id='line_1_31' title="bbox 76 2344 1461 2405; baseline 0.002 -17"><span class='ocrx_word' id='word_1_303' title='bbox 76 2344 256 2389; x_wconf 88' lang='lat' dir='ltr'>observa</span> <span class='ocrx_word' id='word_1_304' title='bbox 280 2354 411 2405; x_wconf 89' lang='lat' dir='ltr'>eaput</span> <span class='ocrx_word' id='word_1_305' title='bbox 432 2344 562 2389; x_wconf 84' lang='lat' dir='ltr'>illius.</span> <span class='ocrx_word' id='word_1_306' title='bbox 590 2345 716 2399; x_wconf 82' lang='lat' dir='ltr'>Quod</span> <span class='ocrx_word' id='word_1_307' title='bbox 739 2355 802 2390; x_wconf 87' lang='lat' dir='ltr'>est</span> <span class='ocrx_word' id='word_1_308' title='bbox 818 2355 951 2405; x_wconf 88' lang='lat' dir='ltr'>caput</span> <span class='ocrx_word' id='word_1_309' title='bbox 978 2345 1118 2389; x_wconf 76' lang='lat' dir='ltr'>illius?</span> <span class='ocrx_word' id='word_1_310' title='bbox 1140 2346 1316 2390; x_wconf 90' lang='lat' dir='ltr'>Initium</span> <span class='ocrx_word' id='word_1_311' title='bbox 1334 2347 1461 2391; x_wconf 82' lang='lat' dir='ltr'>malae</span> 
     </span>
     <span class='ocr_line' id='line_1_32' title="bbox 76 2415 1460 2477; baseline 0.002 -18"><span class='ocrx_word' id='word_1_312' title='bbox 76 2417 375 2474; x_wconf 82' lang='lat' dir='ltr'>suggestionis.</span> <span class='ocrx_word' id='word_1_313' title='bbox 397 2415 580 2469; x_wconf 87' lang='lat' dir='ltr'>Quando</span> <span class='ocrx_word' id='word_1_314' title='bbox 599 2416 752 2476; x_wconf 88' lang='lat' dir='ltr'>incipit</span> <span class='ocrx_word' id='word_1_315' title='bbox 769 2416 881 2461; x_wconf 87' lang='lat' dir='ltr'>mala</span> <span class='ocrx_word' id='word_1_316' title='bbox 905 2432 1148 2475; x_wconf 84' lang='lat' dir='ltr'>suggerere,</span> <span class='ocrx_word' id='word_1_317' title='bbox 1174 2426 1278 2461; x_wconf 89' lang='lat' dir='ltr'>tunc</span> <span class='ocrx_word' id='word_1_318' title='bbox 1300 2417 1460 2477; x_wconf 85' lang='lat' dir='ltr'>repelle</span> 
     </span>
     <span class='ocr_line' id='line_1_33' title="bbox 77 2485 1459 2546; baseline 0.002 -18"><span class='ocrx_word' id='word_1_319' title='bbox 77 2493 311 2545; x_wconf 85' lang='lat' dir='ltr'>antequam</span> <span class='ocrx_word' id='word_1_320' title='bbox 338 2495 488 2544; x_wconf 85' lang='lat' dir='ltr'>surgat</span> <span class='ocrx_word' id='word_1_321' title='bbox 523 2485 778 2541; x_wconf 87' lang='lat' dir='ltr'>delectatio,</span> <span class='ocrx_word' id='word_1_322' title='bbox 815 2495 859 2530; x_wconf 92' lang='lat' dir='ltr'>et</span> <span class='ocrx_word' id='word_1_323' title='bbox 885 2496 1092 2546; x_wconf 86' lang='lat' dir='ltr'>sequatur</span> <span class='ocrx_word' id='word_1_324' title='bbox 1128 2487 1379 2545; x_wconf 73' lang='lat' dir='ltr'>consensio,</span> <span class='ocrx_word' id='word_1_325' title='bbox 1415 2496 1459 2531; x_wconf 88' lang='lat' dir='ltr'>ct</span> 
     </span>
    </p>
   </div>
   <div class='ocr_carea' id='block_1_3' title="bbox 126 2568 1180 2612">
    <p class='ocr_par' dir='ltr' id='par_1_3' title="bbox 126 2568 1180 2612">
     <span class='ocr_line' id='line_1_34' title="bbox 126 2568 1180 2612; baseline 0.003 -12"><span class='ocrx_word' id='word_1_326' title='bbox 126 2575 133 2591; x_wconf 89' lang='lat'>¹</span> <span class='ocrx_word' id='word_1_327' title='bbox 155 2569 265 2602; x_wconf 72' lang='lat' dir='ltr'>Manli.</span> <span class='ocrx_word' id='word_1_328' title='bbox 285 2580 362 2611; x_wconf 80' lang='lat' dir='ltr'>xxv,</span> <span class='ocrx_word' id='word_1_329' title='bbox 382 2568 496 2612; x_wconf 67' lang='grc'>34-41.</span> <span class='ocrx_word' id='word_1_330' title='bbox 518 2587 559 2593; x_wconf 89' lang='lat'>--</span> <span class='ocrx_word' id='word_1_331' title='bbox 585 2577 597 2593; x_wconf 85' lang='lat'><em>²</em></span> <span class='ocrx_word' id='word_1_332' title='bbox 616 2572 708 2603; x_wconf 76' lang='lat' dir='ltr'>Joan.</span> <span class='ocrx_word' id='word_1_333' title='bbox 728 2581 791 2611; x_wconf 82' lang='lat' dir='ltr'>xiv,</span> <span class='ocrx_word' id='word_1_334' title='bbox 809 2571 841 2601; x_wconf 83' lang='lat'>6.</span> <span class='ocrx_word' id='word_1_335' title='bbox 866 2588 907 2593; x_wconf 92' lang='lat'><em>-</em></span> <span class='ocrx_word' id='word_1_336' title='bbox 928 2569 940 2592; x_wconf 82' lang='lat'>3</span> <span class='ocrx_word' id='word_1_337' title='bbox 963 2572 1042 2602; x_wconf 81' lang='lat' dir='ltr'>Gen.</span> <span class='ocrx_word' id='word_1_338' title='bbox 1062 2582 1107 2612; x_wconf 81' lang='grc' dir='ltr'>ιιι,</span> <span class='ocrx_word' id='word_1_339' title='bbox 1133 2570 1180 2603; x_wconf 85' lang='grc' dir='ltr'>ι5.</span> 
     </span>
    </p>
   </div>
  </div>
 </body>
</html>
