1841 3223
371 204 612 234 ENARRAno
645 207 689 233 m
723 203 925 234 rsALMuM
957 207 1113 234 xxxix.
1340 197 1422 235 189

39 279 380 330 superaverunt,
404 270 494 329 ipse
516 269 711 315 Christus
733 271 792 314 eis
818 280 1033 326 remanet,
1061 285 1192 331 quem
1219 286 1358 331 usque
1376 271 1423 314 in

37 342 169 386 finem
191 350 443 401 sequantur.
461 344 518 385 Et
539 342 711 385 cernitis
734 341 951 386 ordinatos
971 341 1128 401 gradus
1145 356 1221 401 per
1237 341 1423 386 Paulum
1470 361 1472 363 >

37 410 284 470 apostolum
317 410 535 455 dicentem
560 429 569 454 :
605 429 625 452 α
652 411 894 455 Imitatores
930 412 1015 455 mei
1049 421 1208 467 estote,
1239 411 1349 456 sicut
1380 420 1425 455 et

39 499 61 523 »
96 496 177 540 ego
198 480 403 527 Christi¹.
433 499 454 522 »
479 483 595 539 Ergo
623 481 700 540 qui
721 481 811 541 jam
839 473 1025 525 directos
1059 497 1226 541 gressus
1257 482 1424 526 habent

35 551 83 596 in
104 561 248 611 petra,
272 550 412 596 forma
433 551 520 595 sint
541 550 760 596 fidelibus.
785 569 805 593 «
833 551 918 596 Sed
940 551 1079 596 forma
1096 587 1107 607 ,
1132 553 1276 613 inquit
1292 587 1303 608 ,
1332 560 1424 596 esto

39 640 61 665 »
95 617 298 666 fidelibus
311 625 344 666 2.
368 639 388 663 »
413 621 500 681 Ipsi
516 620 665 666 fideles
681 630 785 666 sunt
799 622 921 682 justi,
943 623 1019 683 qui
1036 622 1309 668 attendentes
1332 639 1420 679 eos,

36 691 112 752 qui
133 706 177 735 se
198 691 244 735 in
265 691 383 736 bono
400 690 672 751 praecedunt,
687 691 899 736 imitando
914 702 1174 753 sequuntur.
1191 693 1423 746 Quomodo

36 765 311 824 sequuntur?
346 782 366 806 «
390 763 617 808 Videbunt
637 764 744 823 justi
777 773 821 808 et
852 764 1088 808 timebunt.
1118 783 1139 807 »
1172 763 1419 819 Videbunt,

37 843 82 879 et
102 834 322 878 timebunt
352 834 474 894 sequi
501 834 590 878 vias
612 834 769 890 malas,
800 850 901 879 cum
932 834 1083 879 vident
1110 851 1307 896 quosque
1328 851 1423 879 me-

36 904 163 950 liores
187 905 278 965 jam
307 904 483 964 elegisse
509 905 599 949 vias
623 905 780 963 bonas,
811 915 853 950 et
880 905 1034 950 dieunt
1066 907 1111 950 in
1138 906 1283 950 animo
1316 922 1420 962 suo,

37 976 410 1039 quemadmodum
438 976 579 1021 solent
606 976 748 1021 dicere
776 978 982 1033 viatores,
1015 977 1288 1022 attendentes
1319 978 1423 1022 alios

38 1063 139 1093 cum
160 1047 499 1108 praesumptione
523 1047 795 1092 ambulantes
813 1048 855 1092 in
878 1048 946 1092 via
963 1084 973 1103 ,
996 1048 1077 1108 ipsi
1100 1049 1243 1093 adhuc
1269 1048 1424 1093 incerti

37 1119 136 1174 viae,
154 1128 198 1162 et
210 1118 331 1178 quasi
344 1118 606 1163 fluctuantes
623 1134 709 1178 qua
722 1128 837 1173 eant,
856 1118 1010 1163 dicunt
1032 1119 1112 1163 sibi
1130 1122 1249 1164 :Non
1265 1117 1424 1164 frustra

38 1189 101 1234 illi
121 1190 203 1234 hac
226 1198 353 1245 eunt,
379 1188 557 1250 quando
578 1188 654 1233 illo
679 1199 785 1234 eunt
813 1205 901 1250 quo
930 1206 1007 1234 nos
1028 1190 1090 1233 ire
1113 1190 1320 1234 volumus
1345 1210 1353 1234 ε
1380 1199 1422 1234 et

35 1276 170 1321 quare
186 1275 287 1305 curn
310 1275 465 1318 magna
487 1259 646 1304 fiducia
663 1260 745 1304 hac
767 1269 888 1314 eunt,
910 1261 989 1304 nisi
1011 1261 1111 1321 quia
1134 1260 1232 1305 illac
1249 1261 1311 1304 ire
1324 1276 1423 1320 per-

34 1331 245 1376 niciosum
267 1332 355 1375 est?
381 1349 400 1372 «
421 1330 648 1375 Videbunt
678 1346 778 1389 ergo
800 1331 930 1391 justi,
963 1341 1006 1376 et
1028 1332 1259 1376 timebunt.
1283 1350 1304 1375 x›
1330 1336 1423 1377 An-

36 1412 204 1462 gustam
234 1403 348 1447 viam
377 1401 528 1447 vident
556 1403 660 1457 hae,
693 1402 826 1447 latam
850 1404 962 1447 viam
995 1403 1148 1448 vident
1173 1403 1270 1448 illac
1301 1423 1310 1448 :
1340 1405 1422 1448 hac

33 1473 185 1519 vident
211 1489 372 1534 paucos
388 1508 399 1528 ,
427 1472 524 1517 illac
550 1472 758 1518 multosss.
797 1473 880 1518 Sed
903 1474 936 1518 si
959 1475 1100 1534 justus
1129 1490 1194 1529 es,
1220 1473 1311 1518 noli
1333 1490 1421 1517 nu-

32 1560 214 1599 merare,
230 1544 305 1588 sed
318 1543 539 1604 appende,
559 1553 758 1588 stateram
773 1544 880 1587 affer
896 1560 1082 1604 aequmn,
1101 1560 1189 1588 non
1205 1543 1419 1600 dolosam,

33 1615 134 1675 quia
145 1615 287 1674 justus
309 1613 549 1674 appellatus
571 1630 636 1659 es:
660 1614 920 1658 «Videbunt
934 1615 1055 1675 justi,
1074 1624 1118 1658 et
1135 1614 1377 1670 timebunt,
1397 1633 1416 1654 υ

33 1685 202 1730 dictum
234 1694 297 1730 est
324 1684 378 1729 de
408 1694 466 1728 te.
494 1684 593 1730 Noli
622 1701 724 1744 ergo
756 1701 984 1729 numerare
1014 1685 1162 1729 turbas
1191 1686 1421 1730 hominum

33 1755 284 1800 incedentes
306 1754 413 1800 latas
435 1756 545 1810 vias,
578 1755 807 1810 implentes
828 1756 1063 1794 crastinum
1095 1755 1280 1806 circum,
1317 1752 1420 1797 civi-

32 1826 130 1870 tatis
142 1826 338 1869 Natalem
359 1822 589 1867 clamando
611 1821 894 1876 celebrantes,
915 1821 1133 1865 civitatem
1147 1821 1283 1880 ipsam
1307 1821 1420 1866 male

34 1895 221 1942 vivendo
243 1903 483 1954 turpantes.
507 1892 606 1939 Noli
630 1909 732 1952 ergo
754 1891 849 1937 illos
867 1891 1092 1937 attendere
1115 1909 1123 1936 :
1148 1892 1276 1936 multi
1299 1903 1416 1949 sunt,

35 1976 78 2011 et
104 1965 201 2026 quis
221 1966 454 2009 numerat?
486 1963 619 2007 Pauci
641 1972 787 2007 autem
810 1978 886 2023 per
907 1963 1021 2007 viam
1044 1972 1285 2020 angustam.
1312 1967 1420 2008 Pro-

34 2036 115 2092 ser,
133 2037 330 2096 inquam,
349 2043 565 2089 stateram,
591 2033 816 2093 appende:
835 2032 935 2077 vide
953 2042 1103 2077 contra
1126 2049 1265 2093 pauca
1289 2048 1420 2091 grana

35 2116 244 2169 quantam
260 2104 431 2166 paleam
444 2104 573 2149 leves.
598 2107 690 2149 Hoc
705 2113 834 2163 agant
848 2103 996 2148 fideles
1012 2104 1116 2164 justi
1130 2104 1206 2164 qui
1223 2120 1420 2165 sequun-

35 2188 122 2224 tur.
158 2176 274 2231 Quid
301 2175 364 2220 illi
392 2176 469 2236 qui
496 2176 782 2235 praecedunt?
810 2178 907 2221 Non
939 2175 1215 2234 superbiant,
1254 2191 1342 2219 non
1375 2191 1420 2220 se

36 2248 240 2303 exaltent,
259 2262 350 2291 non
363 2246 581 2305 decipiant
599 2255 842 2307 sequentes.
861 2246 1092 2299 Quomodo
1113 2255 1294 2305 possunt
1306 2245 1421 2290 deci-

35 2334 138 2382 pere
155 2319 408 2379 sequentes?
420 2315 720 2361 Promittendo
737 2316 820 2360 illis
837 2316 882 2359 in
900 2330 944 2360 se
966 2315 1165 2360 salutem.
1184 2315 1300 2369 Quid
1317 2331 1418 2375 ergo

37 2390 200 2435 debent
217 2388 280 2432 illi
300 2388 375 2448 qui
396 2389 696 2447 sequunturP«
708 2386 934 2431 Videbunt
945 2387 1049 2446 justi
1065 2395 1107 2429 et
1121 2386 1356 2444 timebunt,
1377 2397 1422 2432 et

40 2479 62 2502 »
96 2459 334 2520 sperabunt
348 2459 394 2502 in
406 2458 662 2503 Dominum:
678 2475 698 2498 »
710 2473 799 2502 uon
812 2458 857 2500 in
874 2472 945 2501 eos
963 2456 1158 2516 aquibus
1170 2458 1420 2516 praecedun-

87 2552 95 2567 ¹
121 2556 131 2576 1
155 2547 290 2585 Coi-div,
313 2544 363 2576 16.
385 2560 425 2566 -—-
447 2549 459 2565 ²
482 2554 493 2574 1
511 2542 588 2574 Tim.
612 2554 659 2583 xv,
685 2553 735 2574 12.
756 2558 797 2564 —-
825 2539 837 2562 3
857 2540 958 2573 Matth
988 2551 1043 2579 vn,
1067 2541 1117 2582 13,
1141 2539 1190 2582 ῐξ
