1841 3223
381 195 622 226 ENARRATio
654 199 698 225 m
731 195 935 225 PSALMUM
968 195 1128 223 xxxvu.
1358 184 1440 224 143

52 276 227 306 causam
248 261 407 306 malam
428 278 519 307 non
539 262 764 317 habueris,
789 260 963 306 nullum
990 267 1285 305 accusatorem
1303 262 1439 319 perti-

51 346 239 388 mesces,
274 333 448 378 nullum
482 331 638 377 salsum
673 341 825 377 testem
851 330 1047 387 refelles,
1087 329 1260 376 nullum
1286 346 1463 377 verum-

54 403 264 463 requires.
293 406 357 448 Tu
380 413 551 448 tantum
569 403 731 448 bonam
755 403 1059 447 conscientiam
1089 401 1212 458 affer,
1236 411 1287 446 ut
1307 403 1440 462 possis

51 471 195 517 dicere
222 493 231 518 ε
261 473 515 527 «Quoniam
535 473 581 517 in
604 483 669 529 te,
695 472 900 527 Domine,
928 473 1117 532 speravi,
1138 482 1188 517 tu
1219 471 1436 529 exaudies,

56 562 75 585 »
110 546 294 589 Domine
311 548 425 589 Deus
446 560 584 589 meus.
611 563 632 586 »

109 615 253 658 XXII.
292 633 311 655 «
336 615 448 668 Quia
469 613 583 659 dixi:
603 613 846 675 Nequando
868 612 1080 657 insultent
1108 613 1154 657 in
1184 628 1254 657 me
1276 613 1439 660 inimici

52 700 74 724 >›
109 683 215 736 mei,
245 693 288 728 et
323 683 432 730 dum
463 694 796 730 commoventur
820 682 952 745 pedes
978 683 1091 739 mei,
1117 683 1163 728 in
1190 699 1259 728 me
1281 700 1438 743 magua

52 772 74 797 »
108 754 245 800 locuti
279 759 422 801 sunt1.
445 774 465 798 »
498 760 664 802 Iterum
689 756 800 801 redit
831 755 886 801 ad
917 756 1213 801 infirmitatem
1248 757 1440 816 corporis

50 825 137 882 sui,
158 836 202 870 et
220 842 366 872 rursus
384 837 517 888 caput
536 827 648 872 illud
668 827 854 872 attendit
875 826 1005 871 uedes
1022 843 1120 872 suos
1146 847 1154 871 :
1180 842 1269 872 non
1297 828 1356 872 sic
1375 837 1441 872 est

49 896 96 941 in
124 897 260 953 coelo,
277 907 329 942 ut
346 898 516 943 deserat
535 898 656 958 quod
677 898 811 943 habet
832 889 1013 948 in‘xterra
1040 918 1048 943 :
1071 897 1257 942 attendit
1282 897 1436 958 plane,

48 976 92 1011 et
119 967 238 1012 videt
258 983 352 1013 nos.
381 968 630 1029 Aliquando
655 969 793 1024 enim,
823 978 874 1013 ut
903 979 967 1014 est
998 969 1076 1013 ista
1098 970 1215 1025 vita,
1241 985 1439 1015 commo-

47 1048 204 1082 ventur
226 1039 358 1099 pedes
379 1040 542 1094 nostri,
581 1048 623 1083 et
656 1040 867 1084 labuntur
888 1040 933 1083 in
965 1039 1111 1100 aliquo
1133 1049 1310 1099 peccato
1343 1060 1352 1085 ;
1377 1040 1440 1084 ibi

49 1118 266 1168 exurgunt
292 1109 455 1169 linguae
483 1110 758 1170 nequissimae
781 1111 1071 1155 inimicorum.
1099 1111 1211 1155 Hinc
1235 1126 1335 1169 ergo
1367 1112 1438 1155 in-

46 1178 299 1238 telligimus,
320 1181 449 1225 etiam
466 1196 566 1225 cum
582 1181 785 1225 tacebant
806 1180 913 1241 quid
930 1180 1201 1240 quaerebant.
1225 1185 1439 1241 Loquun-

47 1258 121 1293 tur
146 1259 253 1296 tunc
285 1267 432 1311 aspere
464 1251 674 1306 immites,
705 1250 944 1310 gaudentes
987 1266 1031 1295 se
1063 1251 1277 1295 invenisse
1318 1252 1439 1311 quod

46 1318 196 1365 dolere
216 1321 481 1366 debuerunt.
507 1341 527 1365 «
545 1325 603 1366 Et
620 1321 706 1366 dixi
726 1324 812 1366 :Ne
827 1320 1064 1381 aliquando
1081 1320 1292 1365 insultent
1307 1322 1352 1365 in
1368 1337 1438 1366 me

49 1409 70 1433 »
104 1392 268 1437 inimici
295 1393 396 1438 mei.
425 1411 446 1435 ³)
472 1394 567 1438 Dixi
589 1394 672 1438 hoc
689 1429 700 1448 ,
726 1402 769 1437 et
792 1402 939 1437 tamen
957 1391 1069 1437 forte
1092 1392 1146 1437 ad
1169 1393 1444 1442 emendati&

45 1477 147 1506 nem
170 1462 308 1508 fecisti
330 1479 404 1508 eos
428 1479 586 1523 magna
615 1463 737 1524 loqui
763 1463 819 1507 de
842 1479 913 1507 me
929 1499 940 1519 ,
985 1466 1136 1507 «Dum
1158 1472 1439 1508 moverentur

49 1551 70 1576 »
105 1533 236 1594 pedes
256 1535 364 1591 mei,
393 1554 413 1577 n
439 1535 484 1580 id
506 1545 597 1591 est,
633 1535 733 1580 elati
763 1544 886 1590 sunt,
910 1534 1048 1579 multa
1070 1534 1182 1579 mala
1210 1534 1434 1588 dixerunt,

46 1621 146 1650 cum
167 1622 477 1653 commoverer.
499 1608 691 1652 Misereri
713 1607 830 1651 enim
850 1606 1100 1651 debuerunt
1120 1607 1322 1662 infirmis,
1347 1623 1438 1651 non

44 1676 254 1722 insultare
282 1698 290 1722 :
315 1677 540 1738 quomodo
558 1677 792 1738 Apostolus
813 1678 920 1722 dicit
946 1698 955 1722 ε
985 1681 1188 1722 «Fratres
1205 1713 1216 1733 ,
1255 1679 1288 1722 si
1325 1694 1438 1738 prae-

48 1765 70 1789 »
105 1757 343 1808 occupatus
364 1747 495 1792 fuerit
509 1749 641 1792 homo
663 1748 709 1791 in
731 1747 880 1808 aliquo
897 1747 1057 1802 delicto
1077 1783 1088 1803 ,
1114 1764 1188 1792 vos
1212 1749 1288 1808 qui
1310 1749 1437 1808 spiri-

48 1835 70 1860 »
105 1818 210 1863 tales
233 1819 354 1874 estis,
379 1819 579 1863 instruite
611 1818 860 1879 hujusmodi
881 1820 927 1863 in
960 1819 1112 1878 spiritu
1132 1819 1436 1864 mansuetudi-

51 1908 69 1932 »
104 1889 184 1934 nis.
214 1908 233 1931 »
268 1893 324 1934 Et
345 1889 651 1950 complectitur
673 1905 807 1950 quare
837 1909 846 1934 ε
876 1888 1169 1944 «Intendens,
1199 1890 1368 1951 inquit,
1394 1900 1437 1950 te

49 1978 70 2001 »
103 1961 274 2020 ipsum,
309 1976 365 2004 ne
385 1970 430 2005 et
457 1970 505 2005 tu
528 1961 749 2004 tenteris&
779 1979 798 2002 »
831 1963 929 2005 Non
962 1969 1086 2004 erant
1118 1960 1186 2005 isti
1221 1961 1348 2016 tales,
1382 1961 1437 2006 de

46 2030 207 2091 quibus
225 2029 330 2074 dicit
356 2049 364 2074 :
395 2033 483 2075 «Et
504 2029 611 2074 dum
632 2040 1012 2075 commoverentur
1024 2030 1155 2090 pedes
1178 2031 1278 2087 mei,
1303 2031 1349 2075 in
1367 2047 1436 2075 me

48 2119 70 2144 »
105 2117 264 2160 magna
284 2100 421 2146 locuti
447 2110 550 2145 sunt
576 2121 584 2146 :
612 2120 632 2143 »
667 2101 743 2146 sed
766 2111 889 2146 erant
922 2100 1027 2146 tales
1059 2102 1114 2146 de
1146 2103 1306 2162 quibus
1333 2102 1436 2147 alibi

46 2172 152 2217 dicit
173 2193 182 2218 ε
206 2192 227 2215 «
241 2173 328 2225 Qui
345 2188 415 2217 me
437 2183 644 2233 premunt
659 2209 669 2229 ,
696 2173 955 2218 exultabunt
977 2173 1012 2217 si
1028 2182 1172 2222 motus
1193 2174 1360 2218 fuero3.
1381 2192 1401 2215 »

106 2247 274 2289 XXIII.
315 2263 336 2286 «
356 2238 572 2298 Quoniam
590 2260 670 2304 ego
682 2245 728 2288 in
745 2244 914 2303 flagella
934 2254 1108 2304 paratus
1128 2246 1266 2290 sum4.
1293 2265 1310 2287 »
1329 2246 1435 2290 Om-

47 2315 154 2359 nino
175 2315 404 2372 magnifice
420 2350 430 2366 ,
455 2325 664 2375 tanquam
684 2315 848 2360 diceret
874 2335 882 2360 ε
907 2314 976 2360 Ad
997 2316 1080 2359 hoc
1096 2325 1222 2360 natus
1244 2331 1339 2360 sum
1355 2351 1366 2372 ,
1385 2325 1436 2360 ut

46 2385 219 2445 flagella
237 2386 458 2430 sufferam.
482 2389 580 2432 Non
597 2387 713 2431 enim
728 2396 975 2432 nasceretur
997 2387 1077 2431 nisi
1100 2387 1154 2431 de
1175 2386 1338 2444 Adam,
1364 2388 1435 2433 cui

47 2457 218 2516 flagella
246 2458 479 2503 debentur.
517 2458 601 2504 Sed
632 2458 866 2520 aliquando
887 2469 1134 2519 peccatores
1168 2460 1214 2504 in
1240 2460 1322 2505 hac
1346 2460 1436 2506 vita

98 2549 107 2566 ¹
128 2542 208 2575 Psal.
231 2554 349 2585 xxxvii,
370 2554 420 2586 17.
436 2560 478 2567 ——
497 2551 510 2568 2
524 2544 594 2577 Gal.
615 2556 665 2587 vx,
686 2556 715 2577 1.
733 2562 774 2567 -
795 2542 808 2567 ³
823 2544 903 2576 Psal.
932 2555 986 2586 xu,
1006 2543 1037 2577 5.
1051 2561 1093 2567 —-
1107 2542 1123 2574 4
1141 2545 1187 2577 Id.
1205 2555 1327 2587 xxxvii,
1345 2548 1397 2579 18.
