<?xml version="1.0" encoding="UTF-8"?>
<!DOCTYPE html PUBLIC "-//W3C//DTD XHTML 1.0 Transitional//EN"
    "http://www.w3.org/TR/xhtml1/DTD/xhtml1-transitional.dtd">
<html xmlns="http://www.w3.org/1999/xhtml" xml:lang="en" lang="en">
 <head>
  <title>
</title>
<meta http-equiv="Content-Type" content="text/html;charset=utf-8" />
  <meta name='ocr-system' content='tesseract 3.04.00' />
  <meta name='ocr-capabilities' content='ocr_page ocr_carea ocr_par ocr_line ocrx_word'/>
</head>
<body>
  <div class='ocr_page' id='page_1' title='image "./operaomniaaccura08auguuoft_0294.png"; bbox 0 0 1841 3223; ppageno 0'>
   <div class='ocr_carea' id='block_1_1' title="bbox 361 220 1307 259">
    <p class='ocr_par' dir='ltr' id='par_1_1' title="bbox 361 220 1307 259">
     <span class='ocr_line' id='line_1_1' title="bbox 361 220 1307 259; baseline 0 -1"><span class='ocrx_word' id='word_1_1' title='bbox 361 220 446 258; x_wconf 76' lang='lat'>280</span> <span class='ocrx_word' id='word_1_2' title='bbox 788 231 821 257; x_wconf 88' lang='lat' dir='ltr'>s.</span> <span class='ocrx_word' id='word_1_3' title='bbox 862 227 1091 258; x_wconf 70' lang='lat' dir='ltr'>Aucus-nm</span> <span class='ocrx_word' id='word_1_4' title='bbox 1126 229 1307 259; x_wconf 71' lang='lat' dir='ltr'>Errscom</span> 
     </span>
    </p>
   </div>
   <div class='ocr_carea' id='block_1_2' title="bbox 353 293 1803 2474">
    <p class='ocr_par' dir='ltr' id='par_1_2' title="bbox 353 293 1803 2320">
     <span class='ocr_line' id='line_1_2' title="bbox 357 293 1741 356; baseline 0.002 -18"><span class='ocrx_word' id='word_1_5' title='bbox 357 309 460 338; x_wconf 89' lang='lat' dir='ltr'>nem</span> <span class='ocrx_word' id='word_1_6' title='bbox 478 309 567 338; x_wconf 91' lang='lat' dir='ltr'>non</span> <span class='ocrx_word' id='word_1_7' title='bbox 590 293 837 348; x_wconf 80' lang='lat' dir='ltr'>tolerantes,</span> <span class='ocrx_word' id='word_1_8' title='bbox 854 304 1166 339; x_wconf 86' lang='lat' dir='ltr'>consenserunt</span> <span class='ocrx_word' id='word_1_9' title='bbox 1183 295 1366 356; x_wconf 86' lang='lat' dir='ltr'>iniquis:</span> <span class='ocrx_word' id='word_1_10' title='bbox 1383 296 1443 341; x_wconf 87' lang='lat' dir='ltr'>sic</span> <span class='ocrx_word' id='word_1_11' title='bbox 1465 296 1582 340; x_wconf 91' lang='lat' dir='ltr'>enim</span> <span class='ocrx_word' id='word_1_12' title='bbox 1602 297 1741 341; x_wconf 76' lang='lat' dir='ltr'>haese-</span> 
     </span>
     <span class='ocr_line' id='line_1_3' title="bbox 357 363 1741 426; baseline 0.002 -17"><span class='ocrx_word' id='word_1_13' title='bbox 357 375 462 409; x_wconf 86' lang='lat' dir='ltr'>runt</span> <span class='ocrx_word' id='word_1_14' title='bbox 480 366 523 408; x_wconf 88' lang='lat' dir='ltr'>in</span> <span class='ocrx_word' id='word_1_15' title='bbox 542 373 666 408; x_wconf 86' lang='lat' dir='ltr'>terra.</span> <span class='ocrx_word' id='word_1_16' title='bbox 683 363 766 409; x_wconf 88' lang='lat' dir='ltr'>Sed</span> <span class='ocrx_word' id='word_1_17' title='bbox 780 380 914 424; x_wconf 86' lang='lat' dir='ltr'>quare</span> <span class='ocrx_word' id='word_1_18' title='bbox 931 364 1035 409; x_wconf 87' lang='lat' dir='ltr'>dicti</span> <span class='ocrx_word' id='word_1_19' title='bbox 1050 375 1151 410; x_wconf 88' lang='lat' dir='ltr'>sunt</span> <span class='ocrx_word' id='word_1_20' title='bbox 1162 376 1329 421; x_wconf 88' lang='lat' dir='ltr'>venter,</span> <span class='ocrx_word' id='word_1_21' title='bbox 1341 367 1421 411; x_wconf 89' lang='lat' dir='ltr'>nisi</span> <span class='ocrx_word' id='word_1_22' title='bbox 1436 367 1537 426; x_wconf 88' lang='lat' dir='ltr'>quia</span> <span class='ocrx_word' id='word_1_23' title='bbox 1550 366 1741 412; x_wconf 88' lang='lat' dir='ltr'>carnales</span> 
     </span>
     <span class='ocr_line' id='line_1_4' title="bbox 354 434 1741 497; baseline 0.003 -19"><span class='ocrx_word' id='word_1_24' title='bbox 354 445 457 479; x_wconf 89' lang='lat' dir='ltr'>sunt</span> <span class='ocrx_word' id='word_1_25' title='bbox 478 454 487 479; x_wconf 76' lang='lat' dir='ltr'><em>z</em></span> <span class='ocrx_word' id='word_1_26' title='bbox 513 443 563 478; x_wconf 84' lang='lat' dir='ltr'>ut</span> <span class='ocrx_word' id='word_1_27' title='bbox 585 451 630 479; x_wconf 91' lang='lat' dir='ltr'>os</span> <span class='ocrx_word' id='word_1_28' title='bbox 652 434 857 479; x_wconf 74' lang='lat' dir='ltr'>Ecclesiae</span> <span class='ocrx_word' id='word_1_29' title='bbox 876 436 921 479; x_wconf 89' lang='lat' dir='ltr'>in</span> <span class='ocrx_word' id='word_1_30' title='bbox 935 438 1090 481; x_wconf 89' lang='lat' dir='ltr'>sanctis</span> <span class='ocrx_word' id='word_1_31' title='bbox 1107 437 1176 492; x_wconf 91' lang='lat' dir='ltr'>sit,</span> <span class='ocrx_word' id='word_1_32' title='bbox 1190 438 1233 480; x_wconf 91' lang='lat' dir='ltr'>in</span> <span class='ocrx_word' id='word_1_33' title='bbox 1251 437 1513 497; x_wconf 77' lang='lat' dir='ltr'>spiritalibus</span> <span class='ocrx_word' id='word_1_34' title='bbox 1535 439 1589 482; x_wconf 90' lang='lat' dir='ltr'>sit</span> <span class='ocrx_word' id='word_1_35' title='bbox 1605 459 1616 496; x_wconf 82' lang='lat'>3</span> <span class='ocrx_word' id='word_1_36' title='bbox 1634 454 1741 482; x_wconf 88' lang='lat' dir='ltr'>ven-</span> 
     </span>
     <span class='ocr_line' id='line_1_5' title="bbox 356 497 1803 568; baseline 0.002 -19"><span class='ocrx_word' id='word_1_37' title='bbox 356 516 422 550; x_wconf 89' lang='lat' dir='ltr'>ter</span> <span class='ocrx_word' id='word_1_38' title='bbox 439 506 642 550; x_wconf 80' lang='lat' dir='ltr'>Ecclesiae</span> <span class='ocrx_word' id='word_1_39' title='bbox 667 505 712 550; x_wconf 92' lang='lat' dir='ltr'>in</span> <span class='ocrx_word' id='word_1_40' title='bbox 735 506 980 552; x_wconf 85' lang='lat' dir='ltr'>carnalibus</span> <span class='ocrx_word' id='word_1_41' title='bbox 1003 507 1245 568; x_wconf 80' lang='lat' dir='ltr'>sit?Itaque</span> <span class='ocrx_word' id='word_1_42' title='bbox 1269 524 1314 552; x_wconf 89' lang='lat' dir='ltr'>os</span> <span class='ocrx_word' id='word_1_43' title='bbox 1329 509 1532 553; x_wconf 83' lang='lat' dir='ltr'>Ecclesiae</span> <span class='ocrx_word' id='word_1_44' title='bbox 1555 509 1740 566; x_wconf 73' lang='lat' dir='ltr'>eminetz,</span> <span class='ocrx_word' id='word_1_45' title='bbox 1798 497 1803 501; x_wconf 7' lang='grc' dir='ltr'>ζ</span> 
     </span>
     <span class='ocr_line' id='line_1_6' title="bbox 354 578 1743 639; baseline 0.002 -18"><span class='ocrx_word' id='word_1_46' title='bbox 354 588 509 622; x_wconf 86' lang='lat' dir='ltr'>venter</span> <span class='ocrx_word' id='word_1_47' title='bbox 536 578 814 622; x_wconf 89' lang='lat' dir='ltr'>absconditus</span> <span class='ocrx_word' id='word_1_48' title='bbox 838 588 916 634; x_wconf 91' lang='lat' dir='ltr'>est,</span> <span class='ocrx_word' id='word_1_49' title='bbox 934 588 1140 639; x_wconf 80' lang='lat' dir='ltr'>tanquam</span> <span class='ocrx_word' id='word_1_50' title='bbox 1157 578 1329 624; x_wconf 87' lang='lat' dir='ltr'>mollior</span> <span class='ocrx_word' id='word_1_51' title='bbox 1346 580 1626 625; x_wconf 83' lang='lat' dir='ltr'>etinfirmior.</span> <span class='ocrx_word' id='word_1_52' title='bbox 1649 583 1743 625; x_wconf 90' lang='lat' dir='ltr'>Hoc</span> 
     </span>
     <span class='ocr_line' id='line_1_7' title="bbox 354 648 1744 711; baseline 0.001 -18"><span class='ocrx_word' id='word_1_53' title='bbox 354 649 568 708; x_wconf 81' lang='lat' dir='ltr'>significat</span> <span class='ocrx_word' id='word_1_54' title='bbox 602 648 793 709; x_wconf 90' lang='lat' dir='ltr'>quodam</span> <span class='ocrx_word' id='word_1_55' title='bbox 824 649 920 693; x_wconf 87' lang='lat' dir='ltr'>loeo</span> <span class='ocrx_word' id='word_1_56' title='bbox 950 650 1194 709; x_wconf 76' lang='lat' dir='ltr'>Scriptura,</span> <span class='ocrx_word' id='word_1_57' title='bbox 1234 650 1311 693; x_wconf 87' lang='lat' dir='ltr'>ubi</span> <span class='ocrx_word' id='word_1_58' title='bbox 1345 650 1525 711; x_wconf 90' lang='lat' dir='ltr'>quidam</span> <span class='ocrx_word' id='word_1_59' title='bbox 1563 651 1669 695; x_wconf 89' lang='lat' dir='ltr'>dicit</span> <span class='ocrx_word' id='word_1_60' title='bbox 1699 666 1744 694; x_wconf 88' lang='lat' dir='ltr'>se</span> 
     </span>
     <span class='ocr_line' id='line_1_8' title="bbox 355 719 1745 782; baseline -0.001 -17"><span class='ocrx_word' id='word_1_61' title='bbox 355 721 569 780; x_wconf 87' lang='lat' dir='ltr'>accepisse</span> <span class='ocrx_word' id='word_1_62' title='bbox 598 719 783 777; x_wconf 72' lang='lat' dir='ltr'>librum3</span> <span class='ocrx_word' id='word_1_63' title='bbox 814 739 834 761; x_wconf 72' lang='grc' dir='ltr'>α</span> <span class='ocrx_word' id='word_1_64' title='bbox 856 723 911 763; x_wconf 88' lang='lat' dir='ltr'>Et</span> <span class='ocrx_word' id='word_1_65' title='bbox 932 719 1042 763; x_wconf 82' lang='lat' dir='ltr'>liber</span> <span class='ocrx_word' id='word_1_66' title='bbox 1066 720 1156 779; x_wconf 87' lang='lat' dir='ltr'>ipse</span> <span class='ocrx_word' id='word_1_67' title='bbox 1190 719 1329 765; x_wconf 89' lang='lat' dir='ltr'>dulcis</span> <span class='ocrx_word' id='word_1_68' title='bbox 1361 730 1478 776; x_wconf 88' lang='lat' dir='ltr'>erat,</span> <span class='ocrx_word' id='word_1_69' title='bbox 1504 721 1672 782; x_wconf 88' lang='lat' dir='ltr'>inquit,</span> <span class='ocrx_word' id='word_1_70' title='bbox 1690 721 1745 765; x_wconf 64' lang='lat' dir='ltr'>&#39;in</span> 
     </span>
     <span class='ocr_line' id='line_1_9' title="bbox 358 790 1745 847; baseline 0.003 -15"><span class='ocrx_word' id='word_1_71' title='bbox 358 809 379 832; x_wconf 69' lang='lat'>³&gt;</span> <span class='ocrx_word' id='word_1_72' title='bbox 415 806 489 836; x_wconf 85' lang='lat' dir='ltr'>ore</span> <span class='ocrx_word' id='word_1_73' title='bbox 506 806 626 846; x_wconf 89' lang='lat' dir='ltr'>meo,</span> <span class='ocrx_word' id='word_1_74' title='bbox 654 800 697 835; x_wconf 90' lang='lat' dir='ltr'>et</span> <span class='ocrx_word' id='word_1_75' title='bbox 715 806 883 835; x_wconf 87' lang='lat' dir='ltr'>amarus</span> <span class='ocrx_word' id='word_1_76' title='bbox 900 790 946 833; x_wconf 93' lang='lat' dir='ltr'>in</span> <span class='ocrx_word' id='word_1_77' title='bbox 963 799 1114 834; x_wconf 82' lang='lat' dir='ltr'>ventre</span> <span class='ocrx_word' id='word_1_78' title='bbox 1136 793 1274 834; x_wconf 80' lang='lat' dir='ltr'>meo².</span> <span class='ocrx_word' id='word_1_79' title='bbox 1290 809 1310 832; x_wconf 89' lang='lat'>»</span> <span class='ocrx_word' id='word_1_80' title='bbox 1332 791 1446 845; x_wconf 86' lang='lat' dir='ltr'>Quid</span> <span class='ocrx_word' id='word_1_81' title='bbox 1469 800 1533 835; x_wconf 91' lang='lat' dir='ltr'>est</span> <span class='ocrx_word' id='word_1_82' title='bbox 1548 792 1648 847; x_wconf 84' lang='lat' dir='ltr'>hoe,</span> <span class='ocrx_word' id='word_1_83' title='bbox 1663 791 1745 836; x_wconf 90' lang='lat' dir='ltr'>nisi</span> 
     </span>
     <span class='ocr_line' id='line_1_10' title="bbox 355 860 1745 922; baseline 0 -16"><span class='ocrx_word' id='word_1_84' title='bbox 355 862 457 922; x_wconf 90' lang='lat' dir='ltr'>quia</span> <span class='ocrx_word' id='word_1_85' title='bbox 473 871 689 922; x_wconf 75' lang='lat' dir='ltr'>praecepta</span> <span class='ocrx_word' id='word_1_86' title='bbox 713 876 881 905; x_wconf 89' lang='lat' dir='ltr'>summa</span> <span class='ocrx_word' id='word_1_87' title='bbox 905 876 1004 921; x_wconf 82' lang='lat' dir='ltr'>quae</span> <span class='ocrx_word' id='word_1_88' title='bbox 1022 860 1201 920; x_wconf 87' lang='lat' dir='ltr'>capiunt</span> <span class='ocrx_word' id='word_1_89' title='bbox 1219 860 1446 920; x_wconf 90' lang='lat' dir='ltr'>spiritales,</span> <span class='ocrx_word' id='word_1_90' title='bbox 1461 877 1550 906; x_wconf 91' lang='lat' dir='ltr'>non</span> <span class='ocrx_word' id='word_1_91' title='bbox 1565 862 1745 922; x_wconf 84' lang='lat' dir='ltr'>capiunt</span> 
     </span>
     <span class='ocr_line' id='line_1_11' title="bbox 355 930 1746 992; baseline -0.001 -16"><span class='ocrx_word' id='word_1_92' title='bbox 355 933 576 990; x_wconf 68' lang='lat' dir='ltr'>carnales,</span> <span class='ocrx_word' id='word_1_93' title='bbox 603 942 646 976; x_wconf 92' lang='lat' dir='ltr'>et</span> <span class='ocrx_word' id='word_1_94' title='bbox 677 932 732 976; x_wconf 93' lang='lat' dir='ltr'>de</span> <span class='ocrx_word' id='word_1_95' title='bbox 760 931 919 992; x_wconf 86' lang='lat' dir='ltr'>quibus</span> <span class='ocrx_word' id='word_1_96' title='bbox 952 930 1144 989; x_wconf 78' lang='lat' dir='ltr'>gaudent</span> <span class='ocrx_word' id='word_1_97' title='bbox 1177 931 1408 990; x_wconf 88' lang='lat' dir='ltr'>spiritales,</span> <span class='ocrx_word' id='word_1_98' title='bbox 1434 932 1746 976; x_wconf 81' lang='lat' dir='ltr'>contristantur</span> 
     </span>
     <span class='ocr_line' id='line_1_12' title="bbox 354 1001 1746 1063; baseline -0.001 -15"><span class='ocrx_word' id='word_1_99' title='bbox 354 1003 578 1048; x_wconf 78' lang='lat' dir='ltr'>carnales?</span> <span class='ocrx_word' id='word_1_100' title='bbox 600 1003 730 1048; x_wconf 86' lang='lat' dir='ltr'>Liber</span> <span class='ocrx_word' id='word_1_101' title='bbox 753 1003 832 1047; x_wconf 88' lang='lat' dir='ltr'>iste</span> <span class='ocrx_word' id='word_1_102' title='bbox 848 1038 859 1058; x_wconf 86' lang='lat'>,</span> <span class='ocrx_word' id='word_1_103' title='bbox 886 1001 1037 1047; x_wconf 87' lang='lat' dir='ltr'>fratres</span> <span class='ocrx_word' id='word_1_104' title='bbox 1054 1038 1065 1057; x_wconf 96' lang='lat'>,</span> <span class='ocrx_word' id='word_1_105' title='bbox 1091 1001 1200 1063; x_wconf 88' lang='lat' dir='ltr'>quid</span> <span class='ocrx_word' id='word_1_106' title='bbox 1226 1003 1393 1047; x_wconf 78' lang='lat' dir='ltr'>habet?</span> <span class='ocrx_word' id='word_1_107' title='bbox 1426 1002 1579 1047; x_wconf 82' lang='lat' dir='ltr'>Vende</span> <span class='ocrx_word' id='word_1_108' title='bbox 1600 1003 1746 1048; x_wconf 90' lang='lat' dir='ltr'>omnia</span> 
     </span>
     <span class='ocr_line' id='line_1_13' title="bbox 354 1072 1746 1135; baseline -0.001 -17"><span class='ocrx_word' id='word_1_109' title='bbox 354 1091 452 1135; x_wconf 85' lang='lat' dir='ltr'>quae</span> <span class='ocrx_word' id='word_1_110' title='bbox 468 1074 602 1118; x_wconf 82' lang='lat' dir='ltr'>habes</span> <span class='ocrx_word' id='word_1_111' title='bbox 620 1109 630 1129; x_wconf 95' lang='lat'>,</span> <span class='ocrx_word' id='word_1_112' title='bbox 656 1083 700 1118; x_wconf 90' lang='lat' dir='ltr'>et</span> <span class='ocrx_word' id='word_1_113' title='bbox 721 1072 775 1117; x_wconf 92' lang='lat' dir='ltr'>da</span> <span class='ocrx_word' id='word_1_114' title='bbox 796 1073 1079 1133; x_wconf 87' lang='lat' dir='ltr'>pauperibus.</span> <span class='ocrx_word' id='word_1_115' title='bbox 1108 1077 1246 1125; x_wconf 81' lang='lat' dir='ltr'>Quam</span> <span class='ocrx_word' id='word_1_116' title='bbox 1265 1072 1404 1117; x_wconf 88' lang='lat' dir='ltr'>duleis</span> <span class='ocrx_word' id='word_1_117' title='bbox 1425 1073 1471 1116; x_wconf 89' lang='lat' dir='ltr'>in</span> <span class='ocrx_word' id='word_1_118' title='bbox 1492 1088 1566 1117; x_wconf 86' lang='lat' dir='ltr'>ore</span> <span class='ocrx_word' id='word_1_119' title='bbox 1594 1073 1746 1118; x_wconf 86' lang='lat' dir='ltr'>Eccle—</span> 
     </span>
     <span class='ocr_line' id='line_1_14' title="bbox 356 1142 1747 1204; baseline -0.001 -15"><span class='ocrx_word' id='word_1_120' title='bbox 356 1145 459 1189; x_wconf 78' lang='lat' dir='ltr'>siae?</span> <span class='ocrx_word' id='word_1_121' title='bbox 482 1145 551 1190; x_wconf 81' lang='lat' dir='ltr'>Ab</span> <span class='ocrx_word' id='word_1_122' title='bbox 574 1144 778 1189; x_wconf 87' lang='lat' dir='ltr'>omnibus</span> <span class='ocrx_word' id='word_1_123' title='bbox 801 1142 1066 1204; x_wconf 85' lang='lat' dir='ltr'>spiritalibus</span> <span class='ocrx_word' id='word_1_124' title='bbox 1088 1142 1254 1187; x_wconf 89' lang='lat' dir='ltr'>factum</span> <span class='ocrx_word' id='word_1_125' title='bbox 1276 1153 1353 1188; x_wconf 89' lang='lat' dir='ltr'>est.</span> <span class='ocrx_word' id='word_1_126' title='bbox 1380 1146 1438 1188; x_wconf 82' lang='lat' dir='ltr'>At</span> <span class='ocrx_word' id='word_1_127' title='bbox 1457 1159 1563 1189; x_wconf 91' lang='lat' dir='ltr'>vero</span> <span class='ocrx_word' id='word_1_128' title='bbox 1585 1143 1747 1188; x_wconf 78' lang='lat' dir='ltr'>carnali</span> 
     </span>
     <span class='ocr_line' id='line_1_15' title="bbox 356 1213 1746 1276; baseline -0.001 -16"><span class='ocrx_word' id='word_1_129' title='bbox 356 1216 618 1276; x_wconf 87' lang='lat' dir='ltr'>cuicumque</span> <span class='ocrx_word' id='word_1_130' title='bbox 635 1214 790 1259; x_wconf 77' lang='lat' dir='ltr'>dixeris</span> <span class='ocrx_word' id='word_1_131' title='bbox 811 1234 820 1259; x_wconf 78' lang='lat'>2</span> <span class='ocrx_word' id='word_1_132' title='bbox 851 1234 870 1256; x_wconf 74' lang='grc' dir='ltr'>ι(</span> <span class='ocrx_word' id='word_1_133' title='bbox 892 1217 978 1258; x_wconf 88' lang='lat' dir='ltr'>Fac</span> <span class='ocrx_word' id='word_1_134' title='bbox 998 1215 1083 1259; x_wconf 92' lang='lat' dir='ltr'>hoc</span> <span class='ocrx_word' id='word_1_135' title='bbox 1105 1233 1116 1259; x_wconf 85' lang='grc'>;</span> <span class='ocrx_word' id='word_1_136' title='bbox 1140 1231 1160 1255; x_wconf 73' lang='lat' dir='ltr'>n</span> <span class='ocrx_word' id='word_1_137' title='bbox 1185 1213 1353 1258; x_wconf 77' lang='lat' dir='ltr'>facilius</span> <span class='ocrx_word' id='word_1_138' title='bbox 1371 1229 1394 1258; x_wconf 88' lang='lat' dir='ltr'>a</span> <span class='ocrx_word' id='word_1_139' title='bbox 1411 1223 1455 1259; x_wconf 88' lang='lat' dir='ltr'>te</span> <span class='ocrx_word' id='word_1_140' title='bbox 1476 1215 1606 1259; x_wconf 85' lang='lat' dir='ltr'>tristis</span> <span class='ocrx_word' id='word_1_141' title='bbox 1623 1230 1746 1259; x_wconf 90' lang='lat' dir='ltr'>rece-</span> 
     </span>
     <span class='ocr_line' id='line_1_16' title="bbox 357 1283 1747 1345; baseline -0.001 -14"><span class='ocrx_word' id='word_1_142' title='bbox 357 1286 422 1331; x_wconf 83' lang='lat' dir='ltr'>dit</span> <span class='ocrx_word' id='word_1_143' title='bbox 442 1322 452 1342; x_wconf 92' lang='lat'>‚</span> <span class='ocrx_word' id='word_1_144' title='bbox 480 1287 589 1331; x_wconf 88' lang='lat' dir='ltr'>sicut</span> <span class='ocrx_word' id='word_1_145' title='bbox 606 1286 680 1330; x_wconf 87' lang='lat' dir='ltr'>ille</span> <span class='ocrx_word' id='word_1_146' title='bbox 703 1285 822 1330; x_wconf 87' lang='lat' dir='ltr'>dives</span> <span class='ocrx_word' id='word_1_147' title='bbox 846 1302 869 1329; x_wconf 89' lang='lat' dir='ltr'>a</span> <span class='ocrx_word' id='word_1_148' title='bbox 893 1285 1105 1330; x_wconf 79' lang='lat' dir='ltr'>Domino²</span> <span class='ocrx_word' id='word_1_149' title='bbox 1121 1320 1132 1340; x_wconf 91' lang='lat'>,</span> <span class='ocrx_word' id='word_1_150' title='bbox 1157 1300 1289 1344; x_wconf 90' lang='lat' dir='ltr'>quam</span> <span class='ocrx_word' id='word_1_151' title='bbox 1313 1283 1417 1329; x_wconf 85' lang='lat' dir='ltr'>facit</span> <span class='ocrx_word' id='word_1_152' title='bbox 1438 1285 1557 1345; x_wconf 90' lang='lat' dir='ltr'>quod</span> <span class='ocrx_word' id='word_1_153' title='bbox 1579 1285 1747 1330; x_wconf 88' lang='lat' dir='ltr'>dictum</span> 
     </span>
     <span class='ocr_line' id='line_1_17' title="bbox 356 1354 1747 1416; baseline -0.001 -15"><span class='ocrx_word' id='word_1_154' title='bbox 356 1366 433 1401; x_wconf 87' lang='lat' dir='ltr'>est.</span> <span class='ocrx_word' id='word_1_155' title='bbox 461 1361 602 1410; x_wconf 84' lang='lat' dir='ltr'>Quare</span> <span class='ocrx_word' id='word_1_156' title='bbox 624 1365 771 1401; x_wconf 88' lang='lat' dir='ltr'>autem</span> <span class='ocrx_word' id='word_1_157' title='bbox 793 1355 923 1400; x_wconf 83' lang='lat' dir='ltr'>tristis</span> <span class='ocrx_word' id='word_1_158' title='bbox 941 1355 1137 1410; x_wconf 83' lang='lat' dir='ltr'>recessit,</span> <span class='ocrx_word' id='word_1_159' title='bbox 1162 1355 1243 1399; x_wconf 91' lang='lat' dir='ltr'>nisi</span> <span class='ocrx_word' id='word_1_160' title='bbox 1266 1355 1368 1416; x_wconf 88' lang='lat' dir='ltr'>quia</span> <span class='ocrx_word' id='word_1_161' title='bbox 1384 1354 1496 1399; x_wconf 91' lang='lat' dir='ltr'>liber</span> <span class='ocrx_word' id='word_1_162' title='bbox 1512 1355 1585 1400; x_wconf 81' lang='lat' dir='ltr'>ifle</span> <span class='ocrx_word' id='word_1_163' title='bbox 1607 1355 1747 1400; x_wconf 87' lang='lat' dir='ltr'>dulcis</span> 
     </span>
     <span class='ocr_line' id='line_1_18' title="bbox 353 1424 1748 1487; baseline -0.001 -15"><span class='ocrx_word' id='word_1_164' title='bbox 353 1437 418 1472; x_wconf 86' lang='lat' dir='ltr'>est</span> <span class='ocrx_word' id='word_1_165' title='bbox 440 1428 482 1471; x_wconf 93' lang='lat' dir='ltr'>in</span> <span class='ocrx_word' id='word_1_166' title='bbox 515 1443 590 1472; x_wconf 88' lang='lat' dir='ltr'>ore</span> <span class='ocrx_word' id='word_1_167' title='bbox 605 1463 616 1482; x_wconf 94' lang='lat'>,</span> <span class='ocrx_word' id='word_1_168' title='bbox 649 1437 692 1472; x_wconf 92' lang='lat' dir='ltr'>et</span> <span class='ocrx_word' id='word_1_169' title='bbox 712 1428 757 1471; x_wconf 90' lang='lat' dir='ltr'>in</span> <span class='ocrx_word' id='word_1_170' title='bbox 774 1435 926 1471; x_wconf 85' lang='lat' dir='ltr'>ventre</span> <span class='ocrx_word' id='word_1_171' title='bbox 943 1428 1145 1470; x_wconf 74' lang='lat' dir='ltr'>amarus?</span> <span class='ocrx_word' id='word_1_172' title='bbox 1168 1424 1334 1470; x_wconf 84' lang='lat' dir='ltr'>Dedisti</span> <span class='ocrx_word' id='word_1_173' title='bbox 1357 1427 1502 1471; x_wconf 91' lang='lat' dir='ltr'>nescio</span> <span class='ocrx_word' id='word_1_174' title='bbox 1524 1426 1632 1487; x_wconf 90' lang='lat' dir='ltr'>quid</span> <span class='ocrx_word' id='word_1_175' title='bbox 1653 1427 1748 1471; x_wconf 88' lang='lat' dir='ltr'>auri</span> 
     </span>
     <span class='ocr_line' id='line_1_19' title="bbox 356 1496 1748 1557; baseline -0.001 -15"><span class='ocrx_word' id='word_1_176' title='bbox 356 1508 399 1542; x_wconf 87' lang='lat' dir='ltr'>et</span> <span class='ocrx_word' id='word_1_177' title='bbox 422 1499 615 1557; x_wconf 78' lang='lat' dir='ltr'>argenti3</span> <span class='ocrx_word' id='word_1_178' title='bbox 640 1507 823 1542; x_wconf 84' lang='lat' dir='ltr'>ventum</span> <span class='ocrx_word' id='word_1_179' title='bbox 853 1505 918 1540; x_wconf 88' lang='lat' dir='ltr'>est</span> <span class='ocrx_word' id='word_1_180' title='bbox 950 1497 1005 1540; x_wconf 87' lang='lat' dir='ltr'>ad</span> <span class='ocrx_word' id='word_1_181' title='bbox 1034 1497 1154 1541; x_wconf 90' lang='lat' dir='ltr'>hunc</span> <span class='ocrx_word' id='word_1_182' title='bbox 1184 1496 1418 1542; x_wconf 84' lang='lat' dir='ltr'>articulum</span> <span class='ocrx_word' id='word_1_183' title='bbox 1435 1532 1446 1553; x_wconf 94' lang='lat'>,</span> <span class='ocrx_word' id='word_1_184' title='bbox 1471 1506 1522 1541; x_wconf 86' lang='lat' dir='ltr'>ut</span> <span class='ocrx_word' id='word_1_185' title='bbox 1543 1497 1624 1541; x_wconf 89' lang='lat' dir='ltr'>nisi</span> <span class='ocrx_word' id='word_1_186' title='bbox 1644 1513 1748 1557; x_wconf 90' lang='lat' dir='ltr'>per-</span> 
     </span>
     <span class='ocr_line' id='line_1_20' title="bbox 355 1567 1749 1628; baseline -0.001 -15"><span class='ocrx_word' id='word_1_187' title='bbox 355 1568 457 1624; x_wconf 85' lang='lat' dir='ltr'>das,</span> <span class='ocrx_word' id='word_1_188' title='bbox 491 1567 604 1613; x_wconf 84' lang='lat' dir='ltr'>forte</span> <span class='ocrx_word' id='word_1_189' title='bbox 635 1568 816 1628; x_wconf 84' lang='lat' dir='ltr'>aliquod</span> <span class='ocrx_word' id='word_1_190' title='bbox 847 1575 1076 1626; x_wconf 85' lang='lat' dir='ltr'>peccatum</span> <span class='ocrx_word' id='word_1_191' title='bbox 1097 1567 1365 1623; x_wconf 86' lang='lat' dir='ltr'>committas,</span> <span class='ocrx_word' id='word_1_192' title='bbox 1399 1567 1603 1628; x_wconf 89' lang='lat' dir='ltr'>injuriam</span> <span class='ocrx_word' id='word_1_193' title='bbox 1634 1567 1749 1613; x_wconf 89' lang='lat' dir='ltr'>forte</span> 
     </span>
     <span class='ocr_line' id='line_1_21' title="bbox 356 1637 1748 1699; baseline 0 -17"><span class='ocrx_word' id='word_1_194' title='bbox 356 1640 526 1699; x_wconf 83' lang='lat' dir='ltr'>ingeras</span> <span class='ocrx_word' id='word_1_195' title='bbox 553 1638 782 1693; x_wconf 76' lang='lat' dir='ltr'>Ecclesiae,</span> <span class='ocrx_word' id='word_1_196' title='bbox 814 1637 1115 1696; x_wconf 83' lang='lat' dir='ltr'>blasphemare</span> <span class='ocrx_word' id='word_1_197' title='bbox 1150 1638 1316 1696; x_wconf 81' lang='lat' dir='ltr'>cogaris</span> <span class='ocrx_word' id='word_1_198' title='bbox 1338 1657 1346 1682; x_wconf 90' lang='lat'>:</span> <span class='ocrx_word' id='word_1_199' title='bbox 1371 1638 1512 1698; x_wconf 92' lang='lat' dir='ltr'>posito</span> <span class='ocrx_word' id='word_1_200' title='bbox 1533 1639 1679 1699; x_wconf 89' lang='lat' dir='ltr'>itaque</span> <span class='ocrx_word' id='word_1_201' title='bbox 1702 1639 1748 1682; x_wconf 90' lang='lat' dir='ltr'>in</span> 
     </span>
     <span class='ocr_line' id='line_1_22' title="bbox 357 1707 1749 1767; baseline -0.001 -14"><span class='ocrx_word' id='word_1_202' title='bbox 357 1710 587 1767; x_wconf 80' lang='lat' dir='ltr'>angustiis,</span> <span class='ocrx_word' id='word_1_203' title='bbox 608 1718 683 1753; x_wconf 85' lang='lat' dir='ltr'>aut</span> <span class='ocrx_word' id='word_1_204' title='bbox 701 1707 863 1752; x_wconf 90' lang='lat' dir='ltr'>damno</span> <span class='ocrx_word' id='word_1_205' title='bbox 885 1708 1105 1766; x_wconf 82' lang='lat' dir='ltr'>pecuniae,</span> <span class='ocrx_word' id='word_1_206' title='bbox 1131 1716 1207 1751; x_wconf 87' lang='lat' dir='ltr'>aut</span> <span class='ocrx_word' id='word_1_207' title='bbox 1228 1707 1387 1752; x_wconf 91' lang='lat' dir='ltr'>damno</span> <span class='ocrx_word' id='word_1_208' title='bbox 1415 1708 1592 1767; x_wconf 83' lang='lat' dir='ltr'>justitiae</span> <span class='ocrx_word' id='word_1_209' title='bbox 1608 1743 1618 1763; x_wconf 91' lang='lat'>,</span> <span class='ocrx_word' id='word_1_210' title='bbox 1639 1707 1749 1753; x_wconf 91' lang='lat' dir='ltr'>dici-</span> 
     </span>
     <span class='ocr_line' id='line_1_23' title="bbox 355 1778 1749 1837; baseline -0.001 -13"><span class='ocrx_word' id='word_1_211' title='bbox 355 1790 427 1825; x_wconf 87' lang='lat' dir='ltr'>tur</span> <span class='ocrx_word' id='word_1_212' title='bbox 449 1781 528 1824; x_wconf 85' lang='lat' dir='ltr'>tibi</span> <span class='ocrx_word' id='word_1_213' title='bbox 546 1800 555 1825; x_wconf 89' lang='lat'>:</span> <span class='ocrx_word' id='word_1_214' title='bbox 578 1779 716 1824; x_wconf 82' lang='lat' dir='ltr'>Perde</span> <span class='ocrx_word' id='word_1_215' title='bbox 737 1779 883 1837; x_wconf 87' lang='lat' dir='ltr'>potius</span> <span class='ocrx_word' id='word_1_216' title='bbox 904 1778 1153 1836; x_wconf 86' lang='lat' dir='ltr'>pecuniam,</span> <span class='ocrx_word' id='word_1_217' title='bbox 1179 1793 1234 1820; x_wconf 90' lang='lat' dir='ltr'>ne</span> <span class='ocrx_word' id='word_1_218' title='bbox 1255 1778 1409 1836; x_wconf 83' lang='lat' dir='ltr'>perdas</span> <span class='ocrx_word' id='word_1_219' title='bbox 1423 1779 1638 1837; x_wconf 85' lang='lat' dir='ltr'>justitiam</span> <span class='ocrx_word' id='word_1_220' title='bbox 1664 1797 1673 1823; x_wconf 91' lang='lat'>:</span> <span class='ocrx_word' id='word_1_221' title='bbox 1698 1787 1749 1823; x_wconf 86' lang='lat' dir='ltr'>tu</span> 
     </span>
     <span class='ocr_line' id='line_1_24' title="bbox 356 1847 1748 1911; baseline -0.002 -16"><span class='ocrx_word' id='word_1_222' title='bbox 356 1860 502 1895; x_wconf 85' lang='lat' dir='ltr'>autem</span> <span class='ocrx_word' id='word_1_223' title='bbox 521 1850 591 1894; x_wconf 81' lang='lat' dir='ltr'>cui</span> <span class='ocrx_word' id='word_1_224' title='bbox 614 1864 704 1893; x_wconf 90' lang='lat' dir='ltr'>non</span> <span class='ocrx_word' id='word_1_225' title='bbox 726 1847 866 1892; x_wconf 89' lang='lat' dir='ltr'>dulcis</span> <span class='ocrx_word' id='word_1_226' title='bbox 888 1856 951 1891; x_wconf 85' lang='lat' dir='ltr'>est</span> <span class='ocrx_word' id='word_1_227' title='bbox 973 1847 1019 1890; x_wconf 90' lang='lat' dir='ltr'>in</span> <span class='ocrx_word' id='word_1_228' title='bbox 1041 1862 1115 1890; x_wconf 83' lang='lat' dir='ltr'>ore</span> <span class='ocrx_word' id='word_1_229' title='bbox 1129 1847 1318 1906; x_wconf 87' lang='lat' dir='ltr'>justitia,</span> <span class='ocrx_word' id='word_1_230' title='bbox 1337 1847 1413 1891; x_wconf 88' lang='lat' dir='ltr'>sed</span> <span class='ocrx_word' id='word_1_231' title='bbox 1435 1847 1580 1892; x_wconf 87' lang='lat' dir='ltr'>adhuc</span> <span class='ocrx_word' id='word_1_232' title='bbox 1598 1849 1643 1892; x_wconf 89' lang='lat' dir='ltr'>in</span> <span class='ocrx_word' id='word_1_233' title='bbox 1663 1847 1748 1911; x_wconf 76' lang='lat' dir='ltr'>illis</span> 
     </span>
     <span class='ocr_line' id='line_1_25' title="bbox 354 1916 1745 1979; baseline -0.001 -14"><span class='ocrx_word' id='word_1_234' title='bbox 354 1921 562 1965; x_wconf 86' lang='lat' dir='ltr'>membris</span> <span class='ocrx_word' id='word_1_235' title='bbox 588 1920 788 1963; x_wconf 86' lang='lat' dir='ltr'>infirmus</span> <span class='ocrx_word' id='word_1_236' title='bbox 810 1934 853 1962; x_wconf 90' lang='lat' dir='ltr'>es</span> <span class='ocrx_word' id='word_1_237' title='bbox 870 1953 881 1973; x_wconf 94' lang='lat'>,</span> <span class='ocrx_word' id='word_1_238' title='bbox 907 1916 1057 1977; x_wconf 86' lang='lat' dir='ltr'>quales</span> <span class='ocrx_word' id='word_1_239' title='bbox 1083 1919 1129 1961; x_wconf 87' lang='lat' dir='ltr'>in</span> <span class='ocrx_word' id='word_1_240' title='bbox 1155 1927 1307 1962; x_wconf 86' lang='lat' dir='ltr'>ventre</span> <span class='ocrx_word' id='word_1_241' title='bbox 1331 1917 1512 1978; x_wconf 82' lang='lat' dir='ltr'>deputat</span> <span class='ocrx_word' id='word_1_242' title='bbox 1529 1919 1745 1979; x_wconf 83' lang='lat' dir='ltr'>Ecclesia3</span> 
     </span>
     <span class='ocr_line' id='line_1_26' title="bbox 356 1988 1743 2053; baseline -0.001 -16"><span class='ocrx_word' id='word_1_243' title='bbox 356 1993 635 2038; x_wconf 87' lang='lat' dir='ltr'>contristatus</span> <span class='ocrx_word' id='word_1_244' title='bbox 658 1990 775 2048; x_wconf 80' lang='lat' dir='ltr'>eligis</span> <span class='ocrx_word' id='word_1_245' title='bbox 798 1989 1034 2053; x_wconf 84' lang='lat' dir='ltr'>aliquando</span> <span class='ocrx_word' id='word_1_246' title='bbox 1057 1989 1255 2033; x_wconf 82' lang='lat' dir='ltr'>amittere</span> <span class='ocrx_word' id='word_1_247' title='bbox 1285 1988 1450 2050; x_wconf 87' lang='lat' dir='ltr'>aliquid</span> <span class='ocrx_word' id='word_1_248' title='bbox 1474 1989 1528 2034; x_wconf 87' lang='lat' dir='ltr'>de</span> <span class='ocrx_word' id='word_1_249' title='bbox 1552 1991 1715 2050; x_wconf 84' lang='lat' dir='ltr'>justitia</span> <span class='ocrx_word' id='word_1_250' title='bbox 1731 2026 1743 2047; x_wconf 94' lang='lat'>,</span> 
     </span>
     <span class='ocr_line' id='line_1_27' title="bbox 358 2060 1747 2125; baseline -0.001 -17"><span class='ocrx_word' id='word_1_251' title='bbox 358 2079 491 2125; x_wconf 85' lang='lat' dir='ltr'>quam</span> <span class='ocrx_word' id='word_1_252' title='bbox 511 2062 582 2107; x_wconf 91' lang='lat' dir='ltr'>vel</span> <span class='ocrx_word' id='word_1_253' title='bbox 604 2076 836 2106; x_wconf 91' lang='lat' dir='ltr'>nummum</span> <span class='ocrx_word' id='word_1_254' title='bbox 851 2060 906 2104; x_wconf 91' lang='lat' dir='ltr'>de</span> <span class='ocrx_word' id='word_1_255' title='bbox 924 2061 1126 2120; x_wconf 86' lang='lat' dir='ltr'>pecunia,</span> <span class='ocrx_word' id='word_1_256' title='bbox 1143 2070 1186 2105; x_wconf 85' lang='lat' dir='ltr'>et</span> <span class='ocrx_word' id='word_1_257' title='bbox 1204 2061 1390 2120; x_wconf 86' lang='lat' dir='ltr'>percutis</span> <span class='ocrx_word' id='word_1_258' title='bbox 1407 2070 1449 2105; x_wconf 90' lang='lat' dir='ltr'>te</span> <span class='ocrx_word' id='word_1_259' title='bbox 1466 2061 1628 2106; x_wconf 90' lang='lat' dir='ltr'>damno</span> <span class='ocrx_word' id='word_1_260' title='bbox 1651 2078 1747 2121; x_wconf 83' lang='lat' dir='ltr'>gra-</span> 
     </span>
     <span class='ocr_line' id='line_1_28' title="bbox 355 2129 1742 2192; baseline -0.001 -13"><span class='ocrx_word' id='word_1_261' title='bbox 355 2149 474 2179; x_wconf 71' lang='lat' dir='ltr'>wore</span> <span class='ocrx_word' id='word_1_262' title='bbox 491 2169 501 2189; x_wconf 92' lang='lat'>,</span> <span class='ocrx_word' id='word_1_263' title='bbox 526 2132 711 2192; x_wconf 85' lang='lat' dir='ltr'>implens</span> <span class='ocrx_word' id='word_1_264' title='bbox 734 2129 964 2176; x_wconf 85' lang='lat' dir='ltr'>saccellum</span> <span class='ocrx_word' id='word_1_265' title='bbox 986 2140 1112 2174; x_wconf 89' lang='lat' dir='ltr'>tuum</span> <span class='ocrx_word' id='word_1_266' title='bbox 1128 2166 1138 2185; x_wconf 95' lang='lat'>,</span> <span class='ocrx_word' id='word_1_267' title='bbox 1172 2140 1216 2174; x_wconf 85' lang='lat' dir='ltr'>et</span> <span class='ocrx_word' id='word_1_268' title='bbox 1233 2131 1482 2175; x_wconf 76' lang='lat' dir='ltr'>exinaniens</span> <span class='ocrx_word' id='word_1_269' title='bbox 1503 2147 1578 2176; x_wconf 91' lang='lat' dir='ltr'>cor</span> <span class='ocrx_word' id='word_1_270' title='bbox 1599 2141 1742 2177; x_wconf 88' lang='lat' dir='ltr'>tuum.</span> 
     </span>
     <span class='ocr_line' id='line_1_29' title="bbox 355 2200 1746 2262; baseline -0.003 -12"><span class='ocrx_word' id='word_1_271' title='bbox 355 2204 564 2250; x_wconf 86' lang='lat' dir='ltr'>Fortassis</span> <span class='ocrx_word' id='word_1_272' title='bbox 595 2217 698 2262; x_wconf 81' lang='lat' dir='ltr'>ergo</span> <span class='ocrx_word' id='word_1_273' title='bbox 735 2200 790 2245; x_wconf 90' lang='lat' dir='ltr'>de</span> <span class='ocrx_word' id='word_1_274' title='bbox 822 2200 904 2245; x_wconf 89' lang='lat' dir='ltr'>illis</span> <span class='ocrx_word' id='word_1_275' title='bbox 945 2200 1100 2246; x_wconf 76' lang='lat' dir='ltr'>dixerit</span> <span class='ocrx_word' id='word_1_276' title='bbox 1132 2220 1140 2245; x_wconf 92' lang='lat'><strong>:</strong></span> <span class='ocrx_word' id='word_1_277' title='bbox 1174 2220 1194 2243; x_wconf 87' lang='lat'>«</span> <span class='ocrx_word' id='word_1_278' title='bbox 1220 2201 1354 2246; x_wconf 79' lang='lat' dir='ltr'>Haesit</span> <span class='ocrx_word' id='word_1_279' title='bbox 1375 2201 1422 2245; x_wconf 89' lang='lat' dir='ltr'>in</span> <span class='ocrx_word' id='word_1_280' title='bbox 1445 2210 1558 2246; x_wconf 87' lang='lat' dir='ltr'>terra</span> <span class='ocrx_word' id='word_1_281' title='bbox 1593 2211 1746 2247; x_wconf 90' lang='lat' dir='ltr'>venter</span> 
     </span>
     <span class='ocr_line' id='line_1_30' title="bbox 359 2284 624 2320; baseline -0.004 -4"><span class='ocrx_word' id='word_1_282' title='bbox 359 2293 381 2316; x_wconf 85' lang='lat'>»</span> <span class='ocrx_word' id='word_1_283' title='bbox 416 2284 577 2320; x_wconf 87' lang='lat' dir='ltr'>noster.</span> <span class='ocrx_word' id='word_1_284' title='bbox 603 2291 624 2315; x_wconf 67' lang='lat'>³&gt;</span> 
     </span>
    </p>

    <p class='ocr_par' dir='ltr' id='par_1_3' title="bbox 355 2341 1741 2474">
     <span class='ocr_line' id='line_1_31' title="bbox 419 2341 1741 2402; baseline 0 -13"><span class='ocrx_word' id='word_1_285' title='bbox 419 2349 583 2390; x_wconf 79' lang='lat' dir='ltr'>XXVI.</span> <span class='ocrx_word' id='word_1_286' title='bbox 613 2365 634 2388; x_wconf 93' lang='lat'>«</span> <span class='ocrx_word' id='word_1_287' title='bbox 659 2347 830 2402; x_wconf 80' lang='lat' dir='ltr'>Exurge</span> <span class='ocrx_word' id='word_1_288' title='bbox 851 2379 861 2399; x_wconf 95' lang='lat'>,</span> <span class='ocrx_word' id='word_1_289' title='bbox 895 2342 1101 2397; x_wconf 89' lang='lat' dir='ltr'>Domine,</span> <span class='ocrx_word' id='word_1_290' title='bbox 1138 2341 1293 2402; x_wconf 82' lang='lat' dir='ltr'>adjuva</span> <span class='ocrx_word' id='word_1_291' title='bbox 1326 2344 1447 2388; x_wconf 80' lang='lat' dir='ltr'>nos³.</span> <span class='ocrx_word' id='word_1_292' title='bbox 1475 2360 1496 2385; x_wconf 87' lang='lat'>»</span> <span class='ocrx_word' id='word_1_293' title='bbox 1523 2346 1580 2388; x_wconf 90' lang='lat' dir='ltr'>Et</span> <span class='ocrx_word' id='word_1_294' title='bbox 1609 2359 1710 2389; x_wconf 88' lang='lat' dir='ltr'>vere</span> <span class='ocrx_word' id='word_1_295' title='bbox 1729 2380 1741 2400; x_wconf 97' lang='lat'>,</span> 
     </span>
     <span class='ocr_line' id='line_1_32' title="bbox 355 2412 1740 2474; baseline -0.001 -13"><span class='ocrx_word' id='word_1_296' title='bbox 355 2416 608 2471; x_wconf 86' lang='lat' dir='ltr'>charissimi,</span> <span class='ocrx_word' id='word_1_297' title='bbox 635 2415 848 2461; x_wconf 76' lang='lat' dir='ltr'>exurrexit</span> <span class='ocrx_word' id='word_1_298' title='bbox 872 2423 915 2458; x_wconf 88' lang='lat' dir='ltr'>et</span> <span class='ocrx_word' id='word_1_299' title='bbox 937 2412 1116 2473; x_wconf 86' lang='lat' dir='ltr'>adjuvit.</span> <span class='ocrx_word' id='word_1_300' title='bbox 1141 2416 1340 2474; x_wconf 81' lang='lat' dir='ltr'>Namque</span> <span class='ocrx_word' id='word_1_301' title='bbox 1361 2429 1463 2458; x_wconf 86' lang='lat' dir='ltr'>cum</span> <span class='ocrx_word' id='word_1_302' title='bbox 1485 2426 1713 2473; x_wconf 75' lang='lat' dir='ltr'>exurgeret</span> <span class='ocrx_word' id='word_1_303' title='bbox 1729 2450 1740 2471; x_wconf 93' lang='lat'>,</span> 
     </span>
    </p>
   </div>
   <div class='ocr_carea' id='block_1_3' title="bbox 360 2508 1743 2606">
    <p class='ocr_par' dir='ltr' id='par_1_4' title="bbox 360 2508 1743 2606">
     <span class='ocr_line' id='line_1_33' title="bbox 403 2508 1743 2554; baseline 0 -11"><span class='ocrx_word' id='word_1_304' title='bbox 403 2517 414 2533; x_wconf 86' lang='lat'><em>¹</em></span> <span class='ocrx_word' id='word_1_305' title='bbox 444 2513 545 2554; x_wconf 69' lang='lat' dir='ltr'>Apoc.</span> <span class='ocrx_word' id='word_1_306' title='bbox 572 2522 613 2551; x_wconf 89' lang='lat' dir='ltr'>x,</span> <span class='ocrx_word' id='word_1_307' title='bbox 645 2523 693 2544; x_wconf 74' lang='grc' dir='ltr'>ιο.</span> <span class='ocrx_word' id='word_1_308' title='bbox 719 2528 760 2535; x_wconf 88' lang='lat'>—-</span> <span class='ocrx_word' id='word_1_309' title='bbox 783 2518 797 2533; x_wconf 83' lang='lat'>²</span> <span class='ocrx_word' id='word_1_310' title='bbox 826 2509 967 2543; x_wconf 72' lang='lat' dir='ltr'>Subau-J.</span> <span class='ocrx_word' id='word_1_311' title='bbox 1003 2509 1055 2541; x_wconf 86' lang='lat' dir='ltr'>cui</span> <span class='ocrx_word' id='word_1_312' title='bbox 1073 2509 1192 2542; x_wconf 84' lang='lat' dir='ltr'>dictum</span> <span class='ocrx_word' id='word_1_313' title='bbox 1214 2514 1283 2542; x_wconf 83' lang='lat' dir='ltr'>est:</span> <span class='ocrx_word' id='word_1_314' title='bbox 1308 2508 1424 2543; x_wconf 71' lang='lat' dir='ltr'>Vende</span> <span class='ocrx_word' id='word_1_315' title='bbox 1446 2511 1579 2550; x_wconf 78' lang='lat' dir='ltr'>omnia,</span> <span class='ocrx_word' id='word_1_316' title='bbox 1601 2515 1666 2543; x_wconf 87' lang='lat' dir='ltr'>etc.</span> <span class='ocrx_word' id='word_1_317' title='bbox 1700 2526 1743 2534; x_wconf 88' lang='lat'>--</span> 
     </span>
     <span class='ocr_line' id='line_1_34' title="bbox 360 2565 657 2606; baseline 0.003 -9"><span class='ocrx_word' id='word_1_318' title='bbox 360 2565 373 2587; x_wconf 78' lang='lat'>3</span> <span class='ocrx_word' id='word_1_319' title='bbox 394 2566 473 2597; x_wconf 70' lang='lat' dir='ltr'>Psal.</span> <span class='ocrx_word' id='word_1_320' title='bbox 495 2577 584 2606; x_wconf 71' lang='lat' dir='ltr'>nm,</span> <span class='ocrx_word' id='word_1_321' title='bbox 604 2566 657 2598; x_wconf 76' lang='lat'>26.</span> 
     </span>
    </p>
   </div>
  </div>
 </body>
</html>
