1841 3223
370 151 452 191 242
806 170 840 199 s.
876 172 1106 200 Ateus-rui
1140 174 1319 201 Emscorl

427 237 503 278 IX.
540 234 618 279 Ille
642 236 758 279 enim
778 237 854 296 qui
880 237 1013 281 habet
1036 236 1287 282 altissimam
1306 238 1351 282 in
1369 249 1534 284 secreto
1551 239 1749 295 domum⁷

364 302 496 348 habet
514 305 642 349 etiam
658 306 702 350 in
720 315 830 351 terra
853 307 1201 352 tabernaculum.
1220 309 1570 354 Tabernaculum
1593 313 1685 371 ejus
1707 311 1754 354 in

366 384 476 419 terra
494 410 504 430 ‚
527 376 718 421 Ecclesia
740 378 830 438 ejus
849 387 912 422 est
934 377 1076 423 adhuc
1093 380 1336 439 peregrina.
1366 378 1450 425 Sed
1466 381 1538 426 hic
1552 396 1754 442 quaeren-

366 445 447 490 dus
470 456 553 501 est,
580 447 683 508 quia
705 448 750 493 in
773 449 1056 495 tabernaculo
1078 451 1299 495 invenitur
1319 452 1387 495 via
1401 487 1411 507 ‚
1433 467 1510 512 per
1524 468 1657 513 quam
1678 468 1754 497 ve—

362 517 481 561 nitur
503 517 558 562 ad
582 517 778 564 domum.
805 521 981 565 Etenim
1000 536 1101 565 cum
1123 521 1394 566 effunderem
1418 538 1548 583 super
1570 538 1639 567 me
1656 523 1753 567 ani-

359 602 476 632 mam
506 604 670 645 meam,
711 590 765 635 ad
798 589 1102 650 attingendum
1132 593 1270 635 Deum
1293 607 1465 650 meum,
1497 608 1632 653 quare
1668 593 1753 638 hoc

358 657 468 703 ieci?
502 661 754 714 «Quoniam
785 661 1004 721 ingrediar
1031 662 1078 706 in
1112 660 1260 706 locum
1283 662 1570 708 tabernaculi.
1594 682 1613 705 11
1641 667 1751 709 Nam

357 739 474 774 extra
516 729 663 776 locum
697 732 967 777 tabernaculi
995 731 1150 777 errabo
1180 748 1381 792 quaernes
1412 736 1551 778 Deum
1584 729 1747 780 meum.

360 820 382 842 «
417 802 630 854 Quoniam
664 802 879 861 ingrediar
915 803 961 846 in
992 801 1139 847 locum
1178 802 1450 848 tabernaculi
1487 804 1753 850 admirabilis

361 888 382 911 »
418 888 556 932 usque
574 872 630 916 ad
645 872 826 917 domum
840 873 930 917 Dei.
951 891 971 914 »
993 876 1045 917 In
1065 872 1213 917 locum
1229 873 1497 919 tabernaculi
1514 875 1746 934 ingrediar,

358 940 625 987 admirabilis
649 942 918 988 tabernaculi
941 959 1080 1004 usque
1102 943 1156 988 ad
1179 942 1359 989 domum
1391 945 1482 990 Dei.
1516 947 1612 989 Jam
1633 947 1749 990 enim

357 1012 494 1057 multa
525 1014 715 1058 admiror
743 1014 789 1058 in
828 1013 1126 1060 tabernaculo.
1154 1018 1266 1060 Ecce
1294 1027 1458 1077 quanta
1480 1016 1671 1062 admiror
1703 1017 1750 1061 in

355 1084 639 1130 tabernaculo
663 1104 671 1131 :
695 1085 1044 1131 'sabernaculum
1067 1086 1183 1130 enim
1205 1086 1282 1130 Dei
1312 1087 1359 1130 in
1388 1097 1500 1132 terra
1515 1123 1526 1143 ‚
1552 1088 1750 1133 homines

355 1165 457 1199 sunt
480 1155 628 1200 fideles
656 1175 664 1202 ε
692 1155 883 1201 admiror
905 1157 949 1202 in
985 1156 1044 1201 eis
1079 1157 1271 1217 ipsorum
1300 1157 1599 1203 membrorum
1620 1159 1749 1204 obse-

354 1227 535 1288 quium3
560 1229 662 1290 quia
685 1245 774 1274 non
801 1230 846 1273 in
869 1229 929 1274 eis
952 1238 1104 1288 regnat
1126 1239 1355 1288 peccatum
1376 1230 1431 1274 ad
1453 1230 1750 1275 obediendum

357 1297 579 1345 desideriis
602 1301 707 1361 ejus,
725 1316 805 1345 nec
826 1301 1032 1344 exhibent
1054 1299 1250 1344 membra
1273 1316 1350 1344 sua
1373 1316 1490 1344 arma
1511 1301 1750 1362 iniquitatis

355 1379 551 1429 peccato,
578 1369 653 1415 sed
666 1371 876 1415 exhibent
890 1374 980 1415 Deo
991 1370 1091 1415 vivo
1115 1370 1160 1414 in
1184 1370 1310 1414 bonis
1331 1370 1536 1430 operibus
1562 1391 1571 1416 ;
1593 1371 1749 1416 animae

354 1441 560 1486 servienti
580 1445 670 1487 Deo
698 1442 894 1487 membra
912 1440 1153 1502 corporalia
1176 1441 1362 1486 militare
1382 1441 1613 1488 admir0r1.
1641 1446 1750 1488 Res-

354 1513 468 1572 picio
511 1522 556 1557 et
582 1513 717 1573 ipsam
754 1514 942 1558 animam
968 1512 1247 1558 obedientem
1269 1517 1381 1569 Deo,
1413 1513 1750 1560 distribuentem

359 1598 489 1642 opera
520 1592 640 1628 actus
662 1584 751 1638 sui,
777 1583 1023 1628 frenantem
1045 1582 1305 1643 cupiditates
1320 1619 1331 1639 ,
1364 1583 1601 1644 pellentem
1623 1585 1750 1644 igno-

355 1654 564 1709 rantiam,
591 1653 900 1698 extendentem
933 1669 976 1697 se
1009 1654 1064 1697 ad
1092 1654 1237 1698 onmia
1261 1670 1409 1714 aspera
1439 1664 1482 1699 et
1508 1655 1617 1700 dura
1644 1655 1750 1700 tole-

354 1723 512 1781 randa,
558 1726 773 1785 justitiam
815 1733 859 1769 et
901 1724 1157 1769 charitatem
1194 1723 1525 1783 impendentem
1563 1726 1744 1771 caeteris.

353 1795 490 1840 Miror
511 1804 555 1840 et
577 1796 678 1840 istas
692 1796 873 1839 virtutes
894 1794 1098 1838 inanima
1120 1813 1127 1839 ε
1153 1794 1229 1839 sed
1245 1793 1388 1839 adhuc
1405 1794 1451 1838 in
1473 1793 1571 1840 loco
1602 1796 1748 1840 taber-

352 1865 498 1910 naculi
526 1865 719 1910 ambulo.
748 1868 934 1910 Transeo
968 1874 1009 1909 et
1044 1865 1139 1908 haec
1165 1884 1173 1909 :
1199 1874 1241 1908 et
1273 1864 1470 1925 quamvis
1493 1865 1747 1912 admirabile

353 1937 409 1981 sit
429 1936 785 1992 tabernaculum,
810 1945 965 1995 stupeo
983 1951 1085 1979 cum
1106 1935 1312 1995 pervenio
1331 1951 1469 1997 usque
1491 1936 1546 1981 ad
1563 1936 1746 1982 domum

352 2008 446 2053 Dei.
471 2011 534 2053 De
552 2023 640 2068 qua
653 2008 784 2053 domo
806 2007 912 2051 dicit
933 2008 980 2050 in
1002 2005 1086 2051 alio
1106 2006 1276 2051 Psalmo
1292 2042 1303 2062 ,
1329 2023 1430 2052 cum
1453 2009 1748 2068 proposuisset

353 2080 435 2126 sibi
456 2079 692 2141 quamdam
714 2078 869 2123 duram
888 2087 930 2122 et
953 2077 1177 2122 difficilem
1208 2080 1518 2139 quaesfionem,
1543 2096 1677 2141 quare
1699 2080 1747 2125 in

352 2152 434 2196 hac
458 2160 571 2196 terra
592 2150 852 2210 plerumque
871 2149 984 2193 bene
1003 2157 1067 2192 est
1089 2147 1234 2204 malis,
1261 2159 1304 2193 et
1326 2148 1440 2194 male
1456 2159 1520 2194 est
1534 2150 1681 2206 bonis,
1702 2159 1747 2195 et

354 2223 413 2267 ait
437 2242 446 2268 :
477 2221 687 2281 «Suscepi
710 2234 968 2279 cognoscere
986 2254 997 2274 ,
1022 2219 1105 2263 hoc
1128 2218 1254 2264 labor
1277 2229 1340 2264 est
1361 2229 1462 2265 ante
1484 2235 1554 2265 me
1570 2256 1582 2276 ,
1604 2219 1745 2266 donce

354 2313 376 2337 »
409 2295 623 2340 intro'e'am
659 2294 704 2338 in
730 2290 1031 2338 sanctuarium
1055 2290 1161 2347 Dei,
1195 2300 1238 2335 et
1265 2290 1505 2351 intelligam
1528 2293 1573 2336 in
1596 2293 1743 2338 novis-

355 2385 377 2409 »
412 2367 558 2411 sima‘2.
575 2385 594 2408 »
616 2366 683 2410 Ibi
697 2374 761 2409 est
781 2365 896 2409 enim
913 2362 1009 2408 fons
1029 2361 1297 2418 intellectus,
1317 2363 1362 2407 in
1382 2365 1637 2409 Sanctuario
1650 2365 1739 2420 Dei,

353 2439 400 2484 in
422 2439 554 2483 domo
589 2438 679 2482 Dei.
725 2437 791 2483 1111
813 2435 1026 2480 intellexit
1067 2434 1145 2478 iste
1178 2435 1224 2478 in
1252 2435 1480 2480 novissima
1499 2471 1509 2490 ,
1545 2445 1588 2480 ct
1615 2435 1743 2481 solvit

352 2511 639 2571 quaestionem
662 2508 715 2552 de
739 2506 945 2552 felicitate
967 2505 1218 2566 iniquorum
1233 2540 1244 2561 ,
1271 2516 1314 2552 et
1332 2505 1482 2553 labore
1503 2507 1736 2567 justorum.

403 2600 413 2618 ¹
441 2597 534 2628 Rom.
552 2603 602 2634 vi,
631 2601 683 2634 12,
702 2592 753 2624 13.
771 2608 812 2615 —
833 2597 846 2613 ²
862 2589 942 2623 Psal.
972 2601 1031 2621 Lxx
1044 2599 1069 2628 1,
1098 2587 1149 2630 16,
1170 2599 1220 2631 ¹7·

1834 2514 1841 2666 j

1837 2686 1841 2758 4
