1841 3223
420 277 661 307 ENARRATIO
693 281 738 307 m
770 277 974 308 PsALMUM
1005 279 1094 306 xm.
1363 264 1447 305 247

67 343 122 387 de
138 351 286 387 monte
302 357 461 402 magno
481 364 492 401 3
515 352 565 387 ut
586 344 641 387 de
663 354 812 389 monte
833 360 966 404 parvo
987 353 1037 388 tu
1056 343 1187 388 facias
1208 356 1416 400 magnum
1436 361 1445 387 t
1469 358 1472 361 “

70 432 90 456 «
125 414 340 467 Quoniam
362 413 438 473 qui
459 429 503 457 se
525 412 708 469 exaltat,
732 414 1060 470 humiliabitur,
1081 423 1124 457 et
1144 414 1218 474 qui
1237 428 1280 457 se
1300 413 1450 457 humi-

68 502 88 525 »
123 483 220 540 liat,
245 484 550 529 exaltabitur1.
578 501 598 525 »
627 484 668 529 Si
687 494 832 528 autem
855 493 898 528 et
909 484 1284 544 interpretationes
1302 483 1448 528 nomi-

65 568 169 598 num
184 571 366 615 quaeraS,
385 557 409 600 J
413 555 586 599 ordanis
600 564 663 599 est
675 553 894 599 descensio
908 570 1073 599 eorum.
1091 553 1312 599 Descende
1327 568 1445 612 ergo,

65 635 114 669 ut
145 625 327 683 leveris3
355 625 443 670 noli
478 624 653 681 extolli,
679 641 733 669 ne
766 625 951 669 elidaris.
981 644 1001 667 «
1025 628 1082 668 Et
1102 624 1157 669 de
1180 625 1450 669 Hermoniim

67 713 88 736 »
123 704 270 740 monte
292 710 474 756 parvo.»
504 696 772 740 Hermoniim
798 694 1090 741 anathematio
1119 695 1444 754 interpretatur,

65 767 308 811 Anathcma
322 776 365 811 te
377 767 535 828 ipsum,
553 766 822 827 displicendo
834 767 914 811 tibi
931 765 1195 826 :displicebis
1210 766 1326 810 enim
1339 769 1446 822 Deo,

64 836 97 881 si
107 836 319 896 placueris
338 837 432 882 tibi.
454 840 568 896 Ergo
580 838 682 898 quia
699 837 824 882 nobis
840 840 953 881 Deus
965 836 1110 881 omnia'
1126 835 1241 880 bona
1256 845 1446 896 praestat,

64 907 166 967 quia
187 908 276 967 ipse
299 909 441 953 bonus
468 917 531 953 est
546 943 557 964 ,
578 924 667 953 non
691 907 792 968 quia
813 923 891 952 nos
908 906 1029 966 digni
1051 921 1221 964 sumus3
1252 907 1354 967 quia
1376 906 1451 952 ille

63 978 302 1023 misericors
325 988 416 1035 est,
447 995 537 1023 non
565 979 668 1038 quia
697 978 742 1022 in
774 977 920 1038 aliquo
950 976 1267 1036 promeruimus
1301 997 1310 1022 ε
1349 980 1450 1022 «De

66 1064 87 1088 »
106 1056 219 1092 terra
241 1048 442 1094 ,Iordanis
464 1058 508 1093 et
529 1048 800 1092 Hermoniim
821 1056 1184 1092 commemoratus
1205 1062 1301 1092 sum
1318 1048 1448 1092 Dei.»

62 1119 119 1161 Et
135 1118 238 1178 quia
258 1119 482 1164 humiliter
498 1127 880 1173 commemoratur,
899 1118 1108 1163 exaltatus
1123 1117 1288 1178 perfrui
1309 1133 1452 1162 mere-

64 1188 206 1234 bitur:
233 1190 335 1250 quia
352 1206 442 1235 non
465 1190 512 1234 in
529 1205 572 1234 se
594 1189 807 1234 exaltatur
827 1190 902 1250 qui
923 1189 968 1234 in
986 1190 1172 1234 Domino
1194 1189 1452 1248 gloriatur20‘

120 1262 245 1304 XIII.
281 1279 302 1303 «
316 1261 509 1320 Abyssus
527 1260 733 1319 abyssum
746 1261 919 1305 invocat
941 1262 986 1304 in
1008 1276 1113 1305 voce
1133 1269 1449 1305 cataractarum

65 1347 85 1372 »
121 1338 296 1375 tuarum
310 1332 342 1375 3.
362 1349 382 1372 »
410 1335 619 1391 Peragere
643 1332 862 1375 Psalmum
892 1347 1067 1391 possum
1092 1332 1296 1387 fortasse,
1323 1330 1449 1391 adju·

62 1409 131 1445 tus
152 1400 296 1445 studio
311 1410 455 1446 vestro
470 1437 481 1457 ,
505 1403 630 1462 cujus
646 1399 861 1446 fervorem
883 1401 1025 1446 video.
1047 1405 1109 1446 De
1131 1401 1281 1446 labore
1302 1410 1449 1446 autem

59 1480 203 1530 vestro
224 1488 314 1517 non
336 1472 435 1517 satis
457 1487 562 1517 curo
576 1508 586 1527 ,
611 1481 661 1515 ut
676 1471 886 1530 audiati53
916 1471 1096 1532 quando
1124 1481 1167 1516 ct
1191 1487 1260 1516 me
1280 1472 1357 1532 qui
1378 1471 1448 1516 lo-

61 1557 188 1602 quor,
213 1543 274 1586 ita
295 1541 340 1586 in
361 1543 427 1586 his
448 1542 671 1587 laboribus
689 1541 843 1586 sudare
865 1543 1064 1587 cernatis.
1090 1543 1357 1602 Aspicientes
1380 1558 1450 1586 me

63 1611 356 1668 laborantem,
377 1612 575 1672 profecto
593 1611 868 1657 collaboratis
894 1632 902 1657 ε
919 1628 1009 1656 non
1026 1612 1141 1656 enim
1157 1612 1263 1656 mihi
1279 1611 1448 1668 laboro,

59 1680 137 1726 sed
165 1681 303 1726 vobis.
330 1685 446 1741 Ergo
473 1681 648 1739 audite,
672 1682 774 1741 quia
800 1681 913 1726 velle
944 1697 1020 1727 vos
1051 1681 1195 1727 video.
1225 1682 1453 1741 «Abyssus

65 1770 84 1793 »
120 1751 325 1809 abyssum
349 1752 523 1797 invocat
547 1752 593 1795 in
615 1767 720 1796 voce
743 1760 1057 1796 cataractarum
1079 1760 1256 1795 tuarum
1279 1773 1290 1810 3
1312 1770 1333 1793 »
1359 1756 1450 1797 Deo

35 1815 37 1818 ⁴
60 1820 168 1865 dixit
195 1821 268 1865 ifle
295 1821 372 1881 qui
398 1822 488 1881 ejus
511 1830 877 1866 commemoratus
895 1831 958 1866 est
980 1820 1034 1866 de
1051 1831 1165 1866 terra
1188 1821 1390 1867 Jordanis
1407 1832 1452 1867 et

61 1893 330 1936 Hermoniim
369 1912 378 1938 ι
420 1893 503 1937 hoc
530 1892 787 1937 admirando
821 1891 928 1937 dixit
952 1912 960 1937 :
993 1912 1013 1934 «
1029 1893 1222 1951 Abyssus
1244 1894 1449 1951 abyssum

63 1980 84 2004 »
118 1962 293 2008 invocat
311 1963 356 2007 in
372 1978 477 2008 voce
498 1971 813 2007 cataractarum
835 1972 1026 2007 tuarum.
1053 1981 1073 2005 »
1107 1966 1215 2017 Quae
1238 1964 1418 2022 abyssus
1435 1999 1448 2020 ‚

59 2048 192 2094 quam
208 2033 414 2091 abyssum
430 2033 629 2078 invocat?
652 2034 762 2076 Vere
783 2033 885 2092 quia
907 2033 985 2077 iste
1004 2033 1251 2078 intellectus
1269 2034 1450 2093 abyssus

60 2113 136 2148 est.
153 2103 347 2162 Abyssus
365 2103 482 2147 enim
498 2112 562 2147 est
577 2101 852 2163 profunditas
868 2104 1073 2164 quaedam
1088 2104 1446 2163 impenetrabilis,

58 2172 503 2233 incomprehensibilis
525 2192 533 2218 z
552 2183 596 2217 et
616 2173 799 2218 maxime
821 2174 930 2219 solet
949 2173 1035 2219 dici
1053 2174 1099 2218 in
1111 2189 1324 2234 aquarum
1337 2174 1450 2219 mul-

59 2239 261 2289 titudine.
280 2244 348 2289 Ibi
362 2244 478 2289 enim
500 2243 700 2300 altitudo,
721 2245 782 2288 ibi
803 2243 1096 2305 profunditas,
1117 2261 1216 2305 quae
1232 2245 1450 2304 penetrari

59 2330 198 2374 usque
220 2313 276 2359 ad
291 2313 483 2360 fundum
501 2330 589 2359 non
610 2323 767 2374 potest.
795 2315 993 2375 Denique
1015 2314 1208 2375 quodam
1236 2313 1332 2359 loco
1353 2314 1449 2360 dic-

60 2395 156 2429 tum
183 2395 247 2430 est
283 2405 292 2430 :
325 2385 527 2430 «Judicia
554 2394 628 2430 tua
664 2387 843 2444 abyssus
879 2385 1078 2430 mult-,2142
1105 2403 1124 2426 »
1158 2386 1241 2430 hoc
1273 2386 1447 2431 volente

63 2456 282 2516 Scriptura
298 2456 628 2512 commendare,
654 2457 755 2517 quia
773 2456 936 2518 judicia
954 2456 1031 2501 Dei
1053 2472 1143 2500 non
1164 2458 1446 2517 comprehen-

109 2561 115 2576 ¹
139 2556 417 2594 Luc,x1v‚11‚et
438 2565 527 2595 xvur,
547 2553 599 2595 [4.
626 2572 662 2577 —-
694 2562 706 2577 ²
730 2566 741 2585 1
770 2555 1019 2592 C01·.1,31.·—-
1043 2553 1055 2576 ³
1076 2554 1154 2586 Psal.
1177 2566 1239 2596 xm,
1257 2555 1288 2587 8.
1309 2572 1351 2579 ·--·
1368 2554 1442 2587 fild.

62 2620 158 2649 xxxv,
179 2621 208 2650 7.
