1841 3223
351 159 406 197 30
753 163 787 192 s·
823 163 1054 191 AUGUSTINI
1087 162 1268 189 Emscom

357 256 374 277 »
411 249 549 278 ineant
568 233 622 278 ab
645 231 810 276 astutiis
832 245 1004 284 eorum,
1030 244 1052 272 a
1078 227 1279 273 leonibus
1301 227 1475 272 unicam
1498 242 1638 272 meam
1653 230 1684 272 ³.
1716 248 1734 270 »

351 304 485 348 Nobis
505 303 618 346 enini
640 300 812 346 tardum
835 308 898 342 est
913 334 923 353 ‚
949 308 992 342 et
1014 314 1063 342 ex
1088 314 1266 358 persona
1295 307 1441 342 nostra
1466 298 1550 342 hoc
1572 297 1741 342 dictum

352 383 443 417 est:
471 394 486 413 «
516 371 702 426 Quando
726 370 951 429 respicies?
969 388 987 410 »
1011 369 1055 413 id
1074 379 1152 424 est,
1177 370 1354 429 quando
1377 368 1620 413 videbimus
1642 368 1742 413 vin-

353 444 512 489 dictam
538 443 592 487 dc
620 443 683 486 his
704 442 780 502 qni
809 440 931 486 nobis
953 440 1193 486 insultam?
1215 440 1392 501 quando
1420 438 1539 484 illam
1565 439 1744 484 viduam

348 514 482 575 judex
508 512 639 557 undio
661 512 802 556 victus
831 511 1111 556 exauditurus
1137 514 1258 556 esst?
1276 514 1588 556 Verumtamen
1606 509 1745 571 judex

354 594 500 628 noster
516 599 604 627 non
622 582 780 638 taedio,
801 581 876 626 scd
893 597 1038 626 amore
1060 582 1208 626 differt
1235 580 1417 626 salutem
1438 590 1653 639 nostram3
1673 596 1744 625 ra-

358 656 474 699 tione
490 689 500 709 ,
526 670 613 698 non
636 654 776 712 inopia
794 674 804 710 3
824 669 912 696 non
935 652 1138 713 quianon
1161 661 1304 712 potest
1325 661 1367 696 et
1384 652 1517 696 modo
1535 652 1745 697 subveni-

355 741 422 780 re,
462 725 538 768 sed
580 735 629 769 ut
663 739 869 768 numerus
906 724 1102 767 omnium
1137 732 1334 767 nostrum
1365 737 1504 782 usque
1538 723 1583 766 in
1614 723 1748 766 finem

355 797 488 856 possit
510 795 693 855 impleri.
728 798 785 839 Et
809 805 953 839 tamen
984 810 1061 837 nos
1084 810 1133 837 ex
1163 793 1377 838 desiderio
1405 793 1512 854 quid
1535 792 1749 841 dicimus?

362 887 379 909 »
416 867 624 921 Domine,
651 865 827 926 quando
852 866 1082 924 respicies?
1105 865 1300 909 Restitue
1321 865 1507 909 animam
1527 880 1667 909 meam
1692 864 1748 908 ab

362 957 380 980 »
416 938 580 981 astutiis
604 952 777 991 eorum,
800 953 820 979 a
840 935 1041 980 leonibus
1056 935 1230 980 unicam
1248 951 1414 992 meam,
1445 955 1461 978 »
1486 935 1531 980 id
1553 945 1639 992 est,
1660 938 1749 981 Ec-

358 1008 530 1053 clesiam
550 1023 689 1051 nicam
705 1022 728 1050 a
745 1006 1036 1051 saevientibus.

416 1080 473 1122 X.
501 1078 696 1137 Denique
711 1077 775 1120 vis
798 1092 920 1120 nosse
938 1076 1047 1136 quid
1068 1077 1121 1120 sit
1142 1075 1215 1121 illa
1236 1077 1396 1121 unica?
1423 1079 1539 1136 Lege
1565 1092 1753 1138 sequen-

359 1149 451 1193 tia:
479 1166 495 1187 «
524 1147 779 1192 Confitebor
813 1147 918 1201 tibi,
952 1147 1162 1202 Domine,
1198 1147 1243 1190 in
1278 1146 1468 1192 Ecclesia
1505 1146 1671 1203 multa,
1707 1148 1754 1193 in

366 1239 384 1262 »
420 1218 584 1279 populo
613 1219 731 1276 gravi
763 1217 953 1262 laudabo
978 1220 1063 1262 te3.
1086 1238 1104 1259 »
1125 1217 1257 1262 Plane
1283 1238 1300 1258 «
1328 1221 1378 1262 In
1401 1216 1592 1263 Ecclesia
1614 1218 1755 1264 multa

367 1308 384 1330 »
422 1289 663 1333 confitebor
688 1288 791 1344 tibi,
818 1289 860 1332 in
878 1288 1041 1347 populo
1065 1289 1181 1346 gravi
1200 1287 1391 1333 laudabo
1409 1297 1466 1332 te.
1497 1308 1515 1330 »
1547 1288 1620 1333 Fit
1639 1290 1756 1334 enim

362 1360 575 1404 confessio
599 1360 644 1403 in
662 1359 780 1404 omni
803 1358 1086 1403 multitudine
1103 1394 1113 1414 ,
1140 1357 1323 1403 sednon
1343 1359 1389 1402 in
1413 1359 1618 1404 omnibus
1642 1363 1772 1422 Deus·

361 1429 568 1474 laudatur
585 1450 592 1474 ε
609 1439 698 1474 tota
719 1428 956 1473 multitudo
979 1428 1102 1473 audit
1117 1428 1433 1474 confessionem
1456 1439 1665 1485 nostram,
1681 1430 1757 1475 sed

363 1517 454 1545 non
486 1501 529 1544 in
553 1501 672 1544 omni
695 1499 979 1544 multitudine
1001 1500 1094 1544 laus
1118 1500 1195 1544 Dei
1217 1510 1294 1544 est.
1320 1503 1372 1545 In
1392 1501 1469 1545 ista
1493 1501 1610 1545 enim
1636 1501 1758 1546 omni

297 1616 304 1620 ⁴
363 1570 646 1615 multitudine
661 1606 672 1626 ‚
698 1571 739 1614 id
763 1580 825 1614 cst
845 1606 855 1626 ⁷
881 1571 925 1614 in
948 1569 1162 1626 Ecclesia,
1183 1587 1283 1631 quae
1305 1580 1395 1615 toto
1417 1571 1524 1615 orbe
1547 1581 1758 1617 terrarum

365 1640 522 1686 diffusa
541 1651 604 1685 est
621 1677 631 1697 ‚
658 1641 778 1702 palea
802 1651 865 1685 est
883 1650 926 1684 et
950 1640 1219 1685 frumentum
1238 1661 1246 1685 :
1263 1641 1386 1701 palca
1408 1641 1541 1697 volat,
1561 1642 1759 1689 frumen-

364 1721 460 1756 tum
477 1722 650 1770 manet3
676 1712 774 1756 ideo
802 1732 818 1752 α
841 1716 892 1756 ln
915 1712 1079 1771 populo
1102 1713 1219 1770 gravi
1236 1711 1427 1766 laudabo
1450 1722 1507 1757 te.
1531 1734 1548 1756 »
1567 1717 1618 1758 In
1640 1715 1760 1773 gravi

363 1782 528 1843 populo
543 1819 553 1838 ‚
575 1799 706 1844 quem
729 1793 885 1828 ventus
908 1783 1155 1828 tentationis
1179 1799 1269 1827 non
1298 1782 1464 1839 aufert,
1489 1784 1535 1828 in
1560 1785 1627 1829 his
1647 1789 1760 1831 Deus

363 1854 584 1899 laudatur.
619 1857 730 1899 Nam
761 1855 807 1897 in
843 1853 964 1914 palea
994 1853 1320 1913 blasphematur
1352 1870 1534 1914 semper.
1571 1856 1760 1909 Quando

364 1925 488 1986 palea
513 1934 656 1968 nostra
681 1923 938 1979 attenditur,
964 1923 1073 1984 qnid
1095 1924 1285 1969 dicitur?
1307 1927 1421 1969 Ecce
1445 1926 1669 1986 quomodo
1691 1928 1760 1972 vi-

365 2005 477 2040 vunt
498 1995 752 2050 Christiani,
781 2011 880 2038 ecce
900 1994 1005 2055 quid
1026 1994 1193 2038 faciunt
1213 1995 1446 2039 Christiani
1467 2014 1476 2040 :
1503 2006 1546 2040 et
1568 1997 1617 2041 fit
1639 1997 1762 2058 quod

367 2066 574 2126 scriptun]
595 2075 658 2121 cst
678 2085 686 2110 :
718 2086 733 2104 «
764 2066 980 2119 Quoniam
1005 2080 1166 2108 nomen
1192 2081 1338 2109 meum
1362 2082 1439 2126 per
1460 2082 1535 2111 vos
1556 2067 1763 2129 blasphe-

370 2155 391 2179 »
427 2146 568 2181 matur
590 2137 634 2179 in
663 2137 919 2180 Gentibus4.
947 2156 963 2177 »
991 2135 1170 2195 Inique,
1196 2136 1368 2191 invide,
1394 2153 1537 2182 aream
1560 2139 1758 2199 inspicis,

367 2208 443 2269 qni
478 2217 595 2252 totus
622 2207 667 2251 in
697 2207 819 2267 palea
848 2222 917 2262 OS,
944 2223 1030 2252 non
1062 2207 1141 2251 tibi
1175 2207 1300 2252 facile
1334 2223 1465 2266 grana
1494 2220 1759 2258 occurrunt:

369 2294 515 2339 quaere
537 2288 580 2322 ct
597 2278 788 2323 invenies
807 2277 1017 2337 populum
1039 2293 1229 2338 gravem,
1250 2278 1295 2322 in
1312 2295 1401 2339 quo
1422 2281 1655 2326 Dominum
1670 2281 1763 2328 lau-

370 2349 460 2393 des.
487 2349 559 2392 Vis
584 2349 803 2393 invenire?
827 2351 930 2393 Esto
953 2348 1062 2392 talis.
1083 2351 1191 2394 Nam
1215 2348 1355 2394 sinon
1378 2348 1510 2394 fueris
1534 2347 1761 2408 talis‚'dif÷

418 2452 427 2468 ¹
445 2444 526 2477 Psal.
549 2456 658 2488 xxxiv,
681 2455 732 2488 17.
745 2462 787 2470 —-
798 2452 811 2470 ²
825 2446 902 2478 Luc.
924 2456 1017 2487 xvm,
1038 2445 1069 2479 3.
1083 2461 1125 2468 -—
1146 2442 1244 2479 3Psal.
1256 2456 1365 2487 xxxiv,
1380 2447 1430 2479 18.
1446 2462 1486 2472 -
1497 2445 1597 2480 klsa'i.
1612 2460 1666 2492 ιιι,
1680 2449 1712 2492 5,
1727 2454 1762 2484 et

370 2505 462 2536 Rom.
481 2512 518 2543 ιι,
538 2500 593 2544 24.
