1841 3223
90 283 194 387 S.
250 280 584 384 AUR.
651 277 1464 384 AUGUSTINI

411 512 1160 556 HIPPONENSISEPISCOPI

353 690 1206 770 ENARRATIONES

764 851 818 889 IN

524 987 1059 1059 PSALMOS.

95 1214 736 1234 mmmmm
740 1217 1478 1236 mmmmm-mmmm

544 1334 939 1382 ENARRATIO
977 1336 997 1381 Ι

440 1476 502 1516 ΙΝ
543 1477 846 1518 PSALMUM
889 1478 1124 1518 XXXIV.

660 1597 837 1636 SERMO
864 1599 923 1634 1¹.

515 1712 577 1754 De
592 1711 730 1770 prima
751 1720 873 1771 parte
891 1710 1065 1756 Psalmi.

137 1837 172 1879 Ι.
189 1837 401 1879 PsALMUM
420 1832 549 1877 istum
567 1833 692 1878 nobis
710 1850 733 1877 a
740 1834 999 1894 jubentibus
1015 1833 1220 1880 fratribus
1235 1845 1279 1880 et
1299 1838 1485 1897 co-epis-

97 1906 215 1965 copis
235 1904 340 1949 meis
363 1904 615 1963 impositum
639 1919 728 1948 esse
740 1908 758 1930 ²
775 1904 830 1948 ad
858 1905 1151 1962 tractandum,
1177 1908 1346 1952 noverit
1367 1908 1484 1954 Cha-

98 1976 200 2020 ritas
223 1977 390 2020 Vestra.
417 1974 664 2019 Voluerunt
691 1984 742 2019 ut
761 1975 863 2020 hinc
883 1992 1031 2022 omnes
1053 1977 1220 2039 aliquid
1237 1978 1480 2025 audiamus.

98 2047 168 2092 Ab
196 2045 271 2090 illo
293 2045 409 2090 enim
431 2060 580 2090 omnes
608 2044 835 2102 audimus,
861 2063 883 2091 a
902 2063 990 2108 quo
1007 2049 1168 2107 pariter
1190 2048 1418 2106 discimus,
1440 2059 1484 2095 et

97 2116 145 2160 in
166 2117 288 2176 cujus
307 2114 455 2159 schola
476 2113 763 2175 condiscipuli
785 2132 948 2162 sumus.
976 2118 1146 2163 Titulus
1165 2119 1299 2179 ipsius
1316 2137 1484 2166 moram

99 2187 226 2232 nobis
263 2203 353 2231 non
390 2185 515 2242 facit,
551 2187 694 2232 brevis
730 2197 794 2232 est
814 2189 953 2245 enim,
978 2199 1022 2234 et
1048 2190 1103 2235 ad
1124 2191 1480 2251 intelligendum,

98 2258 283 2304 maxime
298 2258 472 2303 nutritis
492 2259 536 2302 in
551 2258 742 2304 Ecclesia
755 2261 848 2316 Dei,
865 2277 954 2306 non
970 2261 1173 2308 difficilis.
1187 2265 1330 2309 Habet
1348 2266 1481 2322 enim,

104 2349 125 2372 «
149 2329 237 2389 Ipsi
254 2328 407 2374 David.
429 2346 450 2370 »
478 2328 674 2373 Psalmus
694 2344 797 2389 ergo
815 2331 896 2391 ipsi
914 2331 1053 2377 David
1074 2352 1083 2377 ι
1108 2333 1246 2378 David
1268 2335 1485 2396 interpre-

101 2409 220 2446 tatur
240 2399 363 2445 fortis
384 2414 521 2444 manu
537 2434 548 2455 ‚
569 2399 640 2444 vel
661 2400 978 2447 Desiderabilis.
1008 2403 1202 2449 Psalmus
1229 2420 1332 2465 ergo
1352 2422 1487 2452 mauu

153 2505 162 2521 ¹
184 2498 317 2531 Habitus
348 2502 495 2542 tempore
518 2497 652 2541 alicujus
676 2499 813 2532 concilii.
843 2516 884 2523 --
917 2506 930 2522 ²
951 2501 1040 2533 Vide.
1061 2503 1099 2533 D.
1130 2502 1277 2545 Guillon‚
1303 2508 1379 2537 tom.
1414 2510 1497 2548 xx1‚'

105 2559 176 2598 νας.
198 2552 357 2597 446·449-
996 2554 998 2561 “

1294 2617 1327 2653 1.
