1841 3223
395 189 477 228 420
827 199 860 226 S.
899 200 1128 227 Accusum
1164 202 1348 227 El'lscovl

394 285 412 307 »
437 281 611 324 arguam
642 267 722 307 te¹.
754 283 771 304 »
790 267 886 307 Non
910 264 1139 308 tibidieam
1156 285 1163 309 2
1183 268 1326 317 Quare
1349 280 1437 309 non
1453 265 1554 308 milii
1574 266 1780 324 pinguem

394 345 565 378 taurum
590 334 809 377 mactasti?
832 350 966 394 quare
999 351 1086 378 non
1109 334 1163 378 de
1198 350 1326 393 grege
1352 344 1428 379 tuo
1456 335 1669 394 optimum
1693 334 1782 378 hir-

390 421 491 450 eum
517 405 713 463 elegisti?
736 420 870 464 quare
898 405 1005 448 aries
1028 404 1100 448 ille
1123 404 1320 449 ambulat
1349 405 1393 448 in
1417 405 1571 449 ovibus
1606 405 1688 449 tuis
1704 439 1714 459 ‚
1740 412 1783 447 ct

390 477 435 520 in
453 491 524 519 ara
554 491 648 518 mea
670 491 757 519 non
780 475 988 534 ponitur?
1010 477 1107 519 Non
1135 475 1278 519 dicam
1299 495 1307 519 2
1344 475 1513 535 Inspice
1536 490 1657 533 agros
1684 484 1782 519 tuos

391 556 435 591 et
456 547 651 590 chortem
672 555 789 589 tuam
806 581 816 601 ,
842 555 885 589 et
907 546 1090 605 parietes
1114 555 1210 590 tuos
1226 581 1236 600 ‚
1269 546 1507 605 quaerendo
1542 545 1649 606 quid
1679 544 1784 588 mihi

391 616 480 660 des.
493 619 613 661 «Non
626 632 756 676 super
768 616 972 660 sacrificia
984 625 1056 659 tua
1071 631 1248 674 arguam
1262 624 1319 659 te.
1331 615 1467 668 »Quid
1483 618 1707 673 ergo‘3Non
1721 630 1785 658 ac-

392 697 537 748 ceptas
550 688 756 732 sacrificia
772 702 866 731 mea
880 689 898 732 Ρ
917 707 937 729 «
957 686 1221 730 Holocausta
1233 696 1379 730 autem
1394 695 1469 730 tua
1486 686 1531 729 in
1549 694 1787 745 conspectu

395 777 415 800 »
434 775 531 803 meo
556 769 658 802 sunt
680 773 863 817 semper.
893 776 912 798 »
945 755 1208 801 Holocausta
1227 756 1429 817 quaedam
1446 792 1456 812 ,
1482 756 1536 800 dc
1565 757 1724 816 quihus
1741 756 1787 799 in

392 830 476 875 alio
496 829 666 874 Psalmo
689 828 848 872 dieitur
870 847 877 871 :
912 847 931 869 «
960 828 1002 872 Si
1020 827 1226 872 voluisses
1257 828 1514 872 sacrificium
1537 863 1546 883 ‚
1573 826 1786 871 dedissem

394 922 413 946 »
433 903 607 962 utique⁷
634 899 893 945 holocaustis
917 915 1005 944 non
1033 898 1317 944 delectaberis
1342 919 1350 945 :
1380 919 1399 941 »
1428 909 1471 944 ct
1507 915 1652 943 rursus
1679 915 1787 943 eon-

392 974 522 1019 vertit
549 988 614 1027 se,
650 992 669 1013 (ι
711 971 978 1017 Sacrificium
1008 975 1097 1015 Deo
1129 971 1303 1030 spiritus
1336 969 1682 1025 contribulatus,
1714 986 1788 1014 cor

396 1064 415 1087 »
451 1044 691 1089 contritum
725 1051 767 1085 et
801 1040 1079 1085 humiliatum
1112 1045 1224 1085 Deus
1255 1058 1344 1086 non
1379 1042 1587 1101 spernit2.
1619 1061 1638 1083 »
1681 1044 1789 1094 Qua:

392 1125 495 1161 sunt
527 1131 630 1174 ergo
658 1113 911 1158 holocausta
940 1129 1040 1172 quae
1070 1128 1158 1156 non
1187 1113 1381 1172 spernit?
1405 1116 1512 1166 Quae
1537 1111 1791 1157 holocausta

392 1204 491 1248 quae
513 1186 558 1230 in
594 1193 828 1244 conspeetu
855 1185 945 1243 ejus
970 1193 1072 1227 sunt
1099 1185 1294 1243 semper?
1321 1204 1340 1225 (ι
1368 1184 1560 1243 Benigne
1577 1219 1587 1236 ,
1621 1183 1785 1242 inquit,

395 1279 415 1302 >›
442 1260 522 1314 fac,
547 1259 745 1311 Domine,
768 1257 811 1299 in
831 1256 943 1300 bona
967 1254 1191 1299 voluntate
1210 1264 1283 1299 tua
1304 1256 1404 1300 Sion
1422 1291 1432 1309 ,
1460 1265 1500 1299 ct
1517 1256 1789 1299 {edificentur

395 1351 416 1375 >›
442 1331 557 1375 muri
579 1327 818 1373 Jerusalem
846 1346 854 1370 :
881 1336 986 1370 tune
1021 1325 1265 1385 acceptabis
1297 1326 1556 1370 sacrificium
1583 1326 1786 1386 justitiae,

399 1424 416 1446 »
438 1402 679 1447 oblationes
702 1408 744 1442 et
775 1397 1070 1443 holocausta3.
1108 1417 1124 1438 »
1166 1397 1280 1441 Dicit
1304 1397 1507 1457 quaedam
1536 1397 1790 1442 holocausta

392 1479 534 1521 Deum
551 1480 894 1531 acceptaturum.
917 1468 1034 1521 Quid
1046 1478 1109 1512 est
1123 1478 1267 1512 autem
1285 1468 1616 1513 holocaustum?
1632 1472 1789 1513 Totum

394 1547 494 1604 igne
528 1545 811 1602 absumptum
850 1559 859 1585 ς
884 1548 992 1585 καῦσις
1022 1539 1212 1583 incensio
1238 1548 1317 1594 est,
1342 1547 1406 1579 ὅλον
1427 1548 1569 1583 totum
1593 1549 1655 1583 est
1680 1558 1688 1584 ε
1710 1540 1793 1584 ho-

392 1617 639 1662 locaustum
676 1623 822 1657 autem
852 1620 914 1655 est
948 1619 1090 1655 totum
1131 1610 1228 1667 igne
1251 1610 1545 1669 absumptum.
1586 1612 1663 1654 Est
1694 1609 1795 1670 qui-

394 1689 495 1732 dam
521 1687 633 1745 ignis
662 1683 1005 1743 flagrantissimse
1028 1681 1247 1725 charitatis
1273 1700 1281 1724 ε
1308 1680 1475 1724 animus
1496 1680 1793 1724 inflammetur

394 1758 606 1804 charitate
633 1791 644 1810 ,
696 1753 873 1812 arripiat
916 1754 1066 1795 eadem
1109 1751 1294 1794 charitas
1337 1751 1532 1794 membra
1575 1751 1620 1794 in
1664 1766 1791 1794 usum

395 1844 545 1882 suum,
566 1842 653 1870 non
679 1840 727 1868 ea
746 1822 969 1883 permittat
990 1820 1176 1865 militare
1196 1819 1444 1880 cupiditati,
1466 1830 1516 1865 ut
1539 1830 1655 1865 totus
1673 1837 1793 1865 exar-

396 1901 544 1944 descat
566 1897 666 1955 igne
697 1893 852 1939 amoris
881 1891 1016 1936 divini
1047 1891 1238 1951 quivult
1271 1892 1428 1936 offerre
1453 1895 1540 1936 Deo
1562 1892 1792 1936 holocaus—

395 1981 506 2015 tum.
552 1966 669 2011 Talia
691 1984 706 2004 «
737 1963 1000 2009 llolocausta
1026 1971 1099 2005 tua
1122 1961 1165 2005 in
1184 1972 1422 2022 conspectu
1442 1978 1539 2007 meo
1557 1972 1658 2007 sunt
1679 1978 1792 2007 sem-

398 2061 420 2084 »
444 2055 536 2100 per.
561 2058 578 2079 »

445 2106 731 2156 XVI.Adhuc
743 2106 821 2150 iste
836 2103 966 2149 Israel
983 2102 1092 2147 forte
1108 2118 1195 2147 non
1209 2101 1411 2161 intelligit
1425 2119 1525 2163 quae
1540 2102 1792 2148 holocausta

397 2185 487 2244 ejus
509 2181 554 2225 in
576 2187 812 2238 conspectu
836 2191 914 2219 suo
936 2173 1096 2217 haheat
1111 2188 1281 2232 semper
1297 2208 1307 2228 ,
1333 2182 1377 2217 et
1391 2172 1537 2217 adhue
1552 2172 1606 2217 dc
1628 2174 1788 2229 hobus,

398 2255 453 2298 de
476 2251 632 2297 ovibus
648 2284 658 2304 ,
685 2247 739 2292 de
756 2246 886 2290 hircis
901 2244 1088 2302 cogitat3
1106 2259 1195 2288 non
1218 2245 1380 2302 cogitet
1406 2263 1413 2287 :
1436 2262 1452 2281 «
1471 2246 1567 2288 Non
1585 2244 1793 2303 accipiam

402 2345 420 2368 »
451 2324 505 2368 de
520 2323 651 2366 domo
664 2316 949 2363 tuavitulos⁴.
972 2338 987 2356 »
1008 2314 1269 2358 Holocausta
1282 2314 1499 2358 nominavi
1518 2315 1632 2374 3jam
1647 2315 1793 2358 animo

399 2404 442 2438 et
471 2391 733 2451 cogitatione
767 2388 820 2432 ad
852 2397 1044 2431 terrenos
1067 2401 1217 2444 greges
1249 2384 1452 2428 currebas
1469 2420 1479 2439 ‚
1506 2384 1608 2428 inde
1631 2385 1793 2444 pingue

399 2464 508 2510 mihi
520 2460 685 2522 aliquid
698 2458 884 2518 eligebas
901 2459 1042 2502 :«Non
1057 2455 1265 2515 accipiam
1275 2455 1328 2499 de
1344 2454 1477 2500 domo
1496 2465 1571 2500 tua
1585 2456 1788 2500 vitulos.»

449 2556 458 2573 ¹
476 2547 557 2582 Psal.
583 2557 667 2587 xux,
685 2545 703 2578 S
723 2560 764 2566 ·—
782 2550 794 2566 ²
815 2544 860 2576 Id.
884 2543 1103 2585 L,18-21.—
1123 2540 1238 2573 ³1bid.
1263 2550 1318 2581 20,
1333 2540 1543 2574 21.-41d‚
1564 2552 1648 2583 xLut,
1668 2552 1689 2583 ς)
