1841 3223
398 214 649 242 ENARRATIO
672 217 714 241 m
749 214 952 242 PsALMUM
986 216 1108 241 XLIII.
1363 204 1446 242 275

68 297 88 321 »
124 279 225 323 dam
252 279 317 324 illi
340 280 607 339 meipsum1.
636 297 655 320 »
682 282 822 332 Quem
845 278 1078 333 videbant,
1111 287 1383 323 ostensurum
1405 294 1449 323 se

64 347 149 394 illis
170 349 464 408 promittebat..
495 349 576 393 Sed
595 349 702 408 quid
724 357 786 392 est
808 349 1063 401 hOCPQuasi
1085 347 1248 392 diceret
1270 348 1466 393 :Videtis

64 417 248 463 formam
264 419 390 474 servi,
410 417 579 463 occulta
599 427 663 461 est
683 417 822 461 forma
838 419 914 462 Dei
935 419 1164 477 :perhanc
1181 418 1305 463 vobis
1326 418 1450 462 blan-vv

65 489 187 544 dior,
217 488 336 532 illam
369 488 491 532 vobis
528 500 650 531 servo
677 506 686 531 ε
712 486 795 531 hac
815 502 894 531 vos
924 488 1129 546 parvulos
1162 489 1338 544 nutrio,
1378 488 1453 532 illa

65 559 248 617 grandes
268 573 412 615 pasco.
438 560 554 616 Ergo
587 566 637 602 ut
663 557 758 601 haec
779 556 886 601 fides
909 568 1054 602 nostra
1076 575 1162 618 qua
1184 574 1423 618 purgamur
1437 593 1448 614 ‚

64 628 121 674 ad
143 629 372 674 invisibilia
405 637 674 688 praeparetur
690 662 702 683 ‚
735 628 819 672 hoc
841 636 905 671 est
922 663 933 682 ‚
959 628 1079 688 quod
1109 629 1155 673 in
1176 629 1449 674 intellectum

64 699 162 744 filii-s
184 701 299 744 Core
316 698 429 743 facta
451 707 554 743 sunt
573 698 655 742 ista
674 698 819 742 omnia
835 732 846 752 ,
867 707 918 741 ut
939 697 1272 742 detraherentur
1292 700 1450 744 sanctis

64 785 115 814 ea
136 786 235 830 quae
255 770 479 814 habebant
495 804 507 824 ,
538 767 839 812 detraheretur
859 777 903 811 et
929 768 1021 827 ipsa
1049 769 1138 813 vita
1170 769 1418 828 temporalis
1437 787 1446 814 ε

63 851 115 886 ut
136 844 225 887 non
240 851 419 902 propter
439 842 533 886 haec
553 841 644 900 ipsa
666 839 917 900 temporalia
935 839 1128 884 colerent
1151 841 1292 900 ipsum
1320 851 1450 885 aeter-

65 928 172 956 num
191 947 202 968 ‚
228 912 304 957 sed
326 927 471 957 amore
495 910 611 956 illius
639 920 756 955 casto
777 910 1012 955 tolerarent
1032 912 1127 956 haec
1149 912 1320 968 omnia,
1353 927 1452 973 quae

66 998 151 1043 pro‘
167 992 361 1043 tempore
381 991 648 1042 paterentur.

124 1057 265 1099 XVII.
297 1055 494 1114 Denique
516 1054 617 1114 quia
640 1052 947 1097 intellexerunt
965 1053 1049 1097 hoc
1070 1052 1147 1097 filii
1180 1056 1291 1099 Coro
1308 1089 1318 1109 ,
1344 1054 1453 1114 quid

64 1125 247 1171 dicunt?
273 1145 294 1168 «
318 1129 422 1170 Haec
442 1126 589 1170 omnia
608 1133 826 1170 venerunt
852 1139 982 1183 super
1014 1141 1113 1180 nos,
1149 1134 1192 1169 et
1213 1125 1337 1170 obliti
1362 1141 1453 1169 non

67 1215 87 1239 »
122 1213 271 1242 sumus
291 1206 349 1241 te.
378 1215 398 1238 »
419 1196 537 1250 Quid
554 1205 642 1251 est,
673 1215 700 1255 αχ
717 1198 774 1239 Et
791 1195 917 1239 obliti
935 1211 1022 1240 non
1041 1211 1190 1240 sumus
1210 1199 1282 1240 te?
1301 1199 1357 1240 Et
1372 1197 1453 1240 ini-

65 1286 86 1310 »
120 1283 206 1329 que
226 1283 316 1312 non
337 1267 505 1326 egimus
525 1267 572 1310 in
594 1275 854 1311 testamento
876 1276 953 1311 tuo
975 1286 983 1311 :
1010 1275 1053 1310 et
1075 1283 1163 1311 non
1185 1267 1358 1312 recessit
1379 1283 1449 1311 re-

65 1357 86 1381 »
120 1348 188 1384 tro
209 1354 284 1384 cor
315 1347 513 1383 nostrum
539 1357 548 1382 ε
579 1346 622 1381 et
643 1336 865 1381 declinasti
887 1338 1059 1381 semitas
1091 1348 1258 1382 nostras
1291 1337 1346 1382 de
1382 1339 1450 1383 via

62 1429 85 1453 ³)
119 1413 239 1455 tua22.
267 1428 288 1453 »
313 1413 426 1455 Ecce
447 1419 510 1454 est
531 1408 793 1463 intellectus,
820 1409 922 1469 quia
940 1425 1029 1454 non
1048 1410 1221 1454 recessit
1237 1419 1353 1454 retro
1370 1426 1445 1455 cor

60 1491 282 1537 nostrum,
307 1481 407 1542 quia
431 1480 556 1526 obliti
577 1496 668 1525 non
690 1496 839 1525 sumus
858 1490 922 1535 te,
948 1482 1050 1541 quia
1069 1481 1218 1541 inique
1241 1497 1329 1525 non
1352 1482 1444 1540 egi-

59 1569 157 1597 mus
188 1554 233 1597 in
253 1562 514 1598 testamento
544 1561 644 1607 tuo,
672 1553 802 1611 positi
834 1553 878 1596 in
899 1554 1067 1612 magnis
1088 1553 1448 1598 tribulationibus

59 1633 106 1669 et*
123 1624 493 1684 persecutionibus
522 1623 733 1682 gentium.
771 1642 792 1666 «
815 1623 1049 1668 Declinasti
1081 1624 1253 1668 semitas
1281 1633 1449 1669 nostras

61 1713 82 1736 »
117 1694 172 1739 de
190 1696 256 1739 via
276 1704 365 1739 tua.
385 1712 406 1736 »
435 1695 606 1739 Semitas
623 1694 738 1737 enim
760 1703 918 1738 nostrae
940 1703 1063 1738 erant
1083 1695 1129 1738 in
1146 1694 1445 1755 voluptatibus

54 1764 204 1810 saeculi
216 1786 230 1823 3
243 1765 406 1809 semitae
414 1773 573 1809 nostrae
586 1773 709 1808 erant
723 1764 766 1807 in
775 1764 1133 1823 prosperitatibus
1142 1767 1447 1825 temporalium

57 1851 203 1880 rerum
221 1854 230 1881 ι
248 1835 385 1879 tulisti
399 1835 570 1878 semitas
583 1842 750 1878 nostras
763 1833 818 1877 de
831 1835 897 1877 via
913 1843 1003 1888 tua,
1024 1845 1067 1879 et
1081 1836 1304 1881 ostendisti
1320 1838 1446 1883 nobis

56 1921 190 1969 quam
213 1915 330 1950 arcta
354 1914 399 1949 et
421 1912 601 1964 angusta
619 1904 688 1948 via
709 1913 797 1959 est,
823 1920 924 1964 quae
955 1905 1076 1949 ducit
1097 1906 1152 1950 ad
1173 1907 1322 1951 vitam.
1353 1911 1446 1953 «Et

61 1998 81 2020 »
115 1977 339 2022 declinasti
360 1976 530 2021 semitas
544 1985 710 2020 nostras
730 1974 786 2019 de
806 1976 875 2020 via
897 1978 999 2020 tua?
1018 1995 1038 2018 »
1065 1977 1178 2031 Quid
1199 1988 1262 2023 est
1286 1999 1294 2024 z
1326 1999 1345 2021 «
1361 1983 1443 2024 De·

59 2065 83 2090 »
115 2038 284 2092 clinasti
303 2045 476 2091 semitas
497 2055 664 2095 nostras
695 2046 751 2089 de
778 2045 845 2090 via
866 2055 940 2090 tua
954 2048 972 2090 ἱ)
987 2066 1005 2088 »
1033 2050 1259 2108 Tanquam
1281 2049 1445 2095 diceret

55 2117 179 2163 nobis
206 2136 215 2162 ι
239 2120 292 2161 In
312 2115 595 2163 tribulatione
622 2115 750 2174 positi
767 2115 881 2169 estis,
905 2115 1043 2160 multa
1064 2118 1278 2176 patimini,
1304 2120 1442 2164 multa

55 2204 155 2249 quae
173 2187 380 2232 amabatis
401 2186 447 2230 in
464 2186 548 2230 hoc
569 2184 746 2240 saecu10‚
762 2185 958 2231 amisistis
981 2206 989 2230 :
1007 2187 1083 2231 sed
1100 2203 1189 2232 non
1203 2204 1279 2233 vos
1301 2189 1442 2235 dimisi

55 2260 100 2304 in
119 2259 205 2314 via,
230 2271 364 2318 quam
385 2266 613 2316 angustam
629 2271 704 2301 vos
717 2255 869 2301 doceo.
885 2260 1011 2301 Latas
1029 2258 1200 2302 semitas
1217 2260 1442 2319 quaereba—

54 2330 136 2375 tis:
154 2328 262 2390 quid
276 2328 400 2373 vobis
413 2327 510 2372 dico
523 2329 542 2370 ⁴?
555 2330 659 2372 Haec
672 2327 760 2370 itur
781 2326 837 2370 ad
853 2327 982 2371 vitam
1003 2321 1306 2385 sempiternam
1328 2350 1336 2375 :
1353 2346 1440 2390 qua

53 2400 194 2446 vultis.
208 2396 446 2453 ambulare,
463 2398 517 2442 ad
530 2406 713 2441 mor-tem
728 2397 918 2456 pergitis.
935 2400 1075 2450 Quam
1094 2397 1179 2442 lata
1191 2408 1242 2442 et·
1255 2400 1435 2459 spatiosa

54 2472 124 2517 via
144 2479 209 2515 est
229 2485 328 2531 quae
349 2468 471 2514 ducit
499 2468 554 2513 ad
574 2468 821 2522 interitum,
847 2476 891 2511 et
912 2467 1037 2512 multi
1065 2478 1167 2513 sunt
1184 2464 1438 2530 qui-ambu-

103 2563 112 2581 ¹
133 2558 223 2590 Joan.
244 2566 310 2598 xw,
328 2563 382 2588 21.
400 2572 441 2578 —
467 2561 481 2578 ¹
499 2554 580 2587 Psal.
602 2564 690 2594 xun,
713 2553 765 2594 18,
789 2564 840 2594 19·

1160 2609 1223 2647 18.
