1841 3223
379 209 466 249 330
806 219 838 246 s.
875 218 1108 248 Auens-nm
1141 222 1322 249 Emscom

380 305 401 330 »
437 302 544 342 nus,
565 296 609 330 et
646 285 842 346 implevit
869 286 1114 332 universam
1139 297 1294 333 terram
1313 289 1344 331 ¹.
1376 307 1393 329 »
1419 288 1562 340 Quare
1579 286 1623 330 in
1642 287 1767 331 illum

379 356 627 411 offenditis,
653 365 697 400 et
710 372 799 401 non
820 357 863 401 in
886 356 1011 401 illum
1035 357 1291 403 ascenditis?
1314 358 1418 411 Quis
1436 367 1523 402 tam
1548 372 1688 402 caecus
1705 366 1768 402 est

376 437 427 472 ut
448 425 645 472 offendat
658 426 703 470 in
726 430 945 472 montem?
962 429 1093 482 Quasi
1115 427 1214 473 ideo
1228 429 1283 473 ad
1305 438 1347 473 te
1367 428 1535 472 venerit
1548 437 1597 472 ut
1608 428 1768 473 habeas

375 499 420 543 in
443 513 576 559 quem
597 497 817 554 offendas,
843 507 887 543 et
908 514 997 545 non
1013 499 1174 544 habeas
1192 501 1236 543 in
1253 515 1385 560 quem
1413 498 1633 543 ascendas.
1654 518 1671 540 «
1687 501 1769 543 Ve-

376 587 397 611 υ
433 568 523 613 nite
545 569 831 614 ascendamus
856 569 911 614 ad
933 579 1127 614 montem
1151 570 1323 614 Domini
1338 573 1370 613 ².
1402 590 1419 612 »
1448 573 1578 614 lsa'ias
1595 570 1679 614 hoc
1700 570 1768 614 di-

371 640 431 684 cit
455 659 465 685 1
497 640 692 685 «Venite
724 639 1021 685 ascendamus.
1052 659 1072 682 »
1107 639 1224 693 Quid
1261 649 1324 684 est
1348 659 1357 685 :
1387 659 1408 682 «
1432 640 1588 684 Venite
1615 656 1767 685 ascen-

376 730 394 753 »
430 711 614 756 damus?
637 711 821 767 Venite,
849 730 869 753 »
896 720 960 755 est
985 710 1148 755 credite
1171 732 1182 769 3
1210 730 1230 754 «
1255 710 1538 756 ascendamus
1554 746 1565 767 ‚
1595 732 1612 753 »
1634 712 1768 772 profi-

370 781 549 826 ciamus.
573 782 648 827 Isti
670 791 816 826 autem
839 797 919 826 nec
935 780 1083 826 venire
1100 781 1281 838 volunt,
1304 797 1384 827 nec
1407 780 1660 838 ascendere,
1685 798 1767 828 nec

370 852 568 909 credere,
599 868 679 898 nec
701 854 926 912 proficere.
958 856 1139 898 Latrant
1165 862 1317 899 contra
1348 862 1559 898 montem.
1592 856 1690 899 Jam
1721 855 1767 899 in

370 923 496 968 illum
518 923 645 969 toties
657 922 927 969 offendendo
938 925 1130 985 quassati
1147 934 1266 980 sunt,
1282 934 1326 969 et
1347 923 1506 970 nolunt
1517 924 1763 981 ascendere,

368 1009 538 1054 semper
555 994 762 1054 eligentes
783 994 1024 1040 offendere.
1044 996 1246 1040 Dicamus
1263 995 1371 1041 illis:
1392 1014 1411 1038 «
1431 995 1587 1039 Venite
1605 1030 1616 1051 ‚
1641 1004 1685 1040 et
1705 996 1767 1040 vi-

374 1086 391 1108 »
427 1066 529 1110 dete
541 1081 673 1126 opera
687 1066 880 1122 Domini,
898 1082 1000 1126 quae
1009 1067 1153 1127 posuit
1165 1066 1360 1127 prodigia
1372 1082 1502 1126 super
1516 1067 1716 1111 terram³.
1739 1085 1760 1108 »

368 1135 574 1197 Prodigia
606 1136 831 1193 dicuntur,
862 1137 984 1198 quod
1016 1137 1182 1199 aliquid
1204 1137 1491 1198 portendant,
1529 1136 1650 1196 signa
1689 1135 1763 1182 illa

367 1208 678 1254 miraculorum
696 1244 706 1265 ,
742 1208 973 1270 quaefacta
995 1218 1122 1265 sunt,
1147 1208 1325 1270 quando
1344 1207 1536 1253 mundus
1559 1207 1760 1253 credidit.

368 1282 424 1324 Et
445 1280 554 1340 quid
579 1280 684 1325 inde
708 1279 874 1325 factum
895 1290 960 1326 est
977 1317 987 1336 ‚
1013 1290 1056 1325 et
1082 1280 1190 1342 quid
1210 1280 1556 1342 portendebant?

426 1353 555 1397 X111.
596 1369 613 1392 «
640 1350 856 1396 Auferens
887 1351 1002 1396 bella
1030 1367 1169 1412 usque
1201 1350 1256 1396 ad
1286 1352 1394 1395 fines
1419 1360 1546 1395 terrae
1560 1351 1592 1394 4.
1620 1367 1640 1392 »
1669 1352 1763 1396 Hoc

367 1421 568 1466 nondum
593 1421 793 1467 videmus
825 1437 915 1467 esse
950 1421 1219 1482 completum
1255 1442 1264 1467 ε
1299 1431 1403 1466 sunt
1436 1421 1580 1466 adhuc
1622 1419 1761 1474 bella,

365 1500 470 1536 sunt
496 1492 612 1537 inter
642 1502 791 1552 gentes
811 1508 891 1553 pro
913 1508 1047 1553 regno
1069 1514 1080 1550 3
1104 1493 1218 1537 inter
1239 1501 1398 1547 sectas,
1425 1492 1537 1536 inter
1558 1491 1734 1536 Judaeos
1748 1527 1760 1548 ‚

365 1578 557 1623 paganos
575 1599 586 1619 ‚
613 1564 903 1620 Christianos,
927 1565 1154 1610 haereticos
1175 1573 1278 1608 sunt
1313 1563 1427 1608 bella
1442 1598 1453 1619 ,
1485 1563 1763 1608 crebrescunt

365 1632 503 1688 bella,
540 1633 632 1679 aliis
664 1649 745 1694 pro
775 1634 978 1689 veritate,
1019 1634 1112 1679 aliis
1143 1650 1224 1696 pro
1259 1633 1444 1679 falsitate
1475 1634 1759 1679 certantibus.

365 1703 573 1750 Nondum
601 1720 705 1765 ergo
726 1704 995 1764 completum
1019 1714 1083 1749 est
1104 1725 1112 1750 :
1138 1724 1158 1747 ε(
1178 1704 1391 1750 Auferens
1413 1703 1528 1749 bella
1550 1720 1689 1765 usque
1707 1703 1762 1749 ad

365 1776 473 1819 fines
496 1784 623 1820 terrae
646 1794 655 1821 :
680 1794 700 1817 »
724 1774 800 1821 sed
817 1774 998 1820 fortasse
1020 1775 1327 1835 complebitur.
1344 1779 1414 1820 An
1429 1784 1472 1819 et
1489 1773 1621 1820 modo
1637 1791 1760 1820 com-

363 1845 533 1907 pletum
546 1855 610 1890 est
629 1848 648 1891 P
672 1849 722 1891 In
736 1845 999 1907 quibusdam
1015 1845 1282 1906 completum
1302 1855 1365 1890 est
1393 1866 1401 1891 ι
1426 1847 1472 1890 in
1486 1846 1760 1891 triticocom-

364 1916 532 1976 pletum
555 1926 641 1973 est,
660 1917 706 1962 in
727 1917 898 1962 zizaniis
920 1916 1120 1962 nondum
1142 1917 1411 1978 completum
1440 1926 1518 1962 est.
1546 1917 1664 1972 Quid
1697 1927 1761 1963 est

363 1987 448 2032 hoc
466 2003 570 2047 ergo
593 2007 602 2034 ε
626 2007 648 2030 ε(
673 1987 889 2033 Auferens
911 1987 1026 2033 bella
1043 2004 1183 2049 usque
1209 1989 1264 2033 ad
1288 1989 1394 2033 fines
1416 1991 1575 2033 terrae?
1596 2008 1615 2030 »
1641 1988 1759 2035 Bella

365 2057 493 2114 dicit,
518 2059 681 2119 quibus
700 2058 892 2103 bellatur
926 2058 1131 2104 adversus
1155 2063 1310 2106 Deum.
1347 2060 1453 2114 Quis
1481 2060 1596 2104 enim
1624 2059 1760 2106 bellat

365 2129 571 2175 adversus
593 2132 765 2175 Deum?
791 2130 1009 2191 Impietas.
1038 2134 1095 2175 Et
1111 2131 1219 2192 quid
1241 2141 1382 2192 potest
1402 2130 1545 2177 facere
1562 2135 1652 2177 Deo
1673 2132 1758 2175 im-

363 2202 517 2262 pietas.
535 2201 669 2248 Nihil.
684 2202 803 2256 Quid
815 2200 918 2246 facit
928 2202 1061 2247 fictile
1077 2218 1151 2247 vas
1165 2202 1317 2248 elisum
1337 2202 1392 2248 ad
1408 2213 1591 2264 petram,
1607 2219 1758 2264 quam-

363 2273 426 2318 vis
447 2274 727 2319 vehementer
744 2272 963 2318 elidatur?
989 2276 1127 2318 Tanto
1160 2275 1322 2334 majore
1356 2274 1472 2319 malo
1499 2290 1577 2318 suo
1606 2274 1753 2330 venit,

364 2355 532 2405 quanto
567 2347 729 2406 majore
763 2346 931 2406 impetu
958 2345 1141 2390 venerit.
1169 2347 1272 2390 Haec
1294 2345 1409 2390 bella
1426 2360 1582 2404 magna
1599 2355 1723 2390 erant
1741 2380 1753 2400 ,

364 2415 516 2461 crebra
540 2426 679 2462 erant.
706 2419 869 2463 Contra
892 2419 1030 2461 Deum
1065 2415 1262 2476 impietas
1285 2415 1547 2472 dimicabat,
1579 2425 1622 2461 et
1655 2431 1756 2461 vasa

362 2487 512 2534 fictilia
542 2489 914 2534 conterebantur:
939 2486 1244 2548 praesumendo
1277 2486 1333 2531 de
1371 2502 1416 2532 se
1448 2487 1667 2543 homines,
1699 2486 1754 2531 de

413 2580 420 2596 ¹
443 2576 521 2607 Dan.
539 2585 574 2617 n,
598 2574 651 2608 35.
672 2591 713 2598 —
731 2581 744 2598 ⁸
763 2575 836 2608 lsai.
854 2585 892 2616 u,
913 2573 943 2606 3.
961 2590 1003 2597 -
1023 2571 1037 2597 3
1059 2572 1138 2606 Psal.
1159 2583 1232 2615 nv,
1253 2585 1286 2615 9.
1307 2590 1348 2596 --
1367 2571 1478 2606 41bid.
1507 2583 1558 2605 ιο.
