1841 3223
371 212 424 249 56
817 223 848 247 s.
888 219 1116 245 Avensa-rm
1148 218 1329 244 Emscom

370 287 434 331 bis
458 287 594 346 gravis
607 301 696 330 esso
711 321 721 339 ,
747 299 877 344 quam
898 299 942 327 re
959 282 1211 343 imperfecta
1239 280 1440 342 reliquias
1461 296 1643 325 servare.
1666 283 1752 325 De-

368 356 498 400 betur
522 357 636 399 enim
658 354 779 398 vobis
797 354 924 397 etiam
948 354 1161 397 crastinus
1178 368 1319 397 sermo
1346 371 1354 396 :
1383 360 1501 396 orate
1529 366 1609 410 pro
1630 350 1753 395 nobis

368 436 417 471 ut
437 426 656 470 valeamus
679 424 896 478 exhibere,
914 433 956 469 et
974 424 1125 469 afferte
1147 422 1293 468 fauces
1310 422 1547 467 esurientes
1564 430 1607 466 et
1623 420 1773 466 corda·
1828 479 1829 491 ἵ

369 496 524 541 devota
533 531 542 540 .

370 640 486 656 2¹85ssssss
491 640 628 657 sunm&
634 640 699 656 ἏΜ
704 639 771 656 m
776 638 842 655 ννὶἱ
847 638 1050 655 §MKWWSNM
1054 637 1122 653 ΊΛἜῚ
1127 636 1264 653 ἱἏὶΛἋὶ
1270 638 1285 653 8
1289 638 1301 654 ἱ
1305 637 1336 653 ἱὶ
1341 636 1406 654 §vu
1411 635 1615 654 umuxxvtvn
1621 635 1756 653 ῑὼἋΜΜ

832 741 1227 792 ENARRATIO
1265 742 1285 787 I

668 885 726 922 IN
775 883 1084 923 PSALMUM
1127 881 1332 921 XXXVI
1352 878 1430 934 (2)

940 1012 1117 1051 SERMO
1145 1012 1161 1049 I
1176 1022 1203 1049 Ι.

783 1139 845 1181 De
866 1136 1003 1196 prima
1024 1144 1146 1195 parte
1169 1133 1343 1178 Psalmi.

434 1275 467 1315 l.
504 1273 764 1316 Novrssnws
796 1269 886 1314 dies
920 1269 1171 1314 terribiliter
1193 1276 1403 1313 venturus
1436 1266 1610 1312 auditus
1644 1268 1756 1321 eis2‚

373 1342 449 1402 qui
472 1342 610 1385 securi
630 1357 718 1385 esse
750 1341 862 1384 bene
883 1340 1072 1385 vivendo
1104 1338 1282 1395 nolunt,
1307 1348 1351 1384 et
1372 1338 1484 1384 male
1511 1339 1656 1384 vivere
1683 1338 1761 1383 diu

371 1411 542 1456 volunt.
579 1411 751 1456 Utiliter
786 1421 931 1455 autem
966 1415 1081 1455 Deus
1108 1410 1242 1454 latere
1269 1409 1409 1455 voluit
1449 1409 1573 1454 illum
1613 1409 1729 1454 diem
1745 1445 1757 1465 ‚

371 1492 421 1526 ut
450 1498 619 1542 semper
652 1484 703 1527 sit
740 1492 938 1542 paratum
972 1498 1046 1526 cor
1080 1481 1135 1526 ad
1167 1481 1486 1541 expectandum
1518 1481 1637 1542 quod
1671 1497 1761 1526 esse

372 1563 607 1596 venturum
629 1553 732 1606 scit,
759 1562 802 1596 et
819 1552 997 1612 quando
1014 1561 1249 1596 venturum
1271 1553 1323 1595 sit
1343 1553 1504 1597 nescit:
1526 1553 1637 1606 Quia
1658 1568 1760 1597 vero

371 1623 581 1667 Dominus
604 1632 749 1667 noster
771 1626 893 1666 Jesus
915 1623 1126 1676 Christus,
1148 1623 1350 1681 magister
1362 1623 1489 1667 nobis
1508 1624 1662 1668 missus
1680 1633 1757 1679 est,

371 1694 498 1737 etiam
525 1692 685 1736 Filium
718 1692 903 1736 hominis
924 1693 1031 1736 dixit
1053 1693 1217 1736 nescire
1237 1691 1362 1736 illum
1394 1692 1508 1736 diem
1523 1695 1555 1748 3,
1580 1694 1681 1754 quia
1715 1693 1761 1737 in

369 1763 614 1820 magisterio
633 1763 722 1822 ejus
748 1778 838 1806 non
860 1771 952 1806 erat
974 1771 1024 1805 ut
1045 1778 1122 1821 per
1144 1778 1244 1806 eum
1266 1763 1447 1807 sciretur
1464 1779 1487 1807 a
1505 1763 1646 1808 nobis.
1672 1766 1760 1808 Ne-

370 1848 456 1893 que
479 1833 594 1875 enim
617 1831 779 1891 aliquid
804 1832 883 1876 scit
904 1835 1032 1876 Pater
1049 1831 1169 1892 quod
1191 1831 1327 1876 Filius
1349 1833 1484 1877 nescit
1508 1853 1517 1878 ε
1541 1849 1641 1878 cum
1670 1834 1760 1894 ipsa

371 1903 546 1945 scientia
567 1901 703 1945 Patris
726 1900 798 1945 illa
821 1901 875 1944 sit
890 1936 901 1955 ,
930 1917 1030 1961 quae
1055 1901 1262 1960 Sapientia
1287 1902 1379 1961 ejus
1401 1911 1464 1946 est
1485 1921 1494 1947 ;
1527 1915 1591 1947 est
1613 1913 1760 1948 autem

371 1973 577 2031 sapientia
592 1973 681 2031 ejus
697 1971 832 2015 Filius
851 1972 958 2031 ejus,
970 1972 1165 2015 Verbum
1181 1973 1286 2031 ejus.
1302 1970 1383 2016 Sed
1399 1973 1500 2032 quia
1513 1974 1638 2018 nobis
1653 1975 1760 2019 scire

371 2058 459 2086 non
481 2041 706 2101 proderat,
736 2041 858 2102 quod
880 2041 1059 2101 quidem
1084 2040 1158 2085 ille
1180 2050 1384 2096 noverat,
1407 2043 1483 2101 qui
1505 2059 1583 2087 nos
1603 2043 1760 2089 docere

371 2121 570 2166 venerat,
603 2127 691 2155 non
709 2120 855 2155 tamen
878 2111 960 2156 hoc
982 2110 1103 2171 quod
1125 2111 1251 2155 nobis
1271 2128 1395 2156 nosse
1412 2128 1500 2156 non
1522 2113 1727 2172 proderat
1746 2133 1755 2158 :

371 2198 461 2227 non
479 2180 619 2226 solum
641 2182 753 2225 sicut
779 2182 980 2240 magister
1002 2180 1167 2241 aliquid
1189 2182 1339 2227 docuit
1354 2217 1365 2237 ‚
1381 2181 1457 2226 sed
1473 2183 1585 2227 sicut
1603 2184 1761 2241 magis-

371 2262 435 2297 ter
456 2252 619 2314 aliquid
639 2268 727 2296 non
749 2252 914 2296 docuit.
935 2255 1160 2312 Tanquam
1182 2253 1297 2296 enim
1319 2253 1519 2310 magister
1541 2253 1703 2298 sciebat
1717 2263 1760 2298 et

372 2323 527 2367 docere
537 2323 658 2383 quod
670 2323 889 2382 proderat,
903 2331 945 2366 et
956 2337 1044 2366 non
1053 2321 1208 2366 docere
1221 2321 1342 2382 quod
1354 2322 1520 2367 oberat.
1535 2323 1602 2368 Sic
1610 2333 1758 2368 autem

369 2392 561 2452 quodam
582 2407 737 2449 genere
754 2391 985 2437 locutionis
1003 2392 1166 2436 nescire
1186 2392 1320 2436 Filius
1342 2392 1502 2437 dicitur
1523 2392 1645 2452 quod
1666 2409 1756 2438 non

420 2495 427 2510 ¹
456 2488 590 2520 Habitus
616 2489 806 2531 Carthagine
823 2500 896 2521 cum
920 2488 1043 2521 duobus
1065 2488 1344 2531 subsequentibus.
1365 2505 1406 2513 —·
1427 2496 1439 2513 ²
1457 2489 1536 2522 Vide
1554 2493 1590 2523 D.
1611 2490 1753 2532 Guillon,

373 2542 693 2585 pag..‘249.—‘1(3f'›.—-
716 2542 727 2565 3
755 2547 851 2575 Marc.
870 2554 936 2584 xm,
958 2543 1009 2575 32.
