1841 3223
362 191 446 229 282
790 204 823 229 s.
859 201 1090 230 AUGUSTINI
1123 203 1302 229 EPlsCOPI

360 266 529 326 sponsi,
563 281 650 310 nou
684 281 786 321 sua,
816 282 907 311 non
932 266 1072 311 solum
1102 265 1288 311 libenter
1310 266 1460 322 audit,
1495 268 1618 329 quod
1639 268 1749 314 solet

361 353 450 381 esse
477 338 606 380 etiam
637 337 863 381 hominum
895 336 1140 396 spectacula
1169 338 1484 397 qumrentium,
1516 354 1606 383 non
1637 338 1749 384 facta

361 407 658 451 exhibentium
682 426 691 452 ;
716 406 792 451 sed
810 407 939 451 etiam
966 408 1146 452 mandat
1169 407 1289 452 cordi
1307 442 1317 462 ,
1338 409 1460 468 quod
1482 424 1572 452 non
1594 408 1655 453 ibi
1671 425 1749 454 va—

361 486 428 521 cet
445 512 455 531 ,
475 476 549 520 sed
573 477 801 535 germinet,
826 487 1044 538 erumpat,
1067 487 1245 533 crescat,
1271 479 1535 537 perficiatur,
1555 494 1749 524 assuma-

360 556 446 591 tur.
483 549 666 607 Oportet
691 549 807 592 enim
831 564 908 593 nos
944 564 1033 592 esse
1052 583 1063 602 ,
1098 548 1259 607 quibus
1282 549 1364 593 hoc
1388 558 1613 605 cantetur,
1639 547 1751 594 filios

360 621 493 674 Core,
518 619 640 680 quod
662 619 796 664 habet
818 620 969 664 titulus
992 619 1163 664 Psalmi.
1186 622 1322 664 Erant
1343 620 1459 664 enim
1479 620 1547 664 isti
1570 620 1751 681 quidam

360 690 558 735 homines
585 710 593 735 :
617 700 919 735 verumtamen
943 691 1082 735 omnis
1105 690 1329 750 inscriptio
1352 690 1615 736 Litterarum
1635 691 1751 736 divi-

360 776 515 805 narum
538 760 703 821 aliquid
724 761 869 805 innuit
891 760 1235 820 intelligentibus
1255 796 1266 816 ,
1297 770 1340 806 et
1362 777 1452 807 non
1474 771 1647 806 tanturn
1668 778 1749 806 au-

360 831 563 886 ditorem,
578 832 861 875 verumetiam
886 832 1155 890 cognitorem
1172 830 1401 876 desiderat.
1427 834 1751 890 Interrogamus

360 903 475 946 enim
497 902 585 945 vim
609 902 803 945 hebraici
825 901 966 957 verbi,
991 901 1099 962 quid
1121 902 1177 946 sit
1192 904 1304 947 Core
1324 921 1332 947 :
1359 911 1402 946 et
1423 902 1536 947 sicut
1557 918 1600 946 se
1617 903 1753 947 inter-

359 973 624 1033 pretationes
649 972 816 1017 habent
836 972 1035 1017 omnium
1063 973 1299 1017 verborum
1320 973 1367 1017 in
1390 973 1613 1034 Scriptura
1634 973 1752 1033 posi-

361 1053 529 1098 torum,
570 1043 849 1088 renuntiatur
878 1043 1028 1099 nobis,
1052 1043 1163 1088 filios
1183 1046 1296 1089 Core
1329 1044 1612 1104 interpretari
1641 1043 1752 1089 filios

360 1115 486 1160 calvi.
508 1114 640 1169 Quod
662 1131 823 1160 nomen
845 1131 936 1160 non
954 1115 1010 1159 ad
1030 1115 1273 1160 irrisionem
1295 1115 1513 1175 accipiatis
1528 1150 1539 1170 ‚
1560 1131 1615 1159 ne
1636 1116 1753 1161 inve-

360 1187 533 1231 niamur
555 1187 599 1230 in
621 1200 748 1231 sensu
781 1185 962 1246 puerili,
992 1185 1144 1247 quales
1173 1201 1330 1246 pueros
1365 1184 1549 1245 legimus
1572 1185 1618 1229 in
1637 1184 1752 1230 libro

361 1260 615 1316 Regnorum
631 1292 642 1312 ,
679 1256 935 1301 insultantes
959 1255 1115 1301 Elisaeo
1137 1266 1287 1301 sancto
1318 1256 1568 1315 prophetae,
1597 1264 1640 1300 et
1661 1254 1753 1300 cla-

361 1337 528 1372 mantes
537 1337 635 1388 post
645 1328 808 1388 ipsum:
826 1327 1063 1383 «Ascende,
1078 1327 1215 1382 calve,
1227 1326 1427 1382 ascende,
1440 1325 1576 1371 calve¹
1586 1361 1595 1370 .
1609 1346 1625 1368 »
1635 1325 1758 1370 Tales

361 1400 476 1443 enim
499 1414 657 1458 pueros
680 1398 810 1443 stulte
833 1398 1027 1457 garrulos
1044 1434 1054 1453 ,
1085 1407 1128 1442 et
1155 1399 1201 1441 in
1223 1414 1345 1442 suam
1365 1398 1600 1457 perniciem
1617 1396 1753 1441 male-

360 1468 576 1528 dicentes,
592 1479 795 1514 exeuntes
810 1469 863 1513 de
881 1470 1001 1527 sylva
1020 1469 1168 1514 bestiae
1190 1468 1491 1514 comederunt.
1509 1471 1602 1513 Hoc
1625 1469 1756 1528 scrip-

361 1550 457 1585 tum
479 1552 568 1596 est,
594 1551 638 1586 et
660 1541 806 1585 ubisit
822 1542 1032 1600 scriptum
1048 1577 1059 1596 ,
1080 1540 1514 1586 commemoravimus
1533 1559 1542 1585 :
1563 1540 1639 1600 qui
1660 1555 1755 1584 me-

360 1613 585 1657 minerunt
602 1649 612 1667 ,
639 1622 978 1672 recognoscant,
1008 1613 1085 1674 qui
1109 1629 1198 1657 non
1231 1612 1552 1666 meminerunt,
1577 1610 1750 1671 legant,

360 1684 436 1744 qui
460 1699 548 1728 non
574 1682 800 1742 legerunt,
825 1683 1019 1728 credant.
1050 1683 1180 1737 Quod
1194 1698 1295 1741 ergo
1319 1681 1429 1726 illud
1453 1681 1618 1726 factum
1640 1683 1754 1740 figu-

360 1755 472 1798 ravit
492 1754 772 1807 infuturum,
789 1769 878 1797 non
900 1769 977 1796 nos
998 1753 1131 1796 debet
1153 1752 1494 1811 apprehendere.
1516 1752 1753 1809 Significati

361 1834 463 1870 sunt
490 1825 605 1868 enim
631 1824 677 1867 in
703 1823 788 1867 illis
816 1823 958 1882 pueris
986 1822 1107 1867 stulti
1131 1823 1353 1875 homines,
1380 1823 1591 1866 habentes
1627 1823 1754 1882 igno-

362 1895 515 1940 rantiae
537 1909 711 1938 sensum
734 1913 741 1937 :
764 1893 913 1953 quales
936 1909 1013 1937 nos
1039 1909 1128 1938 non
1150 1893 1246 1937 vult
1268 1908 1357 1937 esse
1379 1892 1612 1952 Apostolus
1631 1928 1642 1948 ,
1677 1894 1754 1938 ubi

361 1966 468 2010 dicit
494 1985 502 2010 :
533 1984 553 2006 «
575 1963 718 2010 Nolite
739 1964 863 2023 pueri
884 1979 974 2008 esse
996 1964 1216 2008 mentibus
1230 1967 1261 2007 2'.
1287 1982 1306 2004 »
1332 1966 1390 2008 Et
1410 1963 1512 2023 quia
1544 1963 1754 2009 Dominus

361 2036 620 2080 invitaverat
639 2050 716 2079 nos
741 2033 795 2078 ad
813 2034 1100 2079 imitationem
1118 2049 1371 2094 puerorum,
1391 2032 1569 2094 quando
1588 2043 1687 2078 ante
1709 2050 1754 2079 se

361 2106 595 2168 parvulum
619 2106 789 2166 posuit,
815 2114 858 2149 et
886 2105 975 2149 ait:
1005 2105 1133 2150 «Nisi
1162 2105 1258 2166 quis
1281 2105 1415 2149 fuerit
1435 2115 1486 2149 ut
1518 2122 1627 2165 puer
1654 2107 1749 2161 iste,

365 2197 385 2220 »
421 2194 509 2222 non
531 2176 711 2221 intrabit
731 2177 777 2219 in
799 2191 982 2234 regnum
1001 2175 1215 2220 coelorum
1233 2178 1248 2202 3
1269 2193 1280 2220 .·
1300 2194 1319 2218 »
1338 2176 1398 2220 ibi
1416 2192 1593 2238 quoque
1610 2181 1752 2237 Apos-

361 2248 477 2294 tolus
498 2258 678 2303 cautus,
705 2247 783 2292 ubi
804 2256 978 2291 revocat
1010 2263 1033 2290 a
1063 2256 1209 2291 mente
1238 2246 1421 2307 puerili,
1451 2258 1578 2292 vocat
1605 2263 1752 2292 rursus

362 2319 417 2364 ad
455 2320 743 2364 imitationem
770 2306 980 2378 puerilem
1010 2337 1019 2362 :
1057 2317 1258 2373 «Nolite,
1286 2319 1449 2378 inquit,
1485 2320 1608 2378 pueri
1639 2320 1753 2364 ellici

368 2410 385 2432 »
410 2390 643 2444 mentibus,
660 2388 735 2433 sed
748 2388 913 2432 malitia
926 2387 1093 2448 parvuli
1109 2398 1260 2443 estote,
1278 2398 1327 2432 ut
1339 2389 1559 2433 mentibus
1572 2389 1754 2448 perfecti

369 2481 386 2500 u
404 2461 509 2505 sitis.
528 2483 544 2502 »
561 2463 700 2514 Quem
715 2459 901 2504 delectat
915 2459 1071 2503 imitari
1091 2474 1290 2519 puerum,
1308 2474 1397 2503 non
1412 2458 1597 2504 delectet
1611 2459 1748 2519 impe-

410 2552 418 2567 ¹
442 2545 460 2587 4
482 2549 557 2587 Reg.
575 2558 609 2582 ιι,
630 2545 682 2577 23.
707 2563 746 2567 —
768 2553 780 2567 ²
804 2557 813 2577 ι
838 2547 908 2577 Cor.
933 2556 996 2582 xiv,
1015 2554 1067 2577 20.
1094 2561 1130 2567 -—
1149 2543 1160 2565 3
1186 2545 1404 2584 Matium-111,
1428 2554 1458 2577 2.
