1841 3223
405 218 645 247 mannum
678 220 722 246 nv
755 216 956 246 PsALMUM
989 218 1124 244 van.
1339 202 1423 244 347

40 285 303 345 praelocutus
327 294 390 330 est
410 289 523 329 Deus
544 285 589 327 in
607 283 681 327 illo
711 299 841 343 opere
863 299 940 328 suo
958 318 968 337 ‚
993 282 1112 343 quod
1135 280 1427 341 compleretur

40 358 85 401 in
108 357 233 401 nobis
258 373 269 401 :
302 366 346 400 et
367 356 607 399 secundum
640 356 769 414 hujus
793 365 1000 399 creaturae
1023 352 1320 398 conditionem
1350 368 1426 397 sae-

40 426 138 472 cula
155 435 456 471 cucurrerunt.
482 427 579 470 Non
601 425 717 468 enim
734 424 893 469 frustra
915 425 1124 469 Dominus
1142 424 1201 468 ait
1222 424 1276 467 de
1298 426 1427 481 Moy-

40 512 115 542 se:
146 515 167 539 «
191 499 253 540 De
281 511 351 539 me
375 495 490 539 enim
515 493 587 538 ille
616 494 784 553 scripsit
803 497 832 538 ¹.
858 513 877 535 »
904 495 985 538 nisi
1018 494 1120 554 quia
1152 493 1296 538 omnia
1328 509 1428 553 quae

39 567 197 627 scripta
226 576 350 622 sunt,
376 567 506 610 etiam
529 581 629 610 cum
659 569 772 609 Deus
795 565 1002 610 conderet
1032 573 1272 609 creaturam
1291 598 1301 618 ,
1325 579 1427 622 pos-

40 646 141 682 sunt
162 636 433 696 interpretari
456 635 510 679 ad
532 635 892 694 significationem
920 634 1171 679 futurorum
1190 649 1198 674 :
1224 642 1274 677 ut
1294 633 1426 677 intel-

39 707 146 767 ligas
168 710 307 751 Deum
328 705 477 751 fecisse
498 705 643 750 lucem
660 741 670 761 ,
694 721 794 750 cum
817 703 1014 750 Christus
1036 721 1060 749 a
1086 705 1268 749 mortuis
1289 719 1429 748 resur—

39 778 164 822 rexit.
202 780 324 821 Tunc
358 777 475 821 enim
514 792 660 820 revera
688 776 761 820 illa
787 776 865 820 lux
895 776 1031 821 divisa
1058 785 1122 820 est
1156 790 1178 818 a
1208 774 1396 818 tenebris
1414 808 1425 830 ‚

39 846 217 909 quando
238 847 538 891 immortalitas
560 862 583 890 a
606 846 869 890 mortalitate
891 845 1075 890 discreta
1092 854 1170 890 est.
1192 843 1311 898 Quid
1325 859 1428 903 ergo

39 919 250 979 sequitur,
266 918 347 962 nisi
362 917 555 978 utcapiti
568 918 697 962 etiam
713 933 869 977 corpus
891 918 1028 972 fieret:
1050 916 1171 977 quod
1192 925 1256 960 est
1276 914 1430 960 Eccle-

39 990 124 1034 sia?
147 989 344 1049 Denique
361 997 425 1032 est
446 988 575 1031 etiam
593 987 787 1032 Psalmus
806 987 859 1031 de
885 988 1025 1047 prima
1047 986 1244 1041 sabbati,
1269 986 1315 1030 in
1339 1001 1428 1046 quo

40 1059 303 1119 apertissime
332 1058 588 1102 resurrectio
610 1058 783 1102 Domini
804 1057 1065 1102 declaratur.
1091 1057 1159 1102 Ibi
1181 1057 1297 1100 enim
1319 1055 1428 1101 dici-

39 1139 111 1174 tur
132 1148 141 1174 :
171 1148 192 1172 «
219 1127 374 1173 Tollite
394 1138 540 1188 portas
557 1129 773 1188 principes
801 1129 958 1184 vestri,
980 1138 1024 1173 et
1045 1127 1272 1172 elevamini
1288 1136 1427 1186 portae

41 1218 63 1242 »
96 1199 320 1244 aeternales
335 1234 346 1254 ‚
366 1209 411 1243 et
431 1199 630 1243 introibit
652 1203 743 1243 Rex
773 1199 919 1258 gloriae
934 1202 965 1242 ².
991 1217 1011 1240 »
1044 1198 1161 1252 Quid
1182 1196 1427 1242 evidentius

39 1285 171 1331 quam
193 1270 416 1315 Christum
443 1285 533 1313 esse
562 1273 724 1328 Regem
744 1269 918 1328 gloriae?
941 1273 1002 1314 De
1024 1285 1113 1330 quo
1140 1269 1308 1313 dictum
1330 1277 1393 1312 est
1414 1287 1423 1313 ε

45 1359 65 1383 «
101 1342 144 1386 Si
162 1341 492 1399 cognovissent,
517 1355 744 1400 nunquam
767 1341 1004 1384 Dominum
1028 1339 1175 1399 gloriae
1197 1338 1430 1383 crucifixis—⁷

42 1429 63 1453 »
98 1412 234 1455 sentss.
251 1429 271 1452 »
296 1409 545 1455 Secundum
563 1426 665 1469 ergo
683 1410 849 1454 sabbati
861 1426 950 1454 non
964 1410 1172 1454 debemus
1187 1407 1429 1468 intelligere

39 1481 120 1525 nisi
141 1479 378 1525 Ecclesiam
399 1480 560 1525 Christi
580 1499 589 1524 ε
624 1480 701 1524 sed
729 1480 967 1525 Ecclesiam
989 1480 1150 1525 Christi
1170 1480 1216 1523 in
1243 1479 1427 1534 sanctis,

39 1549 278 1596 Ecclesiam
304 1550 466 1596 Christi
487 1551 533 1595 in
553 1551 619 1594 his
652 1551 728 1611 qui
749 1551 897 1610 scripti
921 1560 1023 1595 sunt
1043 1550 1090 1594 in
1112 1549 1250 1605 coelo,
1276 1548 1430 1594 Eccle-

39 1621 147 1665 siam
179 1620 338 1666 Christi
370 1621 418 1664 in
445 1621 511 1665 his
545 1621 620 1681 qui
648 1620 802 1665 mundi
832 1622 962 1680 hujus
988 1620 1306 1664 tentationibus
1340 1635 1431 1664 non

39 1691 218 1736 cedunt.
252 1691 339 1750 Ipsi
369 1690 484 1735 enim
518 1690 640 1749 digni
673 1699 775 1735 sunt
802 1690 980 1734 nominc
1011 1690 1288 1734 firmamenti.
1314 1693 1430 1748 Ergo

39 1761 231 1807 Ecclesia
259 1761 420 1806 Christi
452 1761 499 1804 in
530 1761 595 1805 his
623 1762 700 1821 qui
733 1762 847 1805 firmi
884 1770 1012 1816 sunt,
1045 1761 1100 1804 de
1131 1761 1290 1820 quibus
1325 1760 1432 1805 dicit

40 1833 302 1894 Apostolus:
331 1852 351 1876 «
376 1833 593 1878 Debemus
611 1843 756 1878 autem
777 1850 856 1878 nos
879 1834 992 1878 firmi
1013 1834 1284 1878 infirmitates
1308 1833 1431 1878 infir-

44 1923 64 1947 »
99 1920 272 1950 morum
303 1905 514 1949 sustinere
529 1906 561 1960 4,
596 1923 615 1946 »
648 1905 864 1965 appellata
896 1915 959 1949 est
993 1906 1331 1949 firmamentum.
1369 1907 1432 1949 De

41 1976 124 2020 hoc
146 1984 346 2020 cantatur
367 1975 413 2019 in
436 1974 607 2020 Psalmo
630 1991 638 2016 z
664 1975 905 2020 Audiamus
926 2011 936 2031 ,
962 1990 1246 2035 agnoscamus
1261 2011 1271 2030 ,
1295 1975 1432 2020 socie-

41 2060 155 2101 mur,
177 2044 426 2104 gloriemur,
447 2060 691 2103 regnemus.
707 2049 906 2106 Namque
928 2062 1022 2090 eam
1041 2047 1170 2090 etiam
1188 2046 1432 2089 firmamen-

42 2126 137 2161 tum
177 2115 420 2175 apostolicis
451 2116 622 2159 Litteris
656 2116 917 2175 appellatam
950 2116 1078 2170 audi,
1114 2125 1157 2159 et
1182 2130 1429 2173 cognosce:

46 2205 68 2228 «
101 2188 210 2239 Quae
232 2195 316 2241 est,
341 2186 506 2245 inquit,
530 2185 721 2230 Ecclesia
744 2187 821 2230 Dei
842 2187 952 2241 vivi,
987 2185 1191 2229 columna
1215 2194 1257 2229 et
1286 2185 1433 2229 firma-

46 2273 67 2297 »
102 2264 299 2299 mentum
322 2255 554 2299 veritatis⁵.
584 2273 604 2296 ν
631 2259 692 2299 De
710 2257 792 2300 hoc
814 2257 1088 2299 firmamento
1111 2264 1313 2299 cantatur
1335 2253 1432 2298 filiis

42 2326 181 2381 Core,
206 2340 316 2385 quos
345 2325 478 2370 nostis
506 2340 595 2370 esse
624 2325 734 2370 filios
762 2326 906 2385 sponsi
929 2325 1121 2370 crucifixi
1149 2325 1195 2369 in
1221 2324 1430 2371 Calvariae

91 2439 100 2454 ¹
120 2435 212 2465 Joan.
239 2445 273 2475 v,
293 2432 347 2475 46.
362 2451 404 2456 —
424 2441 437 2456 ²
456 2432 534 2466 Psal.
556 2445 645 2475 xxm,
665 2445 680 2476 7
702 2439 735 2467 et
747 2445 780 2476 9.
804 2452 846 2457 —
866 2432 878 2457 3
903 2446 913 2466 1
932 2437 1004 2468 Cor.
1022 2446 1043 2476 1,
1058 2435 1089 2467 8.
1114 2451 1155 2457 -—
1174 2433 1190 2464 4
1209 2436 1300 2467 Rom.
1321 2444 1375 2475 xv,
1399 2443 1428 2466 1.

48 2504 87 2510 -—
105 2485 120 2511 ⁵
142 2499 154 2520 1
173 2489 252 2521 Tim.
272 2499 320 2530 ιιι,
342 2489 393 2521 15.
