1841 3223
384 290 625 321 ENARRATIO
656 294 701 320 IN
733 291 935 323 PSALMUM
970 295 1092 322 xmu.
1350 283 1435 324 277

52 355 171 401 facit.
195 357 263 401 Sic
279 365 322 401 et
339 360 451 401 Deus
464 372 724 416 cognoscere
743 359 916 415 dicitur,
935 360 1113 419 quando
1128 370 1436 419 cognoscentes

53 426 169 472 facit.
192 432 304 472 Deus
320 427 425 472 dicit
436 427 489 472 ad
507 428 725 472 Abraham
743 449 751 473 :
769 448 789 471 «
800 433 926 475 Nunc
944 432 1127 489 cognovi
1137 432 1237 491 quia
1250 441 1298 476 tu
1310 432 1436 476 times

57 517 75 540 »
89 502 228 543 Deum
240 501 271 542 ¹.
288 519 306 540 »
318 502 432 543 Ante
443 515 533 543 non
545 502 836 558 cognoverat?
855 501 940 545 Sed
953 502 1043 561 ipse
1057 502 1275 546 Abraham
1289 518 1332 547 se
1344 517 1437 547 non

52 570 254 628 cognovit
266 589 276 614 :
288 569 389 630 quia
402 569 445 613 in
456 569 546 629 ipsa
562 570 801 615 tentatione
819 571 908 630 ipse
926 571 1008 615 sibi
1019 572 1226 616 innotuit.
1242 573 1438 617 Plerum-

51 655 138 701 que
153 640 269 684 enim
285 641 417 684 homo
437 649 564 699 putat
579 656 624 684 se
641 656 766 700 posse
787 640 907 701 quod
923 657 1012 685 non
1032 651 1190 701 potest,
1211 652 1287 686 aut
1308 652 1436 702 putat

50 726 94 754 se
115 726 203 755 non
215 726 338 770 posse
355 710 475 770 quod
492 719 656 770 potest:
678 711 842 755 accedit
866 710 920 755 ad
938 711 1062 755 illum
1082 711 1364 770 interrogatio
1382 728 1435 757 ex

50 779 194 824 divina
211 779 547 840 dispensatione,
567 790 610 824 et
622 796 700 840 per
712 781 1095 839 interrogationem
1111 790 1241 826 notus
1255 782 1306 825 fit
1325 781 1431 826 sibi:

49 861 93 896 et
109 851 267 896 dicitur
283 855 396 896 Deus
418 854 667 910 cognovisse
683 887 694 908 ,
715 852 835 913 quod
864 852 988 896 illum
1011 851 1113 896 fecit
1132 867 1270 897 nosse.
1295 855 1436 898 Num-

47 922 155 982 quid
179 926 331 967 Petrus
366 932 547 967 noverat
566 938 610 966 se
627 958 638 977 ,
669 922 847 983 quando
865 922 972 966 dixit
988 921 1160 967 medico
1182 942 1192 968 ε
1222 941 1243 965 «
1269 926 1434 969 Tecum

51 1012 72 1036 »
106 1009 202 1038 sum
231 1009 368 1054 usque
402 993 458 1037 ad
487 996 715 1038 mortem2.
741 1011 762 1034 »
799 994 993 1038 Medicus
1013 1003 1193 1038 noverat
1212 1010 1324 1039 vena
1343 994 1435 1039 ins-

47 1073 171 1124 pecta
189 1063 296 1124 quid
312 1064 429 1108 intus
447 1073 647 1122 ageretur
663 1064 709 1107 in
726 1072 906 1122 aegroto,
923 1073 1111 1122 aegrotus
1129 1080 1218 1109 non
1235 1073 1429 1110 noverat.

47 1133 178 1179 Venit
207 1133 393 1178 accessio
426 1134 705 1191 tentationis,
743 1142 787 1177 et
818 1134 1020 1192 probavit
1041 1133 1235 1179 medicus
1256 1143 1434 1179 senten-

46 1204 150 1248 tiam
167 1219 287 1248 suam
306 1239 316 1259 ‚
341 1202 531 1263 perdidit
547 1219 661 1262 aeger
683 1205 1067 1264 praesumptionem
1087 1220 1223 1249 suam.
1244 1204 1311 1249 Sic
1332 1219 1434 1263 ergo

47 1283 90 1318 et
111 1275 232 1319 novit
253 1277 366 1319 Deus
383 1309 394 1329 ,
425 1283 468 1318 et
489 1274 685 1334 requirit.
709 1274 840 1320 Novit
862 1273 1083 1335 quomodo
1110 1274 1200 1334 ipse
1221 1275 1433 1335 requirit?

48 1348 230 1405 Propter
250 1354 315 1400 te,
340 1353 391 1389 ut
419 1353 470 1388 tu
497 1344 689 1389 invenias
710 1353 754 1388 te
769 1379 781 1399 ‚
807 1353 850 1389 et
873 1345 1026 1403 gratias
1049 1360 1148 1404 agas
1174 1345 1211 1389 ei
1233 1347 1310 1405 qui
1331 1344 1434 1391 fecit

51 1423 108 1459 te.
138 1434 158 1457 «
183 1417 338 1460 Nonne
358 1416 474 1458 Deus
491 1414 685 1474 requiret
702 1414 810 1458 ista?
833 1432 852 1455 »

114 1486 239 1530 XXI.
278 1502 299 1526 «
326 1487 423 1543 Ipse
457 1483 574 1528 enim
603 1484 725 1528 novit
752 1483 924 1529 occulta
956 1482 1113 1528 cordis.
1147 1502 1167 1526 »
1205 1483 1323 1538 Quid
1344 1493 1430 1541 est,

50 1555 220 1601 «Novit
241 1554 439 1600 occulta?
464 1573 485 1596 »
517 1570 617 1615 quae
647 1555 845 1600 occulta?
873 1575 893 1598 «
930 1555 1143 1609 Quoniam
1179 1565 1358 1616 propter
1388 1565 1433 1600 te

49 1644 70 1669 >›
91 1627 404 1672 mortificamur
424 1635 515 1670 tota
537 1627 608 1670 die
623 1661 634 1681 ,
655 1626 852 1686 deputati
875 1642 1024 1671 sumus
1041 1626 1164 1670 velut
1185 1642 1286 1672 oves
1314 1627 1434 1672 occi-

49 1715 70 1740 »
92 1698 221 1743 sionis
235 1700 266 1742 ³.
289 1701 451 1742 »Potes
468 1697 586 1742 enim
601 1697 749 1741 videre
764 1697 1015 1742 mortificari
1028 1697 1275 1754 hominem,
1299 1711 1434 1758 quare

45 1768 331 1813 mortificetur
345 1803 356 1822 ,
394 1767 530 1819 nescis
556 1786 565 1812 ;
590 1770 705 1811 Deus
721 1767 805 1811 hoc
827 1767 949 1811 novit
967 1787 978 1823 3
1002 1781 1068 1810 res
1088 1767 1135 1810 in
1156 1765 1328 1810 occulto
1350 1775 1430 1811 est.

51 1837 136 1883 Sed
163 1837 269 1881 dicit
298 1837 404 1880 mihi
425 1836 578 1896 aliquis
606 1854 615 1880 ε
638 1838 751 1879 Ecce
771 1851 851 1894 pro
878 1835 1055 1879 nomine
1077 1835 1237 1880 Christi
1263 1834 1435 1879 detine-

49 1916 136 1962 tur,
157 1921 316 1950 nomen
328 1906 489 1951 Christi
499 1905 747 1949 confitetur.
763 1909 903 1958 Quare
916 1920 1006 1948 non
1016 1913 1058 1948 et
1070 1904 1261 1949 haeretiei
1274 1919 1436 1950 nomen

49 1976 209 2022 Christi
229 1976 516 2030 confitentur,
541 1983 585 2018 et
602 1989 691 2018 non
713 1984 859 2018 tamen
873 1975 964 2035 jam
981 1983 1160 2034 propter
1179 1974 1322 2033 ipsum
1339 1989 1437 2019 mo-

49 2047 250 2091 riuntur?
271 2049 450 2090 Prorsus
473 2046 518 2089 in
535 2046 626 2106 ipsa
644 2044 837 2089 Ecclesia
852 2079 863 2100 ,
888 2044 1030 2088 dicam
1045 2079 1056 2099 ,
1081 2043 1293 2089 catholica
1311 2079 1322 2100 ,
1340 2057 1436 2104 'pu-

49 2117 147 2162 tatis
164 2115 349 2160 defuisse
369 2124 445 2160 aut
466 2114 611 2160 deesse
633 2130 759 2174 posse
780 2149 790 2170 ,
817 2114 894 2175 qui
915 2130 1042 2159 causa
1057 2114 1260 2158 humanae
1284 2114 1434 2172 gloriae

49 2189 332 2249 paterentur?
356 2188 399 2232 Si
430 2187 627 2231 deessent
647 2186 897 2246 hujusmodi
920 2185 1140 2239 homines,
1165 2200 1254 2228 non
1272 2183 1436 2229 diceret

50 2257 284 2319 Apostolus
304 2276 313 2302 :
338 2276 359 2300 «
387 2257 430 2302 Si
450 2256 670 2301 tradidero
692 2272 848 2315 corpus
865 2271 1013 2299 meum
1030 2263 1081 2298 ut
1102 2253 1276 2298 ardeam
1293 2287 1304 2308 ,
1329 2254 1435 2298 cha-

53 2347 74 2372 »
109 2330 280 2374 ritatem
302 2337 448 2373 autem
470 2343 559 2372 non
579 2327 781 2382 habeam,
798 2326 1025 2371 nihilmihi
1041 2323 1219 2385 prodest
1232 2324 1264 2367 ⁴.
1279 2342 1299 2366 »
1319 2323 1435 2368 Scie-

51 2400 128 2445 bat
148 2415 249 2458 ergo
271 2414 360 2444 esse
381 2414 505 2459 posse
525 2399 754 2459 quosdam,
770 2398 846 2459 qui
864 2398 948 2441 hoc
964 2396 1199 2456 jactatione
1220 2392 1432 2450 facerent,

100 2503 111 2519 ¹
128 2498 210 2529 Gen.
230 2506 320 2537 xxn,
340 2505 391 2527 ια.
416 2511 457 2519 -
478 2501 491 2518 ²
517 2494 633 2527 Matth.
653 2505 750 2535 xxvi,
770 2474 824 2525 35.
844 2510 886 2516 —-
909 2491 922 2515 3
936 2491 1016 2524 Psal.
1034 2502 1109 2524 xmn
1124 2515 1133 2533 ‚
1148 2499 1202 2524 22.
1233 2507 1276 2514 --
1289 2488 1307 2521 4
1328 2501 1340 2523 1
1356 2491 1435 2523 cor.

52 2563 107 2584 xm
120 2577 128 2592 ,
147 2551 177 2583 3.
