1841 3223
396 177 478 217 418
839 186 873 214 s.
911 187 1141 215 AUGUSTuu
1173 189 1357 216 Emscom

391 253 537 298 dando
565 252 795 296 dimidium
829 252 1143 311 patrimonium
1166 254 1195 296 ¹.
1227 253 1353 296 Tanti
1389 253 1526 308 valet,
1568 262 1785 314 quantum

389 322 607 367 habueris.
644 341 660 361 ‹<
685 322 1027 366 Annuntiabunt
1049 322 1149 367 coeli
1176 323 1391 382 justitiam
1413 323 1504 383 ejus
1532 342 1541 367 ;
1576 322 1784 383 quoniam

396 416 413 435 »
451 397 562 437 Deus
580 392 716 453 judex
739 402 815 436 est.
847 395 959 436 Vere
980 394 1136 454 judeX,
1163 410 1249 438 non
1280 410 1545 438 concernens
1565 429 1576 449 ,
1601 393 1675 438 sed
1704 393 1787 437 dis-

396 484 412 505 »
449 479 645 508 cernens.
675 464 804 508 Novit
826 464 940 507 enim
974 465 1185 509 Dominus
1217 466 1294 525 qui
1332 474 1435 509 sunt
1462 466 1597 524 ejus2.
1630 485 1646 505 »
1672 466 1730 508 Et
1751 464 1786 507 si

390 550 523 594 grana
547 534 687 578 latent
719 535 763 578 in
787 534 934 594 palea,
970 535 1169 593 agricolae
1198 546 1300 580 nota
1338 545 1452 580 sunt.
1478 539 1616 580 Nemo
1638 535 1788 579 timeat

388 621 477 649 esse
500 620 684 663 granum
706 607 835 649 etiam
858 607 970 650 inter
993 606 1177 666 paleam,
1205 622 1295 650 non
1315 605 1529 650 [alluntur
1551 605 1668 651 oculi
1686 621 1786 649 ven-

388 676 570 721 tilatoris
593 678 746 722 nostri.
777 677 874 722 Noli
893 678 1067 728 timere,
1095 677 1241 721 ncilla
1266 686 1498 737 tempestas
1520 694 1619 737 quae
1644 677 1725 732 eri-t
1742 676 1787 720 in

386 747 573 793 circuitu
596 750 711 808 ejus,
753 757 987 791 concernat
1011 757 1052 791 te
1074 763 1176 791 cum
1211 747 1348 807 palea.
1378 751 1506 793 Certe
1531 747 1674 793 valida
1706 747 1788 791 erit

387 828 618 879 tempestas
637 855 647 872 ,
676 818 849 863 nullum
882 828 1027 862 tamen
1046 834 1230 877 granum
1249 818 1375 863 tollet
1397 834 1420 862 a
1441 828 1561 879 parte
1583 819 1714 863 tritici
1731 817 1788 863 ad

389 890 559 951 paleam
586 910 594 935 :
621 890 723 950 quia
762 906 851 934 non
889 890 1074 950 quilibet
1106 891 1291 935 rusticus
1321 906 1422 935 cum
1460 891 1672 945 tridente,
1712 889 1788 934 scd

390 965 504 1005 Deus
530 960 715 1004 Trinitas
731 959 864 1020 judex
883 970 960 1004 est.
987 980 1003 1001 «
1031 964 1088 1004 Et
1105 961 1435 1005 annuntiabunt
1452 960 1554 1005 coeli
1572 961 1787 1021 justitiam

394 1052 411 1073 »
448 1032 540 1091 ejus
562 1051 570 1075 ς
597 1031 805 1091 quoniam
824 1034 937 1075 Deus
961 1031 1095 1091 judex
1119 1041 1197 1075 est.
1218 1053 1234 1071 »
1252 1035 1364 1076 Eant
1386 1030 1502 1085 coeli,
1526 1031 1788 1075 annuntient

388 1101 488 1146 coeli
504 1137 515 1157 ,
555 1102 599 1145 in
623 1117 799 1145 omnem
835 1111 995 1145 terram
1026 1111 1151 1146 exeat
1179 1117 1309 1146 sonus
1332 1117 1482 1145 eorum
1500 1136 1511 1156 ,
1548 1110 1592 1145 ct
1613 1102 1659 1144 in
1681 1102 1787 1145 fines

387 1173 504 1218 orbis
542 1183 668 1217 terrae
701 1173 834 1217 verba
868 1189 1022 1218 eorum
1036 1177 1051 1199 ³
1077 1194 1086 1218 ;
1122 1184 1165 1218 et
1199 1173 1314 1218 dieat
1337 1173 1448 1217 illud
1470 1189 1652 1233 corpus,
1681 1193 1700 1215 «
1726 1176 1787 1217 De

390 1262 410 1285 »
429 1243 590 1288 finibus
609 1253 733 1287 terrae
751 1243 805 1287 ad
825 1252 866 1288 te
879 1243 1079 1297 clamavi,
1097 1261 1198 1288 cum
1213 1254 1446 1303 angeretur
1460 1260 1535 1288 cor
1557 1260 1704 1287 meum
1720 1244 1752 1287 ⁴.
1766 1263 1782 1284 »

389 1315 523 1358 Modo
557 1315 674 1358 enim
702 1324 957 1359 concretum
990 1316 1144 1372 gemit,
1178 1315 1415 1359 discretum
1440 1314 1661 1372 gaudebit.
1687 1313 1791 1358 Cla-

390 1393 480 1428 met
498 1399 599 1442 ergo
616 1419 626 1439 ,
655 1394 698 1428 et
726 1385 842 1429 dicat
863 1405 871 1429 :
902 1404 920 1426 «
941 1388 1005 1430 Ne
1028 1384 1284 1445 comperdas
1308 1401 1409 1428 cum
1435 1385 1577 1444 impiis
1601 1384 1788 1428 animam

393 1472 413 1496 »
450 1469 590 1498 meam
607 1489 617 1509 ,
643 1462 687 1498 ct
724 1470 826 1498 cum
864 1454 962 1498 viris
984 1456 1248 1513 sanguinum
1269 1454 1405 1498 vitam
1432 1457 1616 1498 meamf’.
1647 1473 1666 1495 »
1694 1456 1792 1498 Non

390 1524 663 1584 comperdit,
702 1526 804 1585 quia
830 1528 946 1569 Deus
975 1523 1111 1584 judex
1148 1534 1226 1568 est.
1256 1523 1426 1569 Clamet
1449 1523 1542 1579 illi,
1569 1533 1612 1568 et
1649 1523 1787 1579 dicat,

395 1615 416 1637 α
435 1595 591 1640 Judica
607 1610 692 1650 me,
719 1595 918 1649 Domine,
937 1604 980 1638 et
1001 1595 1198 1639 discerne
1217 1611 1393 1639 causam
1417 1610 1558 1639 meam
1582 1594 1637 1639 de
1661 1604 1789 1653 gente

392 1685 413 1709 υ
449 1683 540 1712 non
570 1667 746 1712 sancta6
774 1686 782 1711 :
821 1685 840 1707 »
867 1665 983 1711 dieat
1002 1702 1012 1722 ,
1039 1664 1167 1710 faciet
1201 1665 1275 1710 ille
1306 1686 1315 1711 ;
1352 1666 1735 1724 congregabuntur
1754 1666 1792 1710 ei

383 1737 490 1798 justi
513 1738 619 1798 ejus.
648 1736 831 1781 Vocavit
852 1745 1013 1780 terram
1027 1772 1037 1791 ,
1060 1745 1110 1779 ut
1132 1735 1350 1779 discernat
1372 1734 1588 1795 populum
1605 1751 1748 1780 suum.

448 1810 569 1851 XIV.
601 1827 621 1849 α
642 1806 756 1851 Audi
781 1805 971 1866 populus
994 1822 1116 1850 meus
1133 1841 1143 1861 ,
1171 1815 1214 1849 et
1235 1805 1392 1866 loquar
1411 1806 1488 1850 tibi
1504 1808 1533 1850 ⁷.
1565 1827 1582 1848 »
1611 1806 1690 1850 Ille
1714 1807 1791 1866 qui

388 1879 560 1933 veniet,
592 1887 635 1922 et
666 1894 757 1922 non
791 1877 964 1931 silebit,
990 1877 1138 1920 videte
1162 1876 1263 1936 quia
1287 1886 1330 1920 et
1352 1877 1511 1932 modo,
1538 1877 1572 1921 si
1603 1877 1787 1932 auditis,

391 1965 482 1994 non
510 1949 607 1993 silet
640 1969 648 1994 :
679 1968 700 1991 ‹<
722 1947 839 1992 Audi
861 1947 1050 2007 populus
1073 1963 1194 1992 meus
1211 1983 1221 2002 ,
1261 1956 1304 1990 et
1333 1946 1487 2008 loquar
1510 1948 1604 1991 tibi.
1635 1966 1654 1989 »
1682 1950 1790 1993 Nam

391 2021 427 2065 si
463 2037 553 2066 non
576 2019 719 2075 audis,
757 2036 847 2064 non
880 2018 1036 2079 loquar
1058 2018 1155 2062 tibi.
1196 2038 1216 2060 α
1245 2017 1361 2062 Audi
1396 2028 1439 2062 et
1466 2017 1621 2079 loquar
1643 2019 1737 2063 tibi.
1767 2037 1787 2060 η

391 2095 502 2137 Nam
519 2091 553 2135 si
577 2108 665 2135 non
687 2090 810 2134 audis
825 2126 835 2145 ,
861 2090 940 2133 etsi
962 2089 1133 2149 loquar,
1159 2105 1249 2133 non
1267 2089 1362 2132 tibi.
1381 2089 1568 2142 Quando
1591 2106 1693 2149 ergo
1712 2089 1792 2133 tibi

390 2161 575 2223 loquar?
607 2162 650 2206 Si
685 2159 822 2205 audis.
866 2158 1053 2213 Quando
1092 2159 1245 2203 audis?
1284 2159 1326 2203 Si
1361 2159 1550 2219 populus
1584 2175 1705 2204 meus
1727 2176 1785 2204 es.

396 2253 417 2276 «
438 2231 554 2277 Audi
573 2232 689 2276 enim
711 2230 901 2292 populus
921 2246 1042 2274 meus
1063 2249 1071 2273 2
1102 2249 1120 2270 »
1149 2245 1238 2273 non
1260 2228 1400 2285 audis,
1424 2230 1457 2274 si
1482 2229 1668 2290 populus
1691 2229 1791 2274 alie-

392 2319 490 2348 nus.
521 2323 541 2346 «
567 2301 683 2347 Audi
705 2300 893 2362 populus
916 2316 1036 2344 meus
1053 2335 1063 2354 ,
1085 2309 1128 2343 et
1144 2298 1300 2359 loquar
1320 2300 1427 2358 tibi,
1455 2300 1610 2355 Isra'e'l,
1629 2310 1672 2344 et
1692 2300 1791 2344 leti-

395 2392 415 2416 »
451 2373 613 2418 ficabor
634 2373 730 2416 tibi.
761 2390 780 2413 »
810 2370 940 2415 lsrael
964 2370 1093 2425 audi,
1135 2368 1325 2429 populus
1347 2386 1470 2415 meus
1500 2370 1620 2415 audi.
1658 2369 1791 2414 Israel

445 2472 453 2488 ¹
481 2472 557 2503 Luc.
582 2481 653 2513 xix,
676 2470 708 2502 8.
730 2487 771 2492 --
791 2476 804 2492 ²
824 2478 843 2501 2
861 2470 942 2501 Tim.
959 2479 1002 2511 11,
1027 2479 1076 2511 ¹9·
1101 2483 1143 2489 -—
1169 2465 1182 2490 ³
1200 2467 1279 2500 Psal.
1300 2479 1394 2511 xvm,
1415 2467 1447 2501 5.
1465 2467 1537 2494 ——4
1558 2469 1605 2500 Id.
1622 2478 1676 2510 Lx,
1695 2467 1727 2500 3.
1747 2484 1788 2490 —-

395 2525 472 2562 ⁵1d.
497 2538 577 2570 xxv,
598 2538 629 2570 9¹
654 2543 697 2550 —
713 2525 729 2550 6
746 2526 795 2559 Id.
817 2536 870 2568 m,
893 2536 921 2558 1.
942 2541 984 2548 -
1005 2531 1018 2558 7
1038 2524 1085 2558 Id.
1106 2534 1191 2566 xiix,
1210 2534 1242 2565 7.
1358 2514 1360 2518 ’
