1841 3223
409 252 492 288 212
847 260 880 288 5.
917 259 1147 290 ΑυουεΤιΝῐ
1180 263 1359 290 EPISCOPI

406 327 641 386 promittit,
671 325 822 369 fratres
850 328 931 370 mei
948 363 958 382 ‚
985 328 1164 372 obsecro
1186 344 1287 383 vos,
1315 326 1524 371 attendite
1552 328 1791 387 Scripturas

407 406 594 450 nostras,
631 396 665 439 si
704 395 868 456 aliquid
897 395 1179 457 fefellerunt3
1210 399 1243 442 si
1277 398 1442 458 aliquid
1483 398 1709 453 dixerunt,
1747 408 1790 442 et

403 466 526 510 aliter
558 464 713 509 accidit
755 482 885 526 quam
915 466 1118 513 dixerunt
1156 488 1164 513 ι
1197 484 1369 512 11666556
1401 477 1485 523 651,
1510 477 1560 511 111
1583 483 1722 528 usque
1745 468 1790 512 in

401 539 533 581 finem
556 536 615 580 sic
639 537 745 580 fiant
767 537 939 594 omnia,
963 537 1336 598 quemadmodum
1359 536 1575 582 dixerunt.
1596 541 1694 583 Non
1710 553 1790 582 no—

398 607 464 651 bis
486 606 750 667 promittunt
774 608 1007 668 Scripturae
1024 618 1182 654 nostrae
1199 609 1245 652 in
1272 609 1355 652 hoe
1379 608 1540 653 saeculo
1556 644 1566 663 ,
1600 608 1681 652 nisi
1706 608 1788 652 tri-

398 676 667 733 bulationes,
711 693 952 738 pressu1·a5‚
999 679 1238 738 angustias,
1279 688 1513 737 augmenta
1553 677 1755 722 dolorum
1773 713 1784 734 ‚

398 748 711 793 abundantiam
730 749 1035 794 tentationum.
1063 749 1131 793 Ad
1148 749 1226 793 ista
1238 765 1315 794 nos
1329 750 1548 809 praecipue
1565 745 1781 808 paremus,

395 836 451 866 ne
474 820 672 880 imparati
694 819 958 864 deficiamus.
989 839 1008 862 «
1025 823 1101 864 Vre
1124 820 1452 880 prtegnantibus
1475 830 1518 864 et
1540 835 1785 864 mamman-

398 910 419 933 >›
459 891 573 935 tibus
598 892 640 945 ¹,
674 909 693 931 n
727 891 859 935 modo
892 890 1083 935 audistis.
1126 894 1403 949 Praegnantes
1436 900 1561 946 sunt,
1599 891 1675 951 qui
1709 905 1784 950 spe

361 971 363 973 ’
395 962 694 1006 11111111165611111
719 981 727 1006 :
754 972 1039 1007 mammantes
1062 972 1205 1007 autem
1223 998 1233 1018 ,
1258 962 1304 1007 id
1327 971 1411 1018 est,
1443 962 1649 1007 lactantes
1667 997 1677 1017 ,
1709 962 1784 1022 qui

391 1034 482 1093 jam
502 1031 648 1092 adepti
673 1041 775 1076 sunt
793 1032 913 1093 quod
938 1034 1453 1093 concupierant.Etenim
1468 1032 1624 1077 mulier
1640 1047 1784 1093 prfeg-

393 1119 502 1147 nans
543 1103 586 1146 in
608 1118 681 1163 spe
706 1113 845 1147 tumet
862 1103 955 1160 11111,
975 1105 1171 1149 nondum
1187 1103 1306 1149 videt
1328 1103 1492 1147 filium:
1517 1120 1614 1164 quae
1638 1113 1785 1148 autem

389 1176 480 1235 jam
504 1174 664 1229 lactat,
691 1174 967 1233 amplectitur
991 1174 1111 1235 quod
1141 1174 1354 1234 sperabat.
1391 1178 1508 1234 Ergo
1535 1173 1784 1219 similitudi—

394 1261 520 1301 nem,
547 1244 667 1289 verbi
691 1245 825 1303 gratia
845 1280 855 1300 ,
882 1261 1094 1305 ponamus
1116 1261 1124 1287 :
1147 1248 1264 1290 Bona
1296 1255 1359 1290 est
1376 1246 1455 1290 ista
1484 1245 1584 1290 villa
1611 1244 1741 1290 vicini
1768 1264 1777 1290 ε

394 1332 420 1361 0
436 1317 577 1360 51111611
591 1325 699 1360 65561
717 1317 724 1359 1
747 1315 1028 1376 adjungerem
1043 1316 1179 1371 illam,
1196 1325 1239 1360 et
1261 1315 1447 1360 facerem
1470 1315 1619 1360 (161510
1640 1314 1778 1360 fundo

396 1397 440 1432 et
473 1386 527 1431 (16
558 1386 633 1431 1110
668 1388 895 1431 unitatem.
933 1390 1064 1432 Amat
1106 1396 1149 1431 et
1175 1388 1352 1432 avaritia
1389 1388 1633 1432 unitatem:
1666 1386 1787 1447 quod

393 1469 512 1505 amat
527 1459 695 1503 bonum
720 1468 804 1516 651,
831 1459 905 1502 sed
928 1459 1004 1502 ubi
1019 1459 1255 1503 amandum
1273 1459 1353 1514 sit,
1374 1460 1525 1503 1165611.
1557 1461 1669 1503 Ε666
1686 1474 1785 1503 6011-

393 1530 559 1591 cupivit
580 1528 725 1574 villam
752 1529 938 1589 proximi
960 1550 970 1586 3
995 1529 1071 1573 sed
1093 1529 1172 1573 iste
1190 1529 1410 1589 proximus
1436 1528 1555 1573 dives
1584 1538 1669 1584 est,
1695 1545 1785 1573 non

390 1602 612 1658 indigens,
637 1600 803 1644 habens
821 1600 1048 1654 honorem,
1066 1600 1230 1644 habens
1243 1600 1372 1644 etiam
1386 1600 1641 1660 potentiam,
1665 1617 1687 1645 a
1707 1616 1782 1645 eu-

388 1674 461 1734 ={us
473 1671 585 1716 forte
603 1670 732 1715 etiam
757 1671 950 1730 potentia
964 1668 1046 1713 tibi
1073 1671 1360 1714 metuendum
1377 1671 1455 1725 sit,
1482 1686 1572 1715 non
1592 1669 1646 1714 de
1670 1669 1784 1715 illius

393 1742 535 1789 fundo
572 1741 737 1802 aliquid
768 1741 1031 1801 sperandum
1059 1760 1066 1784 :
1093 1740 1202 1784 nihil
1240 1756 1414 1800 sperans
1444 1756 1532 1785 non
1565 1741 1781 1801 concipit,

392 1830 484 1860 non
507 1822 569 1858 est
595 1827 791 1873 praegans
821 1811 976 1855 anima.
1004 1811 1046 1854 Si
1070 1826 1173 1855 vero
1201 1811 1325 1871 juxta
1346 1811 1513 1855 vicinus
1528 1811 1581 1855 sit
1601 1826 1781 1871 pauper,

390 1886 469 1946 qui
489 1883 560 1930 vel
586 1883 632 1927 in
654 1882 904 1927 necessitate
932 1881 1098 1942 positus
1121 1891 1208 1937 est,
1243 1890 1292 1925 ut
1323 1882 1456 1941 possit
1477 1881 1664 1926 vendere
1679 1917 1690 1938 ,
1713 1881 1784 1927 vel

390 1956 532 2018 premi
545 1963 712 2015 potest,
739 1963 789 1998 ut
806 1962 987 2013 cogatur
1009 1952 1219 2008 vendere,
1244 1952 1436 2013 injicitur
1453 1952 1621 2009 oculus,
1638 1968 1784 2013 spera-

392 2037 467 2072 tur
488 2026 591 2072 villa
611 2045 619 2071 :
643 2025 925 2085 impraegnata
949 2033 1012 2068 est
1033 2023 1197 2078 anima,
1228 2032 1370 2083 sperat
1391 2039 1434 2067 se
1455 2038 1580 2083 posse
1606 2023 1784 2083 adipisci

390 2096 588 2144 villulam
611 2105 655 2139 et
676 2095 990 2155 possessionem
1016 2093 1145 2137 vicini
1169 2093 1385 2153 pauperis.
1408 2096 1464 2138 Et
1487 2109 1587 2138 curn
1618 2094 1783 2152 patitur
1840 2099 1841 2142 ἶ

391 2169 472 2213 1516
491 2181 657 2228 pauper
678 2165 993 2219 necessitatem,
1011 2163 1129 2208 venit
1141 2162 1196 2207 ad
1216 2163 1415 2208 ditiorem
1428 2164 1619 2208 vicinum
1633 2179 1777 2220 suum,

391 2241 465 2286 cui
486 2238 598 2284 forte
620 2237 801 2298 obsequi
821 2237 946 2290 solet,
964 2235 1035 2280 cui
1050 2234 1234 2291 deferre,
1256 2235 1325 2280 eui
1336 2235 1526 2279 venienti
1541 2250 1778 2295 assurgere,
1836 2287 1837 2290 Ἴ

391 2327 525 2373 quem
547 2310 752 2355 inclinato
770 2307 908 2368 eapite
930 2306 1115 2352 salutare
1143 2322 1150 2347 :
1178 2310 1239 2352 Da
1253 2306 1382 2362 mihi,
1405 2322 1510 2366 rogo
1539 2315 1607 2363 te,
1640 2306 1781 2367 patior

390 2382 708 2437 necessitatem,
726 2393 882 2438 urgeor
898 2394 921 2421 a
939 2377 1168 2422 creditore.
1190 2377 1247 2422 Et
1264 2377 1358 2421 ille:
1374 2379 1471 2422 Non
1487 2377 1630 2421 habeo
1648 2376 1780 2421 modo

393 2453 441 2497 in
461 2451 678 2496 manibus.
695 2449 735 2495 Si
757 2448 890 2494 vellet
911 2446 1100 2493 vendere
1114 2483 1125 2502 ,
1145 2447 1342 2491 haberet.
1357 2447 1643 2506 Agnoscimus
1666 2448 1749 2492 1106
1767 2466 1775 2492 :

395 2521 577 2568 suerunt
606 2521 651 2564 in
680 2519 825 2575 nobis,
847 2520 938 2579 jam
970 2533 1059 2563 non
1084 2517 1169 2563 sint
1205 2517 1250 2562 in
1277 2517 1416 2563 nobis.
1446 2520 1544 2564 Non
1576 2518 1778 2563 hesterno

445 2616 454 2633 ¹
471 2609 583 2642 Matth.
604 2619 692 2650 xxiv,
714 2610 761 2640 19.
