1841 3223
213 248 454 276 ENAnuATto
487 249 500 275 1
535 250 577 275 ιΝ
612 249 813 276 rsALMciu
849 250 1010 285 xxxvi,
1047 247 1172 276 senff-1.
1210 252 1238 275 Ι.
1359 240 1411 277 65

28 329 117 358 non
139 323 260 373 potes
280 314 487 373 accipere.
512 316 721 357 Exereere
745 314 970 372 operibus,
1006 313 1154 358 labora
1187 315 1233 358 in
1254 315 1379 359 vinea
1401 337 1409 360 ;

26 385 152 429 finito
167 385 238 430 die
255 394 354 445 pete
372 383 616 429 mercedem
637 400 646 425 t
675 383 812 428 fidelis
835 394 898 428 est
919 385 995 444 qui
1017 395 1060 429 te
1078 385 1258 430 adduxit
1281 386 1335 431 ad
1352 387 1416 432 vi-

26 458 195 500 neam1.
224 474 246 498 «
273 454 480 501 Subditus
501 465 593 500 esto
609 455 812 509 Domino,
837 465 881 499 et
900 457 1078 501 obsecra
1099 472 1215 501 eum.
1240 475 1261 498 »

41 555 54 564 -
85 528 163 570 IX.
185 529 299 570 Ecce
317 525 427 570 facio
441 561 451 580 ‚
477 525 677 570 subditus
698 540 793 570 sum
818 525 1020 580 Domino,
1038 527 1273 572 etobseero
1290 543 1408 573 eum.

27 594 112 639 Sed
133 595 241 655 quid
262 595 342 639 tibi
363 594 561 640 videtur?
578 595 755 640 Vicinus
767 594 840 638 ille
858 611 1061 656 nequam,
1081 596 1194 640 male
1217 613 1347 656 agens
1371 607 1414 642 et

25 665 183 709 florens
203 674 295 723 est3
326 664 444 710 furta
466 667 580 726 ejus,
617 664 830 710 adulteria
863 666 976 725 ejus,
1012 666 1182 725 rapinas
1215 669 1306 727 ejus
1333 684 1412 727 ego

24 736 150 794 novi3
172 736 217 780 in
235 736 439 780 omnibus
455 735 593 781 elatus
608 772 618 792 ‚
641 736 854 796 superbus
867 772 878 789 ‚
896 752 972 796 per
994 737 1270 797 iniquitatem
1295 739 1414 783 exal-

23 815 138 851 tatus
155 822 244 851 non
259 822 327 851 me
339 807 545 866 dignatur
559 822 813 865 agnoscere:
830 807 876 851 in
891 808 956 851 his
974 808 1198 868 quomodo
1216 808 1414 854 durabo?

22 877 203 922 Morbus
221 876 295 921 ille
319 887 403 932 est,
424 878 526 922 bibe
543 887 694 923 contra
715 897 724 923 :
754 898 774 920 «
798 881 862 923 Ne
882 879 1184 923 subaemuleris
1207 895 1308 924 eum
1336 881 1414 941 qui

26 966 46 989 »
82 957 361 1007 prosperatur
381 948 427 992 in
455 948 524 993 via
546 965 638 993 sua.
665 967 686 990 »
707 953 1006 1009 Prosperatur‚
1033 949 1111 994 sed
1131 950 1176 994 in
1204 951 1272 995 via
1302 967 1377 995 sua
1401 972 1410 997 ;

21 1019 192 1064 laboras
207 1054 219 1074 ‚
244 1019 320 1064 sed
341 1021 387 1064 in
408 1020 476 1063 via
498 1021 590 1064 Dei.
619 1020 688 1065 Illi
706 1022 964 1081 prosperitas
986 1022 1032 1065 in
1052 1021 1121 1066 via
1143 1031 1205 1066 est
1220 1057 1231 1077 ‚
1257 1023 1301 1066 in
1316 1038 1414 1083 per-

21 1090 225 1135 ventione
252 1089 481 1135 infelicitas
503 1109 512 1135 :
538 1091 618 1135 tibi
637 1090 763 1136 labor
783 1092 829 1135 in
852 1092 917 1136 via
932 1128 947 1148 ,
972 1093 1017 1136 in
1038 1094 1322 1152 perventione
1344 1093 1412 1139 se·-

21 1160 183 1219 licitas3
211 1161 421 1222 quoniam
442 1161 524 1205 iter
545 1161 780 1221 impiorum
808 1163 982 1222 peribit.
1012 1182 1032 1205 «
1048 1165 1179 1209 Novit
1201 1166 1413 1210 Dominus

25 1250 46 1274 »
80 1232 170 1277 vias
193 1233 439 1292 justorum,
478 1241 521 1277 et
548 1232 630 1276 iter
658 1233 893 1293 impiorum
922 1234 1081 1293 peribit
1093 1238 1125 1278 2.
1156 1253 1176 1276 »
1203 1237 1289 1280 Has
1323 1236 1413 1280 vias

21 1301 218 1347 ambulas
238 1319 346 1364 quas
367 1303 490 1348 novit
511 1303 750 1362 Dominus3
773 1313 817 1348 et
836 1303 870 1347 si
889 1303 1060 1350 laboras
1083 1304 1128 1348 in
1150 1305 1208 1349 eis
1225 1341 1236 1361 ,
1261 1322 1349 1351 non
1369 1316 1412 1351 te

21 1372 197 1418 fallunt.
215 1372 295 1418 Via
311 1389 414 1418 vero
435 1373 670 1433 impiorum
687 1372 870 1419 felicitas
890 1375 1135 1420 transitoria
1154 1395 1162 1421 :
1179 1377 1302 1421 finita
1323 1377 1410 1432 via,

20 1452 193 1504 peracta
210 1452 273 1488 est
293 1443 490 1489 felicitas.
516 1447 688 1498 Quare?
708 1445 810 1506 quia
826 1445 895 1490 via
911 1446 986 1490 illa
1006 1446 1092 1491 lata
1104 1456 1182 1500 est,
1203 1447 1301 1492 finis
1319 1448 1411 1507 ejus

20 1514 65 1558 in
86 1514 357 1574 profundum
378 1514 539 1559 inferni
560 1516 775 1575 perducit.
805 1517 885 1560 Via
901 1532 1005 1561 vero
1027 1526 1101 1561 tua
1119 1528 1301 1575 angusta
1322 1528 1407 1573 est,

21 1595 64 1630 et
83 1586 212 1645 pauci
232 1585 540 1646 ingrediuntur
560 1603 638 1647 per
650 1603 746 1632 eam
759 1590 774 1614 ³
791 1607 800 1633 ε
819 1587 895 1633 sed
912 1587 967 1632 ad
981 1604 1113 1649 quam
1131 1588 1409 1634 latitudinem

15 1657 272 1716 perveniant
302 1657 436 1703 debes
466 1658 669 1716 cogitare.
709 1677 730 1701 «
767 1661 830 1703 Ne
862 1659 1163 1703 subaemuleris
1202 1675 1305 1703 eum
1332 1661 1409 1720 qui

17 1744 38 1768 »
73 1735 354 1787 prosperatur
374 1727 421 1771 in
438 1727 505 1772 via
526 1743 617 1772 sua.
640 1730 691 1772 In
707 1728 885 1772 homine
903 1728 1089 1772 faciente
1110 1729 1405 1789 iniquitatem,

18 1814 39 1838 >›
73 1795 221 1841 desine
242 1799 295 1841 ab
317 1797 405 1852 ira,
441 1806 485 1841 et
511 1796 766 1858 derelinque
794 1797 989 1842 furorem
1005 1799 1036 1841 4.
1065 1816 1085 1839 »
1110 1797 1227 1851 Quid
1247 1808 1409 1844 stoma-

14 1866 185 1911 charis?
205 1866 315 1927 quid
334 1882 412 1926 per
439 1867 709 1912 iracundiam
743 1877 786 1912 et
812 1866 1159 1927 indignationem
1187 1868 1312 1913 istam
1332 1880 1410 1915 aut

15 1936 308 1997 blasphemas,
335 1947 412 1982 aut
432 1953 568 1998 prope
591 1937 891 1998 blasphemas?
909 1957 928 1980 «
950 1941 1001 1982 In
1023 1938 1199 1982 homine
1221 1938 1408 1985 faciente

17 2026 38 2049 »
72 2008 377 2069 iniquitatem,
413 2008 561 2053 desine
586 2008 750 2063 abira,
780 2017 824 2052 et
854 2008 1110 2069 derelinque
1145 2007 1352 2054 furorem.
1381 2029 1402 2052 »

13 2079 158 2124 Nescis
179 2094 268 2140 quo
290 2088 332 2124 te
359 2089 566 2138 provocet
586 2079 647 2123 ira
666 2079 778 2124 ista?
794 2080 998 2123 Dicturus
1019 2095 1062 2123 es
1086 2083 1175 2125 Deo
1197 2082 1300 2141 quia
1319 2081 1405 2127 ini-

15 2164 128 2209 quus
145 2158 230 2204 est,
251 2148 356 2193 illuc
385 2149 539 2208 pergit.
566 2152 680 2193 Eece
701 2148 775 2192 ille
794 2165 928 2209 quare
945 2147 1047 2193 felix
1066 2159 1155 2205 est,
1182 2160 1224 2194 et
1242 2150 1315 2195 ille
1336 2152 1406 2197 in-

16 2218 118 2264 felix
134 2221 221 2264 est?
242 2218 353 2263 Vide
369 2220 478 2280 quid
496 2219 635 2279 pariat
659 2237 669 2264 ε
705 2219 846 2265 offoca
871 2218 1029 2264 malam
1051 2223 1399 2281 conceptionem.

19 2308 40 2333 «
73 2289 228 2336 Desine
258 2290 313 2334 ab
332 2290 422 2345 ira,
447 2299 490 2334 et
514 2288 770 2350 derelinque
795 2289 1141 2349 indignationem
1158 2327 1168 2346 ‚
1192 2311 1212 2333 »
1240 2302 1289 2337 ut
1312 2294 1404 2354 jam

16 2359 267 2420 resipiscens
288 2359 404 2405 dicas
426 2379 435 2405 τ
463 2379 484 2402 «
509 2359 725 2404 Turbatus
746 2369 811 2404 est
830 2376 919 2420 prae
940 2361 1002 2405 ira
1024 2361 1178 2406 oculus
1199 2377 1322 2407 meus
1339 2366 1398 2407 ⁵.»

17 2430 122 2485 Quis
141 2430 315 2488 oculus,
338 2430 418 2475 nisi
440 2429 575 2475 fidei?
597 2433 824 2490 Interrogo
843 2430 1021 2476 oculum
1038 2429 1139 2475 fidei
1161 2441 1249 2476 tuae
1268 2452 1276 2478 :
1297 2436 1404 2480 Cre-

66 2534 76 2551 ¹
89 2527 204 2560 matth.
221 2538 275 2569 xx,
289 2527 323 2560 8.
342 2544 383 2551 ·--
397 2533 410 2551 ²
428 2525 511 2562 Psal.
529 2539 553 2570 1,
567 2527 601 2561 6.
621 2544 664 2551 —-
683 2526 696 2551 3
714 2528 828 2561 Matth.
850 2539 905 2570 vu,
928 2528 980 2568 13,
999 2527 1049 2571 14.
1065 2546 1106 2552 -
1120 2527 1136 2560 4
1149 2531 1228 2563 Psal.
1249 2534 1403 2572 xxxvi‚8.

19 2601 59 2608 --
78 2581 93 2607 ⁵
113 2585 162 2618 Id.
179 2595 222 2626 vi,
241 2584 273 2617 3.

207 2649 311 2680 cxv,
1218 2645 1241 2682 ὁ
