1841 3223
347 205 429 245 324
759 218 792 243 s.
828 215 1056 244 AUGusTlNl
1090 216 1270 242 muscom

349 301 369 324 »
396 283 663 340 regrinorum
675 279 991 325 thvmoniorum
1001 280 1173 325 videtur
1184 280 1478 323 istcannuntia
1488 288 1648 323 torcsse
1662 282 1669 304 ¹
1691 296 1728 319 :·›

345 355 428 397 hoc
456 351 753 396 Athenienses.
786 352 961 411 Ephesii
996 362 1140 396 autem
1182 367 1271 412 quo
1310 349 1501 395 tumultu
1538 349 1733 395 occidere

344 422 575 482 Apostolos
603 421 859 478 volucrunt,
886 422 1065 483 quando
1093 423 1138 466 in
1172 423 1342 466 theatro
1373 437 1451 481 pro
1490 421 1623 465 Diana
1658 437 1735 465 sua

345 503 515 538 tantum
539 493 764 552 strepitum
783 493 999 547 fecerunt,
1016 503 1065 538 ut
1082 493 1321 538 clamarent
1338 513 1346 537 :
1377 512 1396 534 «
1423 496 1580 551 Magna
1599 492 1734 536 Diana

349 585 367 607 »
406 564 661 624 Ephesia‘2·?»
681 567 798 608 Inter
810 581 918 625 quos
933 565 1143 609 ssuctuset
1157 564 1322 608 sonitus
1347 564 1474 608 maris
1498 579 1587 607 non
1605 563 1734 606 time-

346 636 476 690 bant,
509 634 583 695 qui
607 634 662 678 ad
682 634 898 693 refugium
922 635 1031 679 illud
1056 635 1360 694 confugerant.
1396 635 1592 694 Denique
1612 649 1737 693 apos-

344 706 461 752 tolus
482 704 642 750 Paulus
665 705 841 750 volebat
864 706 1025 749 intrare
1047 705 1091 749 in
1115 706 1333 749 theatrum
1348 740 1358 760 ‚
1391 714 1434 748 ct
1463 721 1486 749 a
1515 703 1736 764 discipulis

346 786 573 822 revocatus
591 787 654 820 cst
671 780 686 802 ³
710 796 718 821 :
742 777 843 836 quia
866 776 1155 820 necessarium
1179 786 1271 820 erat
1292 775 1435 820 adhuc
1459 785 1510 819 ut
1540 775 1583 819 in
1607 791 1736 819 carne

345 858 537 894 maneret
559 857 736 908 propter
757 848 886 907 ipsos.
910 847 993 892 Sed
1013 857 1158 891 tamen
1181 867 1200 890 α
1219 851 1469 892 Sonuerunt
1490 856 1533 891 et
1550 847 1736 890 turbatae

349 939 371 963 >›
406 929 509 965 sunt
531 935 655 979 aquae
677 919 767 978 ejus
786 934 797 962 :
826 918 1074 962 conturbati
1098 927 1201 962 sunt
1221 927 1391 962 montes
1413 917 1458 961 iu
1481 916 1737 962 fortitudine

349 1009 370 1034 »
406 992 513 1052 ojus.
542 1008 562 1030 »
589 989 758 1049 Cujus?
780 989 1006 1050 Numquid
1032 1005 1132 1033 nam
1153 990 1280 1033 maris
1298 1025 1308 1045 ‚
1335 1005 1389 1033 an
1405 990 1547 1049 potius
1568 988 1642 1033 Dei
1657 1024 1667 1044 e
1683 987 1738 1032 cle

347 1077 435 1123 quo
453 1061 620 1105 dictum
644 1069 728 1104 est:
755 1080 772 1100 «
800 1059 1039 1119 Refugium
1063 1069 1106 1104 ct
1126 1060 1285 1114 virtus,
1303 1059 1475 1119 adjutor
1492 1060 1537 1102 in
1559 1058 1741 1102 tribula-

350 1153 370 1174 »
406 1132 621 1187 tionibus,
647 1147 746 1191 quae
776 1131 1035 1174 invenerunt
1060 1146 1137 1175 nos
1157 1130 1348 1175 nimis4?
1373 1149 1392 1171 »
1422 1129 1601 1174 Turbati
1623 1129 1738 1173 enim

345 1214 450 1249 sunt
481 1213 674 1257 montes,
709 1202 754 1246 id
783 1211 874 1257 est,
912 1211 1145 1262 potestates
1178 1203 1310 1262 hujus
1343 1201 1506 1246 saeculi.
1532 1201 1616 1246 Alii
1639 1209 1741 1245 sunt

347 1277 464 1322 enim
482 1283 651 1319 montes
674 1274 750 1318 Dei
766 1309 776 1328 ‚
803 1273 874 1317 alii
897 1283 1180 1317 suntmontes
1198 1272 1368 1327 saeouli3
1388 1282 1556 1317 montes
1574 1271 1737 1327 saeculi,

347 1347 507 1408 quibus
531 1354 663 1405 caput
686 1344 910 1402 diabolus3
936 1354 1104 1388 montes
1127 1344 1225 1399 Dei,
1256 1344 1415 1405 quibus
1436 1353 1568 1404 caput
1590 1343 1740 1388 Chris-

346 1429 432 1464 tus.
458 1417 543 1463 Sed
564 1432 641 1477 per
659 1417 759 1460 istos
783 1426 952 1461 montes
974 1416 1137 1460 turbati
1166 1425 1268 1460 sunt
1306 1415 1369 1459 illi
1398 1424 1584 1460 montes.
1619 1418 1742 1459 Tunc

347 1489 567 1534 dederunt
596 1503 722 1532 voees
757 1497 907 1532 contra
936 1487 1224 1542 Christianos,
1248 1486 1425 1547 quando
1450 1486 1614 1531 turbati
1641 1494 1743 1530 sunt

349 1569 521 1606 montes
544 1558 797 1603 sonantibus
819 1558 1028 1603 fluetibus
1061 1578 1069 1603 2
1093 1567 1136 1602 ot
1163 1567 1331 1602 montes
1355 1567 1457 1602 sunt
1479 1556 1665 1612 turbati,
1700 1565 1744 1601 et

348 1632 491 1678 factus
505 1640 567 1675 est
586 1645 767 1688 magnus
795 1637 922 1672 torrae
951 1638 1094 1673 motus
1118 1645 1219 1673 cum
1241 1639 1365 1673 motu
1391 1645 1530 1688 aquae.
1559 1627 1643 1673 Sed
1673 1628 1743 1672 cui

350 1704 470 1748 haeo‘?
500 1699 674 1746 Civitati
706 1698 769 1743 illi
786 1697 983 1743 fundatae
1004 1714 1134 1757 super
1159 1708 1327 1758 petram
1347 1701 1377 1741 ⁵.
1405 1701 1571 1743 Sonant
1594 1714 1740 1758 aquae,

349 1773 586 1818 turbantur
605 1778 797 1825 montes,
819 1769 1077 1813 annuntiato
1101 1767 1352 1827 Evangelio.
1379 1767 1496 1822 Quid
1525 1777 1573 1812 tu
1596 1769 1744 1813 civitas

350 1843 455 1889 Dei?
476 1840 593 1885 Audi
615 1839 735 1899 quod
752 1840 962 1899 sequitur.

411 1914 534 1956 VIII.
575 1930 595 1952 «
621 1909 832 1954 Fluminis
850 1909 1038 1969 impetus
1071 1907 1296 1953 Iaetifieant
1322 1909 1542 1954 civitatem
1564 1908 1642 1953 Dei
1659 1910 1690 1952 ⁰.
1720 1928 1740 1950 »

350 1988 465 2033 Cum
486 1981 724 2027 turbantur
737 1989 905 2025 montes
917 2015 927 2035 ,
945 1994 1045 2024 cum
1061 1979 1183 2023 saevit
1201 1995 1340 2035 mare,
1360 1995 1450 2024 non
1460 1978 1745 2024 deseritDeus

351 2057 574 2102 civitatem
595 2067 717 2097 suam
740 2066 816 2111 per
837 2051 1025 2110 impetus
1043 2049 1249 2093 fluminis.
1283 2050 1367 2103 Qui
1389 2059 1491 2094 sunt
1513 2050 1583 2094 isti
1605 2051 1744 2110 impe-

353 2138 424 2172 tus
447 2123 671 2170 fluminis?
695 2120 930 2166 inundatio
946 2119 1018 2163 illa
1043 2120 1224 2179 Spiritus
1245 2119 1405 2175 saneti,
1422 2119 1477 2163 de
1495 2136 1582 2180 qua
1597 2120 1746 2164 Domi-

353 2214 437 2244 nus
459 2196 655 2240 dicebat:
683 2213 703 2235 «
730 2194 771 2238 Si
794 2192 890 2253 quis
910 2191 1017 2245 sitit,
1045 2191 1190 2235 veniat
1207 2201 1250 2235 et
1272 2191 1395 2235 bibat
1415 2210 1423 2235 :
1447 2192 1523 2251 qui
1543 2191 1679 2236 credit
1699 2191 1745 2236 in

353 2288 375 2312 >›
412 2284 503 2323 mo,
528 2265 709 2310 flumina
731 2279 856 2324 aquae
873 2263 982 2307 vivae
1004 2263 1144 2306 fluent
1166 2261 1220 2305 de
1238 2271 1388 2306 ventre
1411 2263 1502 2321 ejus
1523 2264 1553 2305 ⁷.
1583 2281 1603 2303 ³>
1628 2265 1743 2320 Ergo

352 2341 447 2384 haeo
472 2337 655 2383 flumina
686 2335 884 2379 fluebant
911 2333 966 2377 de
989 2341 1140 2377 ventre
1178 2332 1329 2387 Pauli,
1356 2333 1496 2387 Petri,
1539 2334 1743 2389 Joamfis,

352 2409 538 2454 aliorum
560 2406 896 2468 Apostolorum,
923 2403 1106 2449 aliorum
1131 2404 1504 2463 Evangelistarum
1528 2403 1740 2449 fidelitun.

402 2512 412 2528 ¹
430 2507 503 2537 Act.
525 2515 602 2545 xvii,
627 2504 677 2535 18.
696 2519 738 2525 -—
754 2501 828 2533 2121.
850 2501 985 2541 x11,28.
1006 2517 1047 2522 --
1068 2498 1081 2522 3
1101 2499 1213 2542 Philip.
1228 2511 1250 2541 1,
1268 2499 1323 2542 24.
1345 2517 1385 2522 —
1410 2498 1427 2524 ἆ
1445 2500 1525 2533 Psal.
1547 2511 1621 2543 Χιν,
1639 2509 1672 2533 2.
1698 2516 1738 2524 -—-

355 2561 371 2584 ²²
386 2560 500 2594 Matth.
519 2571 578 2602 vn,
593 2557 648 2601 2'3.
668 2576 708 2582 —
723 2557 738 2581 ὓ
758 2557 839 2590 Psal.
861 2567 932 2598 xnv,
955 2555 986 2588 5.
1003 2573 1044 2579 —
1070 2563 1082 2590 7
1100 2557 1190 2589 Joan.
1209 2567 1266 2596 vu,
1281 2555 1335 2597 37,
1352 2555 1405 2589 38.
