1841 3223
345 210 430 249 550
795 218 828 246 s.
866 217 1096 249 Aucusnm
1129 219 1312 246 Emscom

341 286 451 347 quid
470 286 576 330 mihi
595 284 751 331 faciet?
770 286 862 328 Uva
883 299 999 329 eram
1014 320 1025 339 ,
1044 284 1196 328 vinum
1211 299 1285 329 ero
1311 303 1320 330 :
1345 303 1366 328 «
1382 286 1434 329 In
1445 287 1536 330 Deo
1548 284 1732 345 speravi,

344 375 366 399 >›
402 371 492 400 non
513 355 677 400 timebo
697 355 774 415 qui
790 355 922 400 saciat
939 355 1045 399 mihi
1063 370 1178 399 caro.
1208 372 1228 395 n

401 430 522 472 VIII.
553 429 687 471 «Tota
709 425 778 470 die
792 426 924 470 verba
945 442 1041 470 mea
1069 425 1505 471 abominabantur¹.»
1521 426 1589 471 Sic
1616 435 1733 482 sunt,

338 497 491 542 nostis.
522 497 659 541 Dicite
680 497 927 552 veritatem,
949 496 1184 556 praedicate
1206 496 1453 552 veritatem,
1479 497 1736 541 annuntiate

339 569 562 614 Christum
576 569 757 625 paganis
769 603 778 622 ‚
792 568 1049 612 annuntiate
1060 568 1296 612 Ecclesiam
1306 568 1520 613 haereticis
1534 603 1544 622 ‚
1560 583 1736 612 annun-

339 641 444 685 tiate
467 640 670 685 omnibus
687 639 893 685 salutem:
917 639 1241 694 contradicunt,
1276 640 1584 684 abominantur
1604 640 1736 684 verba

338 727 450 756 mea.
467 710 550 756 Sed
559 727 659 755 cum
670 711 801 755 verba
811 726 907 754 mea
919 710 1245 764 abominantur,
1261 725 1395 770 quem
1415 719 1542 770 putas
1567 710 1736 754 abomi-

337 791 516 837 nantur,
528 782 608 826 nisi
621 797 721 826 eum
736 782 780 825 in
794 797 882 841 quo
896 780 1134 826 «Laudabo
1147 796 1366 826 sermones
1382 783 1526 826 meos?
1541 784 1649 825 Tota
1663 780 1734 825 die

338 872 361 896 »
389 854 522 897 verba
533 868 627 896 mea
641 853 1024 897 abominabantur.
1042 872 1058 894 »
1075 853 1270 898 Sufficiat
1288 852 1457 908 saltem,
1481 853 1736 896 abominen-

337 923 573 977 turverba,
606 923 715 967 nihil
739 922 851 967 ultra
887 922 1241 982 progrediantur,
1278 922 1618 983 reprehendant,
1644 938 1736 967 res-

334 1002 491 1055 puant.
517 993 833 1054 Absit.thuid
859 993 1000 1038 dicam
1015 995 1125 1038 hoc?
1139 993 1327 1047 Quando
1354 994 1487 1038 verba
1506 1003 1733 1054 respuunt,

335 1065 515 1125 quando
537 1065 670 1109 verba
684 1065 1010 1120 abominantur,
1027 1081 1126 1125 quae
1147 1065 1277 1109 verba
1311 1065 1366 1108 de
1395 1064 1516 1109 fonte
1545 1065 1737 1109 veritatis

334 1144 556 1189 emanant,
583 1135 691 1196 quid
723 1134 884 1180 faciant
918 1135 980 1179 illi
1000 1151 1076 1195 per
1107 1135 1486 1196 quemverbaipsa
1499 1135 1737 1180 dicuntur?

337 1206 472 1261 Quid,
485 1207 563 1250 nisi
577 1205 697 1266 quod
710 1206 928 1266 sequitur:
950 1206 1226 1251 «Adversum
1244 1222 1313 1250 me
1323 1207 1465 1250 omnia
1475 1206 1653 1251 consilia
1667 1221 1739 1251 eo-

338 1295 359 1319 »
379 1277 529 1322 rumin
538 1277 732 1322 malum?
746 1297 764 1319 »
782 1278 823 1322 Si
838 1292 996 1337 panem
1008 1279 1150 1337 ipsum
1163 1278 1490 1333 abominantur,
1507 1277 1736 1322 vasculoin

333 1364 423 1409 quo
437 1349 706 1393 ministratur
719 1349 943 1409 quomodo
961 1359 1147 1409 parcunt
1164 1351 1182 1393 Ρ
1206 1369 1225 1391 «
1248 1349 1492 1393 Adversum
1507 1364 1576 1392 me
1590 1349 1736 1393 omnia

339 1437 360 1460 »
396 1418 573 1463 consilia
587 1434 739 1463 eorum
757 1419 802 1462 iu
820 1419 999 1464 malum.
1021 1438 1042 1460 »
1062 1420 1104 1464 Si
1120 1420 1177 1463 sic
1196 1428 1239 1463 et
1260 1420 1305 1462 in
1321 1420 1462 1479 ipsum
1482 1419 1733 1474 Dominum,

335 1505 428 1534 non
450 1489 715 1548 dedignetur
736 1505 841 1548 ergo
864 1506 1021 1549 corpus
1044 1489 1166 1550 quod
1191 1491 1410 1549 praecessit
1431 1490 1477 1534 in
1498 1490 1661 1549 capite,
1688 1499 1738 1534 ut

336 1576 495 1620 corpus
517 1561 680 1604 haereat
699 1560 845 1620 capiti.
890 1562 1180 1620 Contemptus
1202 1569 1266 1604 est
1296 1560 1509 1604 Dominus
1536 1569 1662 1615 tuus,
1695 1570 1738 1605 et

335 1639 386 1674 tu
408 1639 450 1674 te
468 1631 673 1675 honorari
694 1631 758 1675 vis
779 1632 833 1674 ab
863 1631 921 1675 eis
949 1631 1024 1691 qui
1059 1630 1190 1689 longe
1223 1629 1327 1675 sacti
1357 1639 1459 1674 sunt
1496 1646 1520 1674 a
1549 1630 1738 1675 sanctis?

334 1696 434 1746 Noli
454 1701 536 1745 tibi
558 1716 758 1759 arrogare
781 1700 893 1745 velle
915 1699 1038 1761 quod
1059 1701 1103 1745 in
1131 1701 1208 1745 illo
1244 1716 1335 1745 non
1367 1700 1600 1760 praecessit.
1639 1703 1737 1746 Non

340 1781 404 1816 est
436 1771 674 1831 discipulus
698 1773 834 1832 major
860 1772 1066 1830 magistro
1091 1787 1194 1826 suo,
1227 1787 1317 1815 non
1349 1781 1413 1816 est
1434 1786 1579 1815 servus
1601 1772 1738 1832 major

339 1842 519 1887 domino
541 1846 673 1887 suo2.
703 1843 743 1887 Si
769 1851 937 1901 patrem
961 1841 1146 1886 familias
1173 1841 1417 1886 Beelzebub
1439 1853 1733 1898 vocaverunt,

335 1922 504 1974 quanto
538 1913 674 1972 magis
708 1912 967 1956 domesticos
1005 1913 1127 1972 ejus?
1160 1931 1180 1955 «
1211 1912 1453 1956 Adversum
1487 1928 1558 1957 me
1591 1913 1736 1957 omnia

340 2000 363 2024 »
398 1983 575 2027 consilia
599 1998 747 2027 eorum
770 1982 815 2025 in
841 1981 1018 2025 malum.
1049 2000 1069 2022 »

395 2056 473 2098 IX.
515 2074 534 2096 «
569 2053 769 2098 Incolent
788 2062 831 2097 et
853 2053 1170 2097 abscondent?
1196 2071 1216 2093 »
1244 2053 1441 2098 Ineolere
1467 2054 1735 2113 peregrinari

334 2134 413 2170 est.
438 2124 600 2170 Incolae
628 2124 838 2169 dicuntur
860 2125 936 2185 qui
958 2125 1160 2169 habitant
1183 2125 1228 2168 iu
1246 2125 1384 2184 patria
1407 2141 1498 2169 non
1521 2141 1612 2169 sua.
1633 2127 1737 2169 Om-

335 2197 402 2241 nis
430 2197 564 2242 homo
598 2197 644 2240 in
666 2197 746 2241 hae
768 2197 855 2240 vita
879 2196 1130 2255 peregrinus
1154 2206 1216 2240 est
1250 2216 1258 2240 ε
1289 2197 1334 2240 in
1358 2213 1446 2256 qua
1467 2197 1555 2241 vita
1579 2196 1735 2241 videtis

336 2268 438 2328 quia
461 2283 591 2312 carne
616 2267 972 2326 circumtegimur
992 2302 1002 2321 ,
1040 2282 1117 2325 per
1139 2282 1272 2327 quam
1295 2283 1472 2311 carnem
1494 2283 1569 2312 cor
1597 2267 1735 2311 videri

336 2354 427 2383 non
458 2348 616 2398 potest.
659 2339 763 2383 Ideo
786 2338 1020 2398 Apostolus
1043 2337 1148 2382 dicit
1172 2357 1180 2382 ε
1220 2338 1403 2383 «Nolite
1439 2348 1539 2382 ante
1562 2348 1735 2398 tempus

342 2427 363 2450 »
399 2409 638 2469 quidquam
678 2409 875 2469 judicare
898 2445 908 2464 ,
954 2408 1242 2469 quoadusque
1283 2410 1430 2453 veniat
1481 2409 1693 2458 Dominus
1719 2445 1730 2465 ,

340 2497 362 2521 n
397 2489 440 2525 et
467 2479 734 2525 illuminabit
763 2479 1016 2525 abscondita
1040 2480 1348 2534 tenebrarum,
1375 2489 1419 2525 et
1435 2480 1733 2525 manifestabit

390 2572 397 2587 ¹
421 2566 498 2597 psat.
521 2578 574 2605 tv,
593 2556 684 2597 6³-
701 2574 713 2588 ²
734 2566 846 2597 Mariti.
865 2577 897 2606 x,
924 2566 978 2605 24,
998 2566 1051 2598 25.
1080 2583 1117 2588 —
1137 2564 1149 2587 3
1171 2566 1250 2598 Psal.
1271 2577 1322 2607 riv,
1344 2577 1375 2608 7.
