1841 3223
185 245 426 275 ENARRATLO
457 247 508 272 111
539 246 584 274 m
616 242 820 273 PSALMUM
851 244 1011 281 xxxv1,
1046 240 1172 269 SERM.
1207 241 1274 268 111.
1341 229 1424 269 115

49 328 204 358 manus
224 313 362 369 impii,
381 320 504 370 capta
521 319 635 354 terra
651 309 824 369 spiritus
841 306 1000 365 evadit·⁷
1023 307 1174 367 spiritu
1197 304 1423 362 evadente,

50 391 95 427 et
122 392 235 427 terra
272 390 478 439 resurget.
507 380 688 439 Spiritus
716 389 910 423 mutatur
947 378 1001 422 ad
1022 377 1280 431 Dominum,
1314 385 1428 420 terra

49 453 291 497 mutabitur
304 451 350 495 in
367 450 546 495 eoelum.
570 452 668 495 Non
685 448 800 492 enim
813 447 980 507 aliquid
992 447 1047 492 de
1063 449 1154 507 ipsa
1169 458 1279 491 terra
1299 446 1427 506 perit,
1446 475 1449 478 -

5 573 9 576 Δ
49 538 149 584 quae
172 521 226 567 ad
248 532 417 582 tempus
438 519 625 565 traditur
646 519 692 564 in
710 534 861 581 manus
888 518 1010 577 impii
1034 537 1044 563 ε
1067 517 1261 578 «Capilli
1281 516 1432 577 capitis

52 611 74 635 »
108 593 239 639 vestri
259 592 475 637 numerati
491 599 594 636 sunt
607 593 667 635 1.»
693 593 809 649 Ergo
827 597 891 633 est
912 589 1139 643 securitas,
1160 587 1236 633 sed
1256 588 1291 632 si
1314 588 1432 632 intus

50 664 104 707 sit
124 666 252 708 Deus.
289 663 333 708 Si
361 671 507 706 autem
530 659 770 721 expellatur
790 657 1014 714 diabolus,
1037 658 1281 702 admittitur
1298 661 1429 703 Deus.

55 753 76 777 «
110 734 321 779 Dominus
342 743 487 777 autem
514 747 604 777 non
628 731 903 790 derelinquet
923 745 1025 774 eum
1044 729 1091 773 in
1105 729 1305 773 manibus
1322 729 1429 789 ejus.

55 822 75 846 »
110 806 199 850 Nec
219 803 447 848 damnabit
468 817 568 847 eum
584 837 595 858 ‚
621 817 722 846 cum
733 800 1004 861 judicabitur
1023 799 1103 844 illi.
1127 818 1147 841 »
1169 799 1344 844 Habent
1360 797 1436 843 ali-

52 890 136 935 qua
161 873 444 934 exemplaria:
464 875 557 917 «Et
577 887 675 916 eum
692 871 908 932 judicabit
925 865 1022 915 eum
1037 905 1048 926 ,
1068 869 1337 930 judicabitur
1352 867 1435 912 illi.

56 964 77 988 »
112 945 211 990 Illi»
236 954 381 989 autem
409 944 577 989 dictum
599 954 683 999 est,
708 959 807 988 eum
827 942 1043 1004 judicium
1064 943 1114 986 fit
1130 941 1185 986 de
1205 941 1296 986 illo.
1332 945 1439 986 Pos-

53 1032 201 1061 sumus
215 1016 332 1060 enim
354 1016 412 1060 sic
427 1015 552 1075 'loqui
569 1024 618 1058 ut
635 1015 828 1059 dicamus
849 1014 1014 1058 homini
1031 1032 1040 1058 ;
1065 1016 1089 1057 J
1097 1013 1221 1057 udiea
1241 1011 1376 1068 mihi,
1395 1011 1441 1057 id

55 1096 119 1131 est
135 1121 147 1140 ,
183 1086 286 1130 audi
307 1100 480 1130 causam
501 1100 658 1129 meam.
680 1087 792 1129 Cum
816 1100 919 1142 ergo
946 1084 1131 1143 coeperit
1162 1081 1313 1127 audire
1341 1098 1441 1126 cau-

53 1172 144 1202 sam
165 1157 272 1217 justi
308 1155 374 1200 sui
397 1159 509 1200 Deus
535 1174 544 1199 :
582 1173 599 1195 «
626 1155 839 1207 Quoniam
867 1162 1040 1213 oportet
1069 1169 1217 1198 omnes
1246 1152 1440 1196 exhiberi

57 1246 78 1270 »
113 1237 214 1272 ante
242 1225 434 1272 'tribunal
455 1225 636 1281 Christi,
667 1235 709 1269 et
733 1235 844 1270 stare
862 1260 872 1280 ,
905 1234 954 1269 ut
988 1224 1076 1269 iflic
1100 1224 1279 1284 recipiat
1301 1239 1440 1268 unus-

57 1318 78 1342 »
113 1299 300 1360 quisque
321 1314 420 1360 quae
441 1313 519 1358 per
552 1313 708 1357 corpus
727 1298 875 1356 gessit,
912 1297 999 1342 sive
1027 1297 1216 1351 bonum,
1242 1296 1331 1340 sive
1352 1308 1441 1339 ma-

61 1391 79 1413 »
113 1371 231 1416 lum2
259 1390 268 1416 2
288 1390 307 1414 »
333 1370 511 1432 quando
533 1385 634 1429 ergo
656 1379 835 1414 ventum
852 1368 985 1413 fuerit
1006 1369 1060 1413 ad
1077 1367 1188 1412 illud
1204 1367 1440 1428 judicium,

55 1458 145 1488 non
170 1457 269 1487 eum
293 1441 542 1496 damnabit,
568 1441 647 1485 etsi
670 1439 723 1485 ad
747 1449 918 1500 tenipus
943 1439 1143 1484 videatur
1165 1437 1362 1483 damnari
1384 1438 1440 1483 ab

55 1514 248 1558 homine.
275 1513 366 1558 Etsi
399 1512 508 1557 dixit
529 1512 787 1557 sententiam
813 1509 1047 1570 proconsul
1069 1510 1114 1554 in
1131 1510 1404 1570 Cyprianum
1427 1527 1438 1554 ε

57 1583 139 1630 alia
168 1594 232 1629 est
261 1583 365 1629 sella
387 1593 582 1639 terrena,
612 1582 733 1628 aliud
760 1581 953 1626 tribunal
973 1581 1187 1626 coelorum
1213 1600 1223 1626 :
1249 1582 1304 1625 ab
1327 1580 1443 1626 infe·-

56 1655 168 1700 riore
185 1655 350 1714 accepit
365 1654 624 1699 sententiam
636 1687 648 1708 ,
673 1670 696 1697 a
714 1652 935 1712 superiore
950 1667 1171 1697 coronam.
1196 1654 1314 1698 «Nec
1326 1652 1446 1697 dam-

61 1745 80 1768 »
116 1726 239 1770 nabit
261 1739 363 1768 eum
378 1758 390 1779 ,
414 1739 515 1768 cum
531 1722 800 1784 judicabitur
820 1721 899 1766 illi.
927 1740 948 1764 ι)

115 1799 237 1841 XIV.
274 1793 358 1840 Sed
379 1794 556 1855 quando
577 1793 683 1838 erit?
704 1793 801 1838 Noli
828 1791 960 1838 modo
982 1801 1136 1852 putare
1154 1809 1166 1837 .·
1186 1802 1358 1853 tempus
1374 1791 1442 1838 la-

58 1867 173 1912 boris
205 1875 293 1921 est,
327 1874 498 1925 tempus
526 1864 699 1909 seminis
727 1873 812 1919 est,
848 1872 1019 1924 tempus
1040 1863 1209 1921 frigoris
1232 1873 1293 1908 est
1324 1883 1334 1909 ε
1364 1865 1444 1909 etsi

58 1939 169 1983 inter
188 1945 340 1983 ventos
358 1971 369 1991 ,
394 1936 473 1980 etsi
496 1935 610 1980 inter
625 1934 817 1995 pluvias,
842 1934 1028 1993 semina,
1058 1933 1150 1979 noli
1177 1950 1268 1978 esse
1290 1934 1410 1995 piger
1430 1953 1441 1981 :

60 2018 181 2054 aestas
215 2008 360 2054 veniet
383 2023 483 2069 quae
505 2016 548 2050 te
574 2006 788 2061 laetificet,
820 2005 866 2049 in
897 2021 983 2066 qua
1019 2015 1063 2049 te
1098 2004 1284 2064 gaudeas
1317 2006 1446 2051 semi-

59 2094 197 2124 nasse.
229 2079 344 2132 Quid
365 2093 468 2136 ergo
491 2076 601 2121 facio
622 2076 780 2120 modo?
808 2093 829 2118 «
846 2078 1039 2136 Expecta
1053 2075 1312 2134 [Dominum.
1336 2093 1357 2118 n
1387 2078 1445 2121 Et

60 2165 162 2196 cum
192 2158 393 2210 expecto,
426 2147 534 2208 quid
564 2149 673 2205 ago?
698 2149 792 2191 «Et
815 2146 985 2191 custodi
1009 2146 1098 2191 vias
1129 2147 1278 2207 ejus.»
1313 2149 1372 2192 Et
1410 2147 1446 2191 si

60 2219 306 2266 custodiero
317 2254 329 2275 ,
349 2218 458 2280 quid
475 2217 670 2278 accipio?
695 2220 790 2261 «Et
810 2215 1016 2260 exaltabit
1036 2225 1079 2260 te
1094 2250 1106 2272 ,
1124 2225 1175 2261 ut
1191 2216 1446 2262 haereditate

66 2311 86 2335 »
119 2290 337 2352 possideas
357 2290 558 2334 terramss.
589 2309 606 2330 »
633 2291 775 2342 Quam
806 2290 990 2332 terram?
1021 2291 1183 2331 Iterum
1216 2302 1272 2331 ne
1300 2286 1447 2348 aliqua

61 2361 164 2408 villa
185 2370 383 2407 occurrat
392 2361 537 2405 animo
560 2380 569 2405 z
586 2359 706 2404 illam
726 2359 780 2404 de
801 2375 888 2420 qua
909 2358 1069 2403 dicitur
1094 2377 1104 2403 z
1127 2377 1149 2401 «
1169 2358 1342 2414 Venite,
1362 2359 1444 2403 be-

66 2453 87 2478 »
122 2433 284 2479 nedicti
304 2432 441 2478 Patris
458 2432 570 2487 mei,
593 2431 802 2491 percipite
820 2445 1000 2489 regnum
1028 2429 1149 2490 quod
1175 2428 1297 2473 vobis
1318 2445 1447 2490 para-

67 2522 89 2547 »
125 2513 218 2549 tum
231 2513 296 2548 est
311 2505 366 2548 ab
387 2503 511 2547 initio
526 2501 681 2546 mundi
697 2503 758 2545 4.»
779 2500 897 2554 Quid
915 2500 970 2544 de
992 2499 1076 2545 illis
1097 2499 1174 2560 qui
1194 2514 1271 2544 nos
1291 2514 1448 2560 angus-

114 2596 122 2612 ¹
145 2589 370 2630 Mattl1.x,30.
386 2605 426 2610 -
447 2594 459 2610 ²
475 2598 495 2619 2
512 2589 583 2621 Cor.
603 2597 638 2627 v,
651 2597 701 2618 10.
717 2601 759 2608 —-
773 2584 874 2617 3PsaL
895 2594 1004 2625 xxxvt,
1024 2582 1076 2625 34.
1092 2600 1131 2607 -—
1147 2581 1289 2617 4Matth.
1302 2594 1378 2626 xxv,
1390 2583 1443 2627 34.

1220 2637 1258 2676 8.
