1841 3223
220 238 462 269 ENAnnAtrm
494 243 527 269 11
559 243 604 270 IN
636 240 838 271 PsALMUM
871 243 1036 281 xxxv1,
1071 241 1197 270 SERM.
1235 245 1282 270 11.
1390 233 1441 271 71

63 308 214 367 lingua
234 316 395 364 nostra,
411 323 512 352 cum
528 307 668 354 cordis
685 310 821 353 nostri
837 309 1062 369 negotium
1085 324 1253 369 semper
1269 309 1374 365 sitis7
1394 310 1447 354 si-

64 388 191 424 cutet
202 392 281 429 nos
293 378 914 424 vestri.Commendaveramus
927 389 1069 426 autem
1079 381 1169 441 jam
1178 379 1448 426 voluntatem

63 450 142 494 Dei
163 450 209 493 in
226 451 305 494 isto
325 449 510 505 Psalmo,
531 449 640 510 quid
654 465 731 495 nos
743 450 847 495 velit
859 450 1015 496 docere
1028 488 1039 506 ‚
1065 450 1173 512 quid
1195 452 1458 508 admonere,-

63 530 213 566 contra
226 520 334 582 quid
350 529 497 565 cantos
518 536 633 576 esse,
659 530 702 565 et
717 520 825 582 quid
848 521 1030 565 tolerare
1042 557 1053 577 ,
1070 531 1114 566 et
1134 521 1241 583 quid
1258 538 1445 582 sperare.

63 595 160 637 Duo
182 593 297 636 enim
319 607 476 651 genera
503 593 731 636 hominum
751 627 762 647 ,
781 593 999 652 justorum
1023 602 1067 637 et
1100 594 1379 654 iniquorum,
1403 595 1449 640 in

62 663 144 708 hac
166 671 279 707 terra
305 672 348 707 et
377 663 423 706 in
451 663 533 707 hac
559 664 648 708 vita
681 663 913 707 commixta
934 673 1050 707 sunt.
1080 664 1257 708 Habent
1280 665 1450 724 singula

61 733 141 778 ista
164 748 320 793 genera
341 734 540 794 proprias
565 734 827 779 intentiones
859 733 996 778 cordis
1030 735 1111 778 sui.
1143 736 1290 780 Genus
1307 737 1451 795 justo-

62 820 159 849 rum
177 814 364 862 conatur
380 805 424 850 in
437 805 638 851 sublimia
656 821 733 865 per
753 805 1045 850 humilitatem
1072 825 1080 851 :
1115 821 1251 865 genus
1272 807 1450 867 iniquo-

61 891 159 921 rum
183 876 488 936 praeponderat
515 877 570 925 ad
602 877 806 921 inferiora
828 892 905 936 per
937 876 1185 921 elationem.
1212 879 1306 922 Hoc
1333 878 1451 923 enim

60 962 105 992 se
123 946 327 1007 deprimit
343 956 394 991 ut
414 959 562 1006 surgat
578 983 589 1004 ,
620 947 730 992 illud
748 964 791 992 se
816 947 984 993 extollit
1005 957 1055 992 ut
1085 947 1225 992 cadat.
1251 951 1315 993 Ex
1332 964 1383 994 eo
1402 950 1451 995 fit

59 1027 111 1063 ut
132 1030 270 1062 unum
285 1033 421 1077 genus
443 1017 614 1074 toleret,
639 1018 824 1063 alterum
839 1018 1070 1076 toleretur3
1088 1019 1450 1081 propositumque

60 1089 114 1134 sit
141 1089 266 1149 justis
283 1088 398 1149 ipsos
429 1089 560 1133 etiam
586 1089 760 1150 iniquos
792 1090 837 1133 in
856 1090 986 1134 vitam
1031 1099 1237 1134 {eternam
1266 1089 1447 1146 lucrari,

60 1160 333 1222 propositum
354 1169 501 1205 autem
523 1161 683 1221 iniquis
701 1159 883 1205 reddere
905 1160 1018 1205 mala
1041 1177 1118 1221 pro
1138 1160 1263 1205 bonis
1277 1196 1289 1217 ‚
1315 1170 1358 1206 et
1379 1177 1451 1207 eos

60 1233 136 1294 qui
158 1232 239 1276 sibi
264 1232 399 1277 vitam
421 1240 629 1276 aeternam
650 1231 827 1287 volunt,
849 1233 882 1276 si
903 1232 995 1276 fieri
1019 1241 1160 1292 potest
1175 1267 1186 1288 ,
1208 1232 1338 1276 etiam
1362 1234 1449 1279 vita

60 1302 287 1363 temporali
308 1303 489 1362 privare.
519 1306 650 1362 AEgre
672 1303 788 1347 enim
807 1302 910 1359 fert,
937 1313 980 1348 et
998 1304 1183 1363 injustus
1200 1304 1385 1363 justum,
1408 1314 1452 1348 et

53 1375 414 1436 justusinjustum
433 1395 441 1420 ;
459 1375 580 1420 oneri
593 1375 676 1419 sibi
689 1378 950 1421 sunt.Nemo
963 1375 1137 1419 dubitat
1150 1374 1347 1435 quodisti
1360 1374 1449 1420 duo

52 1445 319 1490 -alterutnum
341 1446 422 1490 sibi
446 1446 568 1491 oneri
587 1456 688 1490 sunt
702 1481 714 1502 ‚
735 1445 810 1490 sed
824 1445 1001 1491 diversis
1018 1445 1351 1490 intentionibus.
1380 1446 1450 1490 Ad

57 1517 142 1562 hoc
157 1517 271 1561 enim
284 1518 428 1579 justus
449 1517 609 1577 injusto
634 1517 755 1562 oneri
776 1527 855 1573 est,
876 1517 978 1578 quia
1001 1518 1212 1577 injustum
1235 1532 1336 1561 eum
1360 1532 1453 1561 esse

57 1603 148 1633 non
160 1587 278 1644 vult,
296 1587 372 1632 sed
393 1589 669 1649 eumjus‘tum
687 1588 802 1643 fieri,
828 1598 871 1632 et
897 1597 1018 1648 optat
1044 1588 1176 1642 votis,
1201 1597 1244 1631 et
1265 1596 1452 1632 conatur

56 1659 182 1704 factis
203 1679 211 1704 :
237 1659 426 1720 injustus
444 1669 589 1703 autem
611 1659 670 1703 sic
688 1659 780 1704 odit
795 1660 963 1719 justum
980 1694 990 1714 ‚
1016 1668 1066 1703 ut
1087 1658 1198 1703 nolit
1211 1673 1312 1702 eum
1334 1673 1446 1714 esse,

57 1746 146 1775 non
168 1740 219 1775 ut
239 1730 407 1775 bonum
434 1729 539 1774 velit
570 1745 673 1774 esse.
705 1733 881 1783 Quanto
903 1729 1019 1773 enim
1047 1730 1188 1772 bonus
1211 1738 1296 1784 est,
1328 1738 1451 1773 tanto

56 1802 190 1860 magis
214 1801 336 1846 oneri
357 1811 421 1845 est
442 1800 661 1861 iniquitati
676 1800 806 1845 illius.
824 1799 1059 1844 Etlaborat
1082 1799 1258 1859 quidem
1277 1835 1287 1854 ‚
1308 1800 1341 1843 si
1357 1800 1450 1843 fieri

57 1881 223 1933 potest,
250 1882 300 1917 ut
322 1887 421 1916 eum
449 1872 660 1932 injustum
685 1871 841 1929 saciat3
865 1871 899 1915 si
922 1880 1069 1915 autem
1092 1886 1180 1915 non
1203 1879 1372 1930 potest,
1394 1870 1449 1915 de

57 1943 202 1989 medio
235 1942 360 1988 tollat
376 1978 387 1998 ‚
422 1952 467 1987 et
486 1959 509 1987 a
537 1958 616 1987 suo
640 1943 770 1987 taedio
799 1942 1083 2002 molestiaque
1106 1951 1340 1986 removeat.
1365 1941 1450 1987 Sed

57 2024 102 2059 et
136 2015 171 2059 si
200 2030 300 2058 eum
331 2012 484 2058 fecerit
518 2014 755 2073 injustum,
791 2013 1075 2058 nihilominus
1105 2013 1226 2058 oneri
1259 2012 1321 2056 illi
1350 2015 1445 2058 erit.

57 2088 154 2132 Non
177 2085 293 2129 enim
302 2086 445 2146 justus
459 2094 631 2129 tantum
652 2086 814 2145 injusto
838 2086 959 2130 oneri
982 2095 1068 2138 est,
1093 2083 1168 2129 sed
1191 2094 1234 2128 et
1265 2084 1354 2129 duo
1383 2084 1452 2128 in-

53 2157 161 2218 justi
182 2156 250 2201 vix
272 2171 316 2200 se
338 2156 566 2215 patiuntur
593 2174 601 2200 :
627 2165 668 2200 et
682 2156 800 2216 quod
824 2171 867 2200 se
879 2156 1084 2201 videntur
1097 2156 1277 2215 diligere
1293 2191 1304 2212 ‚
1330 2171 1451 2200 cons-

56 2226 364 2271 cientiam'sibi
381 2225 567 2282 debent,
594 2242 684 2271 non
706 2227 956 2271 amicitiam.
985 2230 1108 2272 Tunc
1131 2236 1279 2271 autem
1303 2241 1450 2271 seeum

57 2298 349 2353 concordant,
375 2298 553 2359 quando
576 2297 621 2342 in
651 2298 888 2358 perniciem
911 2299 1017 2359 justi
1050 2298 1329 2358 conspirant,
1358 2313 1450 2342 non

58 2370 162 2430 quia
184 2384 228 2414 se
262 2378 434 2425 amant,
470 2370 547 2413 sed
575 2369 679 2430 quia
701 2384 801 2413 eum
829 2369 906 2429 qui
936 2369 1146 2413 amandus
1189 2378 1280 2413 erat
1319 2368 1452 2413 simul

59 2442 262 2486 oderunt.
282 2443 444 2487 Contra
466 2441 549 2486 hoc
571 2455 706 2499 genus
729 2441 957 2485 hominum
980 2440 1132 2484 indicit
1153 2440 1279 2484 nobis
1299 2440 1451 2485 Domi-

59 2528 142 2556 nus
158 2515 272 2556 Deus
299 2522 445 2557 noster
461 2510 735 2556 tolerantiam
755 2520 798 2555 et
819 2511 1024 2555 affectum
1050 2510 1175 2555 illum
1199 2511 1419 2556 charitatis
1435 2545 1446 2566 ‚

59 2597 191 2642 quem
206 2582 406 2628 novimus
428 2582 474 2627 in
504 2581 769 2642 Evangelio,
798 2581 1077 2641 praecipiente
1098 2581 1225 2628 nobis
1261 2581 1447 2628 Domino
