1841 3223
370 220 452 261 154
811 232 845 258 s‚
879 228 1109 258 Aueusnm
1145 231 1326 259 EPiseort

371 318 391 340 «
417 301 572 341 Beatus
606 296 682 357 qui
711 303 855 339 narrat
878 295 1061 339 verbum
1091 295 1184 340 auri
1215 296 1434 340 audientil
1453 331 1464 351 ,
1491 313 1512 337 »
1539 311 1630 340 non
1665 295 1758 339 auri

367 369 602 430 peccatoris
623 367 798 411 astantis
817 367 1045 411 adversum
1069 384 1127 412 sc.
1147 367 1268 414 Tales
1292 368 1407 412 enim
1429 367 1555 412 multi
1575 367 1757 412 circum-

366 440 540 486 stabant
562 448 605 482 ct
626 436 1064 491 circumfremebant,
1095 458 1115 480 α
1136 438 1323 491 Quando
1350 437 1420 482 ille
1443 436 1563 482 velut
1591 437 1680 481 ovis
1703 435 1759 481 ad

370 530 389 552 >›
415 507 731 553 immolandum
749 507 905 552 ductus
925 518 1010 555 est.
1032 517 1076 552 ct
1097 509 1209 552 sicut
1225 524 1363 567 agnus
1381 523 1525 553 coram
1550 507 1759 552 tondente

370 598 391 622 »
412 579 502 623 sine
525 594 652 634 voce,
681 579 740 622 sic
763 594 852 623 non
877 579 1047 638 aperuit
1064 595 1109 623 os
1132 594 1260 623 suum
1270 582 1302 622 ¹².
1326 598 1346 620 >›
1369 578 1483 632 Quid
1505 578 1621 622 enim
1644 577 1762 622 dicas

371 650 579 709 turgidis,
605 649 815 706 turbidis,
842 650 1134 705 calumniosis,
1152 650 1346 707 litigiosis
1365 685 1376 705 ,
1400 649 1623 693 verbosis?
1645 648 1763 702 Quid

366 722 483 766 dicas
515 730 712 766 sanctum
736 730 779 765 et
813 722 934 781 pium
952 756 963 775 ,
989 730 1032 764 et
1064 720 1119 764 de
1146 719 1355 779 religione
1386 719 1629 764 transiliens
1652 730 1724 764 eos
1750 738 1760 764 ι

366 794 545 855 quando
569 793 671 852 ipsis
704 791 892 836 libenter
922 791 1224 846 audientibus,
1256 791 1422 836 discere
1456 791 1760 850 cupientibus,

366 864 556 911 veritatis
574 863 673 908 cibo
695 863 981 917 inhiantibus,
1003 862 1128 907 avide
1142 862 1472 922 accipientibus,
1490 871 1534 906 et
1553 862 1765 907 Dominus

367 936 427 980 ait
451 955 460 980 ;
489 954 510 977 «
535 933 693 979 Adhuc
715 932 853 977 multa
872 934 1014 977 habeo
1034 933 1159 978 vobis
1181 933 1326 978 dicere
1342 969 1353 989 ,
1380 934 1457 977 sed
1477 948 1567 977 non
1588 933 1765 993 potestis

371 1025 391 1049 »
414 1005 488 1050 illa
506 1014 678 1064 portare
696 1004 889 1049 modoss?
920 1024 939 1046 »
963 1006 1021 1049 Et
1043 1003 1277 1065 Apostolus
1293 1040 1304 1060 ,
1335 1023 1356 1047 ι(
1380 1007 1478 1050 Non
1499 1005 1620 1064 potui
1640 1004 1763 1050 vobis

372 1096 393 1120 »
428 1077 549 1137 loqui
572 1077 695 1137 quasi
737 1076 1026 1136 spiritalibus,
1061 1076 1134 1120 sed
1168 1077 1291 1136 quasi
1320 1076 1567 1121 carnalibus
1594 1096 1602 1122 :
1636 1091 1767 1121 «non

367 1157 515 1194 tamen
533 1145 811 1207 desperandis
828 1183 838 1202 ,
855 1146 931 1191 sed
946 1147 1204 1191 nutriendis.
1224 1147 1429 1208 Sequitur
1441 1147 1557 1191 enim
1575 1182 1586 1202 ,
1616 1166 1636 1189 «
1659 1150 1769 1191 Tan-

371 1239 391 1264 »
418 1235 551 1281 quam
581 1218 770 1280 parvulis
803 1219 851 1264 in
882 1219 1056 1265 Christo
1088 1218 1153 1263 lac
1179 1219 1302 1264 vobis
1332 1229 1486 1279 potum
1518 1218 1647 1274 dedi,
1678 1234 1769 1263 non

371 1311 392 1334 »
413 1307 552 1336 escam
572 1327 582 1346 ,
619 1291 819 1336 nondum
855 1291 972 1335 enim
994 1292 1256 1351 poteratis.»
1293 1294 1409 1349 Ergo
1442 1290 1512 1335 vel
1540 1306 1658 1335 nunc
1679 1289 1764 1335 dic.

374 1383 394 1406 α
421 1363 504 1409 Sed
527 1379 670 1424 neque
685 1363 829 1408 adhuc
848 1362 1028 1424 quidem
1042 1363 1222 1423 potestis
1236 1364 1269 1408 4.
1286 1381 1306 1403 >›
1326 1362 1424 1408 Noli
1439 1378 1542 1421 ergo
1566 1362 1769 1406 festinare

371 1435 521 1480 audire
538 1434 660 1496 quod
686 1451 776 1479 non
791 1437 906 1495 capis
919 1470 929 1489 ,
946 1434 1022 1479 sed
1044 1450 1186 1479 cresce
1203 1443 1254 1478 ut
1269 1434 1426 1494 capias.
1451 1434 1518 1478 Sic
1537 1432 1771 1494 parvulum

374 1505 668 1566 alloquimur,
704 1506 750 1550 in
779 1506 876 1550 sinu
899 1505 1047 1550 matris
1078 1505 1283 1550 Ecclesiae
1315 1506 1389 1564 pio
1419 1503 1531 1548 lacte
1567 1504 1769 1548 nutrien-

375 1577 483 1622 dum
510 1587 554 1622 et
576 1577 630 1621 ad
653 1593 793 1621 escam
816 1592 977 1621 mensae
1010 1577 1247 1622 Dominicae
1271 1576 1478 1621 idoneum
1502 1575 1767 1620 faciendum.

374 1649 494 1703 Quid
529 1657 676 1692 autem
718 1647 787 1692 vel
821 1647 906 1692 tale
937 1647 1078 1692 dicam
1113 1647 1330 1707 peccatori
1371 1646 1529 1690 astanti
1569 1645 1772 1691 adversus

375 1735 468 1775 me,
512 1719 722 1763 idoneum
750 1733 794 1762 se
819 1718 993 1778 putanti
1028 1728 1103 1762 aut
1135 1719 1316 1776 fingenti
1335 1753 1346 1773 ,
1381 1717 1437 1761 ad
1469 1732 1518 1760 ea
1549 1733 1649 1777 quae
1682 1732 1772 1761 non

376 1791 525 1850 capit:
561 1799 612 1834 ut
653 1804 754 1833 cum
788 1788 827 1832 ei
862 1788 1032 1843 dixero,
1072 1797 1115 1832 et
1148 1787 1220 1832 ille
1258 1804 1348 1832 non
1378 1788 1566 1847 ceperit,
1604 1803 1694 1831 non
1727 1802 1772 1832 se

376 1870 502 1922 putet
529 1877 619 1904 non
648 1860 831 1920 cepisse,
868 1858 944 1903 sed
967 1874 1035 1903 me
1061 1857 1298 1903 defecisse?
1320 1862 1436 1916 Ergo
1457 1868 1634 1918 propter
1652 1859 1771 1903 hunc

375 1941 650 1992 peccatorem
685 1939 899 1975 astantem
930 1928 1132 1975 adversus
1150 1945 1242 1985 me,
1273 1949 1294 1972 α
1318 1930 1449 1974 Posui
1469 1930 1533 1975 ori
1551 1944 1648 1974 meo
1671 1945 1772 1974 cus-

381 2023 402 2047 »
424 2004 606 2049 todiam.
631 2021 651 2044 »

441 2077 516 2119 IV.
544 2077 601 2118 Et
635 2073 743 2134 quid
770 2082 969 2118 secutum
1002 2075 1092 2117 est?
1123 2092 1143 2115 ι(
1167 2071 1411 2127 Obsurdui,
1445 2081 1489 2116 et
1517 2071 1773 2117 humiliatus

381 2165 402 2190 >›
428 2162 524 2191 sum
540 2182 551 2201 ,
572 2155 615 2190 et
635 2143 733 2189 silui
755 2161 779 2189 a
802 2144 926 2189 bonis
941 2147 972 2188 ⁵.
997 2163 1017 2186 »
1046 2144 1214 2188 Patitur
1231 2144 1347 2188 enim
1375 2143 1679 2188 difficultatem
1693 2143 1773 2188 iste

381 2217 624 2263 transiliens
637 2217 682 2260 in
700 2215 893 2277 quodam
912 2215 1065 2275 gradu,
1087 2231 1174 2276 quo
1182 2217 1270 2275 jam
1288 2214 1541 2273 transilivit,
1556 2224 1599 2259 et
1617 2214 1775 2275 quaerit

382 2299 428 2334 et
443 2288 547 2332 inde
568 2287 797 2342 transilire,
820 2286 874 2331 ad
889 2285 1109 2331 vitandam
1126 2287 1238 2330 hanc
1254 2285 1573 2331 difficultatem.
1590 2289 1773 2330 Peccare

382 2360 653 2415 metuebam,
679 2369 728 2404 ut
757 2375 846 2403 non
878 2359 1079 2420 loquerer
1094 2394 1104 2413 ,
1132 2368 1182 2402 ut
1204 2358 1423 2402 silentium
1444 2358 1553 2401 mihi
1574 2357 1774 2417 impone-

384 2446 503 2488 rem3
528 2431 611 2476 hoc
642 2431 758 2475 enim
781 2430 972 2476 dixeram
987 2466 997 2486 ,
1026 2449 1046 2472 «
1065 2429 1318 2475 Custodiam
1338 2429 1428 2474 vias
1446 2444 1562 2474 meas
1577 2464 1588 2484 ,
1609 2438 1659 2472 ut
1680 2444 1770 2473 non

432 2534 441 2551 ¹
460 2527 547 2559 Eccli
579 2538 654 2568 xxv,
675 2537 726 2560 12.
746 2545 790 2552 ·-
807 2535 820 2552 ²
840 2529 912 2561 Isa'i'.
932 2538 997 2570 ιιιι,
1013 2538 1095 2569 7.-
1116 2524 1316 2568 3Joan.xv1‚
1339 2534 1445 2559 12.—-·
1461 2524 1478 2555 4
1498 2537 1510 2558 1
1529 2527 1600 2559 Cor.
1624 2537 1672 2568 111,
1689 2534 1762 2567 1,2.

386 2601 429 2607 —
446 2581 460 2606 5
479 2583 558 2616 Psal.
585 2594 716 2624 xxxvm,
739 2584 771 2615 3.
