1841 3223
435 241 677 272 ENARRA‘no
708 245 755 272 ΙΝ
786 242 989 273 PsALMUM
1020 243 1121 271 va.
1395 227 1479 268 325

93 311 199 353 Haec
220 308 402 353 flumina
421 324 521 353 cum
539 310 728 354 fluerent
748 310 898 355 abuno
913 309 1096 354 flumine
1110 344 1121 363 ‚
1142 306 1268 352 multi
1295 325 1314 348 «
1332 309 1479 366 Impe÷

96 398 116 419 »
149 387 220 423 tus
237 378 428 423 fluminis
441 371 664 423 laetificant
680 380 898 424 civitatem
918 379 1012 424 Dei.
1041 397 1062 420 »
1086 381 1193 423 Nam
1211 386 1261 422 ut
1275 376 1480 422 noveritis

92 449 177 493 hoe
199 448 254 493 de
277 449 440 508 Spiritu
463 457 613 493 sancto
635 448 825 504 dictum,
859 450 906 493 in
934 448 1087 494 eodem
1112 447 1350 507 Evangelio
1372 462 1481 492 con-

90 527 321 580 sequenter
342 518 447 563 dicit
467 518 768 578 Evangelista:
799 538 819 561 ‹<
845 522 938 563 Hoc
961 529 1105 563 autem
1127 517 1361 562 dicebatde
1380 517 1480 578 Spi-

92 606 113 630 »
148 590 259 644 ritu,
280 604 410 649 quem
436 589 655 649 accepturi
677 598 800 633 erant
816 589 885 644 hi,
922 589 999 649 qui
1027 589 1074 632 in
1105 604 1205 632 eum
1234 597 1356 632 erant
1384 604 1481 632 cre-

92 677 113 701 »
148 659 297 704 dituri.
329 659 513 720 Spiritus
542 669 688 704 autem
723 659 922 705 nondum
948 668 1039 703 erat
1067 659 1219 714 datus,
1237 659 1337 719 quia
1355 662 1480 704 Jesus

93 751 113 772 n
148 731 345 778 nondum
361 741 452 775 crat
462 731 765 789 glorificatus1.
783 750 802 772 η
822 730 1073 776 Glorificato
1093 734 1117 774 J
1121 746 1198 775 esu
1216 740 1315 790 post
1336 746 1480 775 resur-

87 802 347 857 rectionem,
374 802 613 862 glorificato
636 812 735 863 post
765 803 1082 858 ascensionem,
1106 801 1176 846 die
1205 805 1479 846 Pentecostes

88 873 208 918 venit
230 873 411 933 Spiritus
433 884 604 919 sanctus
621 911 630 930 ‚
649 874 848 935 implevit
860 874 1085 919 credentes
1101 910 1111 929 ‚
1125 873 1262 918 locuti
1279 883 1380 918 sunt
1397 873 1482 918 lin-

89 944 183 1003 guis
201 946 234 999 2,
267 945 504 1004 praedicare
536 946 825 1005 Evangeliurn
859 954 1090 1006 coeperunt
1111 945 1339 990 Gentibus.
1366 945 1481 990 Hinc

87 1015 236 1060 civitas
278 1016 356 1060 Dei
389 1015 694 1061 laetificabatur
708 1053 718 1072 ‚
759 1016 862 1061 dum
897 1033 1015 1061 mare
1053 1017 1303 1061 turbaretur
1335 1017 1481 1061 sonitu

89 1101 300 1146 aquarum
322 1101 524 1142 suarum,
545 1086 651 1131 dum
674 1096 843 1131 montes
857 1087 1479 1147 conturbarenturquaerentcs

87 1155 196 1216 quid
217 1165 417 1215 agerent,
442 1158 665 1217 quomodo
688 1174 844 1202 novam
859 1158 1101 1202 doctrinam
1114 1157 1348 1218 pellerent,
1364 1174 1480 1218 quo-

86 1226 217 1271 modo
239 1227 585 1272 Christianorum
615 1244 750 1287 genus
780 1228 834 1272 de
864 1237 977 1272 terra
1000 1229 1284 1272 eradicarent.
1316 1230 1480 1273 Contra

87 1299 246 1357 quem?
267 1299 429 1342 Contra
446 1298 636 1342 fluminis
658 1299 845 1358 impetus
863 1298 1133 1343 laetificantes
1147 1298 1363 1344 civitatem
1383 1299 1477 1354 Dei.

89 1367 202 1412 Hinc
234 1368 365 1412 etiam
403 1367 593 1414 ostendit
615 1368 670 1413 de
702 1385 790 1429 quo
812 1370 993 1413 flumine
1010 1369 1196 1424 diceret,
1222 1369 1324 1429 quia
1344 1370 1480 1429 Spiri-

87 1448 180 1483 tum
202 1448 400 1484 sanctum
431 1440 728 1499 significabat:
754 1460 774 1483 «
800 1440 1014 1500 Fluminis
1041 1441 1228 1500 impetus
1257 1440 1481 1484 laetificant

89 1527 110 1551 »
145 1509 365 1554 civitatem
382 1510 473 1554 Dei.
494 1529 514 1551 »
538 1513 595 1555 Et
615 1511 722 1571 quid
745 1512 973 1572 sequitur?
995 1530 1014 1553 «
1036 1511 1481 1556 Sanctificavittaber-

90 1598 110 1621 »
140 1579 347 1624 naculum
367 1595 496 1624 suum
519 1580 779 1625 Altissimus.
808 1599 828 1622 »
858 1582 900 1626 Si
924 1597 1026 1640 ergo
1059 1581 1257 1641 sequitur
1285 1582 1480 1626 sanctifi-

84 1650 263 1695 cationis
285 1666 445 1695 nomen
461 1686 472 1705 ‚
504 1651 782 1696 manifestum
807 1660 870 1695 est
892 1651 1084 1695 fluminis
1098 1650 1194 1695 illos
1216 1651 1405 1713 impetus
1422 1652 1480 1696 de

86 1721 248 1781 Spiritu
270 1731 419 1766 sancto
441 1721 770 1780 intelligendos,
806 1738 895 1782 quo
936 1722 1231 1767 sanctificatur
1247 1724 1388 1768 omnis¹
1404 1724 1476 1784 pia

86 1792 229 1835 anima
244 1790 424 1836 credens
445 1792 490 1835 in
506 1792 728 1836 Christum
744 1827 754 1846 ,
777 1801 825 1835 ut
848 1792 923 1835 fiat
938 1792 1041 1836 civis
1058 1792 1243 1837 civitatis
1265 1794 1356 1837 Dei.

144 1865 223 1906 IX.
263 1882 282 1904 «
308 1865 421 1906 Deus
453 1862 500 1905 in
526 1861 672 1907 medio
696 1863 788 1922 ejus
806 1898 816 1918 ‚
847 1872 891 1906 et
913 1878 1002 1906 non
1031 1863 1381 1907 commovebitur
1399 1866 1431 1908 3.
1455 1883 1477 1906 n

88 1932 245 1977 Saeviat
277 1947 395 1976 mare
410 1967 421 1987 ‚
456 1932 777 1976 conturbentur
812 1942 981 1977 montes
1009 1952 1017 1977 :
1055 1951 1074 1974 «
1108 1936 1221 1977 Deus
1257 1933 1301 1976 in
1334 1933 1481 1979 medio

87 2021 109 2044 n
143 2003 250 2063 ejus,
267 2011 310 2046 et
321 2018 411 2046 non
420 2002 810 2046 commovebitur.»
828 2003 944 2056 Quid
966 2012 1044 2058 est,
1061 2022 1080 2045 «
1099 2006 1149 2047 In
1167 2003 1313 2048 medio
1327 2005 1475 2065 ejus?»

88 2075 314 2132 Tanquam
337 2075 451 2116 Deus
472 2073 519 2116 in
542 2088 633 2116 uno
650 2072 748 2117 loco
766 2081 874 2129 stet,
908 2082 950 2117 et
979 2073 1254 2118 circumdent
1288 2090 1388 2119 eum
1406 2076 1482 2136 qui

87 2143 274 2188 credunt
289 2144 336 2187 in
353 2158 470 2188 eum.
491 2146 606 2201 Ergo
629 2144 818 2188 ambitur
831 2144 929 2189 loco
948 2148 1061 2189 Deus
1074 2181 1084 2199 ‚
1105 2154 1148 2188 et
1167 2145 1253 2189 lata
1267 2156 1369 2190 sunt
1381 2163 1482 2206 quae

87 2213 384 2269 circumdant,
409 2213 455 2256 in
477 2223 660 2272 angusto
683 2224 747 2259 est
769 2216 846 2275 qui
868 2215 1193 2260 circumdatur?
1215 2217 1340 2260 absit.
1365 2217 1482 2261 Nihil

87 2283 173 2328 tale
193 2284 390 2343 cogitetis
406 2283 461 2328 de
480 2287 570 2329 Deo
587 2320 598 2340 ‚
624 2285 701 2345 qui
718 2285 843 2329 nullo
866 2285 1145 2345 capiturloco
1159 2321 1170 2340 ‚
1195 2287 1265 2330 cui
1284 2285 1404 2331 sedes
1418 2296 1482 2332 est

87 2354 350 2398 conscientia
370 2355 542 2414 piorum
561 2374 570 2399 ε
596 2355 708 2399 etita
723 2354 845 2399 sedes
864 2355 942 2399 Dei
961 2365 1024 2400 est
1044 2356 1089 2399 in
1107 2356 1311 2400 cordibus
1333 2357 1480 2401 homi-

88 2439 196 2468 num
211 2459 222 2479 ‚
242 2433 293 2468 ut
313 2424 348 2468 si
367 2425 501 2469 homo
523 2425 727 2469 ceciderit
749 2442 771 2470 a
795 2429 906 2479 Deo,
920 2428 1035 2470 Deus
1048 2426 1093 2470 in
1110 2442 1154 2470 se
1171 2436 1344 2472 maneat
1358 2463 1368 2482 ‚
1389 2444 1478 2473 non

88 2495 210 2554 quasi
231 2493 358 2538 cadat
372 2529 384 2548 ,
408 2510 498 2539 non
519 2494 782 2539 inveniendo
800 2495 875 2539 ubi
897 2495 966 2539 sit.
987 2496 1123 2555 Magis
1145 2498 1260 2541 enim
1278 2507 1321 2542 te
1333 2498 1478 2543 suble-

136 2583 146 2600 ¹
163 2580 252 2610 Joan.
270 2589 329 2619 vu,
349 2578 462 2621 37—39.
480 2596 520 2601 —-
537 2586 550 2602 2
571 2582 642 2611 Act.
659 2591 694 2620 ιι,
715 2578 745 2620 4.
764 2596 805 2601 -
823 2577 835 2601 3
851 2579 1016 2620 Ρ531.ιι,ν,
1040 2583 1070 2612 6.
