1841 3223
410 225 651 255 ENARRATIO
683 228 728 254 IN
759 225 964 255 PsALMUM
995 227 1116 254 XLIX·
1368 213 1447 253 43].

71 309 92 332 »
126 289 321 347 nalibus,
341 301 551 352 tanquam
578 291 770 352 parvulis
798 292 844 335 in
867 291 1040 337 Christo
1066 290 1133 335 lae
1154 290 1276 335 vobis
1297 299 1453 350 potum

71 379 94 404 »
127 361 253 417 dedi,
279 378 368 407 non
390 378 530 406 escam
558 382 567 407 z
588 378 730 422 neque
743 363 856 406 enim
876 361 1079 421 poteratis
1094 397 1105 416 ,
1127 361 1203 405 sed
1216 376 1296 405 nec
1310 361 1454 404 adhuc

73 452 92 473 »
126 431 304 491 quidem
330 432 554 492 potestis¹.
580 450 599 473 »
626 435 766 476 Mater
786 432 909 475 vobis
932 431 994 476 fui
1019 450 1028 476 :
1049 430 1272 492 quomodo
1296 429 1456 475 dicitur

69 501 152 546 alio
167 501 265 548 loco
291 522 300 547 z
324 521 344 543 «
364 505 521 546 Factus
537 517 633 546 sum
654 501 860 561 parvulus
882 503 927 545 in
944 501 1090 546 medio
1109 511 1302 546 vestrum
1318 536 1329 556 ,
1356 511 1455 545 tan-

71 589 93 613 »
127 588 260 632 quam
281 573 427 616 nutrix
439 573 590 617 fovens
608 571 719 616 filios
740 573 883 617 suos².
911 589 931 613 »
958 574 1055 617 Non
1080 572 1228 616 nutrix
1260 572 1456 616 nutriens

68 642 180 687 filios
201 643 379 699 alienos,
404 642 480 688 sed
501 643 646 688 nutrix
663 641 814 687 fovens
831 641 942 686 filios
957 658 1072 687 suos.
1100 645 1212 687 Sunt
1232 642 1348 686 enim
1360 657 1454 686 ma-

69 721 155 757 tres
171 729 270 774 quae
286 729 387 758 cum
409 714 671 773 pepererint,
696 711 803 756 dant
818 712 1061 756 nutricibus
1087 730 1096 756 t
1117 710 1203 755 illae
1215 728 1314 772 quae
1324 727 1457 772 pepe-

69 794 242 839 rerunt,
261 800 352 828 non
367 783 519 828 fovent
536 784 647 828 filios
665 799 786 838 suos,
812 783 914 843 quia
936 781 1192 827 nutriendos
1212 781 1455 841 dederunt,

68 853 155 898 illae
185 864 330 900 autem
353 871 452 916 quae
472 854 622 900 fovent
641 870 732 899 non
753 870 852 899 suos
870 853 1038 909 fovent,
1057 853 1133 898 sed
1156 853 1318 899 alienos
1345 873 1353 898 :
1379 854 1459 898 iste

18 981 25 986 -
68 940 172 969 vero
188 925 279 985 ipse
305 934 554 985 pepererat,
573 925 662 985 ipse
680 923 879 980 fovebat,
907 923 1018 968 nulli
1041 923 1201 968 nutrici
1221 939 1354 984 quem
1378 939 1458 984 pe*

69 1004 192 1055 perat
208 996 530 1052 committebat,
554 995 719 1040 dixerat
736 995 851 1039 enim
874 1015 882 1039 ;
906 1015 924 1036 «
941 997 1058 1048 Quos
1073 995 1231 1039 iterum
1244 995 1457 1054 parturio,

72 1083 94 1107 »
129 1066 269 1110 donec
290 1066 487 1112 Christus
510 1065 723 1110 formetur
743 1066 789 1110 in
808 1065 930 1110 vobis
945 1067 977 1109 ³.
1006 1084 1026 1107 »
1050 1066 1244 1110 Fovebat
1267 1081 1369 1125 ergo
1384 1101 1395 1120 ,
1416 1080 1461 1109 et

69 1133 272 1180 lactabat.
298 1138 436 1180 Erant
449 1145 593 1180 autem
605 1135 784 1196 quidam
802 1135 924 1196 quasi
938 1135 1057 1180 docti
1085 1144 1127 1180 et
1149 1134 1358 1195 spiritales
1383 1135 1460 1196 qui

71 1205 208 1250 Paulo
243 1205 536 1251 detraherent.
563 1226 583 1248 «
609 1206 813 1266 Epistolae
841 1206 1044 1266 quid-em,
1070 1206 1219 1261 aiunt,
1246 1221 1394 1264 graves
1417 1215 1461 1249 et

73 1293 94 1317 »
128 1274 262 1320 fortes
276 1285 394 1331 sunt,
415 1277 642 1336 praesentia
666 1286 810 1320 autem
834 1276 1025 1335 corporis
1046 1277 1240 1330 infirma,
1260 1285 1304 1320 et
1319 1291 1460 1320 sermo

73 1364 94 1387 »
129 1346 468 1406 contemptibilis
482 1347 497 1372 ⁴
514 1346 663 1391 :»dicit
683 1347 832 1407 ipsein
845 1346 1039 1406 Epistola
1060 1362 1137 1391 sua
1159 1346 1372 1406 quosdam
1388 1341 1463 1390 de-

70 1425 275 1462 tractores
295 1433 394 1461 suos
413 1418 494 1461 ista
517 1417 685 1462 dixisse.
709 1417 952 1471 Sedebant,
987 1427 1031 1461 et
1055 1417 1259 1462 adversus
1283 1416 1461 1461 fratrem

69 1504 198 1533 suum
233 1482 545 1543 detrahebant,
577 1498 621 1532 et
647 1489 851 1532 adversus
884 1487 1137 1532 lactandum
1162 1488 1288 1532 illum
1320 1488 1461 1533 filium

70 1557 216 1602 matris
233 1573 322 1602 suae
337 1557 562 1617 ponebant
583 1557 851 1602 scandalum.
873 1558 1029 1602 Merito
1048 1557 1248 1602 fecerunt
1263 1559 1344 1618 ipsi
1364 1574 1461 1603 ma-

70 1628 126 1671 tri
148 1637 199 1672 ut
218 1628 377 1672 iterum
398 1627 648 1687 parturiret.
678 1646 695 1667 «
717 1631 776 1672 Et
792 1627 996 1672 adversus
1018 1627 1159 1672 filium
1191 1628 1340 1673 matris
1372 1638 1462 1673 tuae

75 1718 94 1741 »
129 1698 321 1757 ponebas
347 1697 614 1742 scandalum.
644 1716 665 1739 »

129 1771 336 1812 XXVIII.
378 1787 398 1810 «
410 1771 514 1812 Haec
534 1767 700 1823 fecisti,
725 1777 768 1811 et
784 1769 900 1812 tacui
916 1769 947 1811 ⁵.
971 1785 992 1809 »
1018 1767 1123 1812 Ideo
1145 1768 1290 1812 veniet
1316 1768 1463 1813 Domi-

71 1854 154 1883 nus
175 1842 291 1883 Dcus
312 1847 474 1892 noster,
498 1847 542 1882 et
561 1853 651 1882 non
673 1836 832 1881 silebit.
862 1837 998 1882 Modo
1014 1873 1024 1892 ,
1061 1857 1080 1880 «
1094 1841 1198 1882 Haec
1229 1838 1392 1892 fecisti,
1418 1847 1463 1882 et

73 1926 95 1950 ³>
114 1944 116 1947 s
132 1909 263 1952 tacui.
292 1926 313 1950 »
334 1907 451 1961 Quid
468 1917 554 1963 est,
591 1927 610 1949 «
629 1907 786 1951 Tacui?
802 1926 822 1948 υ
844 1911 880 1951 Α
906 1906 1096 1952 vindicta
1120 1907 1367 1967 supersedi,
1393 1923 1462 1952 se-

72 1979 297 2024 veritatem
319 1994 461 2023 meam
490 1978 663 2033 distuli,
688 1979 941 2038 patientiam
965 1979 1044 2022 tibi
1066 1978 1346 2038 prolongavi,
1369 1994 1464 2038 poe-

72 2049 302 2094 nitentiam
324 2059 446 2094 tuam
468 2049 546 2092 diu
567 2049 805 2108 expectavi.
837 2068 857 2091 t(
879 2052 983 2093 Haec
1013 2048 1179 2104 fecisti,
1212 2059 1255 2093 et
1284 2049 1457 2093 tacui.»

72 2123 167 2180 Ego
189 2130 335 2165 autem
362 2136 463 2165 cum
492 2120 548 2166 ad
575 2121 660 2165 hoc
682 2129 954 2180 expectarem
978 2129 1028 2165 ut
1050 2130 1093 2164 te
1114 2121 1348 2180 poeniteret
1362 2155 1373 2175 ,
1396 2135 1463 2164 se-

73 2191 269 2236 cundum
286 2191 545 2251 Apostolum
568 2190 786 2235 dicentem
809 2210 817 2236 :
842 2194 941 2235 «Tu
957 2200 1103 2235 autem
1126 2189 1367 2235 secundum
1382 2189 1463 2234 du-

77 2281 97 2304 »
132 2261 274 2306 ritiam
309 2261 450 2306 cordis
476 2261 565 2316 tui,
597 2270 641 2305 et
663 2277 738 2306 cor
765 2261 1072 2320 impoenitens,
1097 2260 1360 2305 thesaurizas
1379 2260 1463 2305 tibi

43 2347 46 2350 ·
77 2349 98 2373 »
133 2332 240 2376 iram
265 2332 311 2375 in
335 2331 405 2375 die
426 2331 501 2376 irae
530 2340 574 2375 et
590 2330 862 2376 revelationis
877 2331 982 2390 justi
995 2329 1147 2391 judicii
1168 2330 1292 2374 Dei6.
1317 2330 1466 2390 Suspi-

19 2425 27 2430 -
77 2420 98 2444 »
132 2412 254 2448 catus
276 2418 320 2447 es
339 2403 634 2463 iniquitatem,
657 2402 779 2463 quod
797 2417 871 2446 ero
888 2402 968 2446 tibi
986 2401 1150 2446 similis.
1171 2419 1191 2442 u
1216 2404 1376 2447 Parum
1397 2411 1462 2446 est

83 2519 88 2522 -
125 2504 135 2522 ¹
160 2510 174 2531 1
190 2501 262 2532 Cor.
283 2509 333 2541 ni,
350 2510 382 2538 1,
406 2507 439 2531 2.
459 2515 504 2522 —-
521 2505 536 2522 ²
555 2510 568 2531 1
590 2497 701 2530 Thess.
718 2508 753 2540 11,
772 2508 803 2540 7.
820 2494 884 2521 -3
901 2496 971 2530 Gal.
991 2508 1038 2540 iv,
1060 2500 1113 2531 19.
1132 2512 1175 2521 —-
1191 2495 1208 2528 4
1225 2506 1245 2531 2
1263 2499 1335 2531 Cor.
1355 2507 1390 2540 x,
1407 2508 1458 2530 10.

78 2569 120 2578 —
134 2551 148 2578 ⁵
167 2553 247 2588 Psal.
269 2564 355 2596 xux,
373 2562 429 2589 21.
455 2570 497 2578 —
515 2551 531 2577 ⁶
544 2556 636 2588 Rom.
652 2565 686 2595 u,
703 2553 735 2586 5.
