1841 3223
453 241 694 270 ENARRA‘rro
727 245 772 271 IN
805 243 1008 273 PsALMtJM
1040 248 1127 275 mv.
1370 240 1453 278 529

70 306 264 364 Reddat,
294 307 381 361 ait,
415 310 529 352 Deus
552 308 789 368 majoribus
822 311 992 354 nostris.
1033 314 1148 370 Ergo
1174 312 1296 357 vivus
1326 315 1451 373 perit.
1475 347 1479 351 -

68 376 236 422 Deinde
264 377 386 422 addis
407 387 452 422 et
478 393 628 422 mones
649 397 658 422 z
685 378 846 423 Saltem
879 379 1019 423 solum
1051 382 1104 425 sit
1125 381 1289 426 malum
1312 399 1458 442 segre-

70 447 253 506 gationis
269 482 280 503 ,
304 463 383 491 cur
406 446 606 507 adjungis
628 456 672 491 et
694 448 1068 507 rebaptizationis?
1090 454 1287 510 Agnosce
1316 454 1361 497 in
1387 470 1458 498 me

69 518 190 577 quod
211 517 343 562 habes
363 538 374 575 3
398 526 442 562 et
462 518 496 562 si
525 527 576 561 tu
597 533 667 561 me
688 517 843 573 odisti,
869 519 1041 564 Christo
1058 520 1105 563 in
1130 537 1199 565 me
1230 538 1372 581 parce.
1401 527 1459 568 Et

69 589 154 633 hoc
170 588 230 632 eis
245 587 412 632 malum
433 587 691 648 plerumque
713 598 757 632 et
778 590 965 633 maxime
983 590 1180 650 displicet
1200 612 1208 636 :
1235 596 1362 649 Vere,
1390 595 1460 638 in-

70 659 231 720 quiunt
245 694 256 715 ,
278 659 390 704 male
412 660 487 715 fit,
512 660 683 704 utinam
705 669 849 719 posset
871 676 961 705 non
993 662 1108 705 fieri!
1130 664 1205 707 sed
1227 664 1335 723 quid
1360 666 1460 710 faci-

71 745 168 774 mus
190 729 246 774 de
261 730 432 774 statutis
452 731 666 790 majorum
683 732 961 774 nostr-orum?
982 750 1002 773 «
1027 734 1302 778 Descendant
1323 735 1379 779 ad
1399 736 1462 779 in-

73 818 95 842 »
129 798 304 843 fernum
324 800 533 845 viventes.
550 817 570 841 »
591 800 634 845 Si
646 809 844 845 mortuus
859 801 1163 857 descenderes,
1188 803 1296 863 quid
1318 819 1463 862 ageres

71 869 288 927 ignorares
305 889 314 914 ε
329 885 430 914 cum
453 885 556 915 vero
573 870 653 914 scis
674 870 840 915 malum
858 887 948 915 esse
968 871 1088 932 quod
1110 871 1230 929 facis,
1252 883 1295 918 et
1316 883 1464 920 tamen

72 938 202 996 facis,
216 955 364 985 nonne
377 939 501 985 vivus
523 939 749 985 descendis
773 941 829 985 ad
849 941 1041 987 inferos?
1058 946 1114 986 Et
1131 960 1265 1004 quare
1279 946 1464 989 maxime

72 1010 188 1070 ipsos
207 1009 339 1055 duces
356 1020 483 1055 terrae
505 1010 648 1055 hiatus
670 1011 896 1057 absorbuit
917 1013 1057 1069 vivos,
1082 1014 1296 1073 populum
1316 1025 1462 1060 autem

70 1080 157 1129 illis
175 1081 517 1126 consentientem
538 1097 561 1125 e
584 1081 699 1126 eoelo
720 1082 886 1127 irruens
904 1083 1012 1141 ignis
1036 1084 1304 1144 absumpsit?
1326 1090 1464 1144 Prop-

74 1160 192 1196 terea
213 1152 326 1196 hanc
346 1167 525 1211 poenam
548 1167 893 1198 commemorans
909 1154 1103 1199 Psalmus
1125 1156 1204 1199 iste
1218 1191 1229 1212 ,
1258 1173 1281 1200 a
1300 1158 1465 1217 populo

76 1222 214 1281 coepit
228 1257 240 1277 ,
266 1230 309 1266 et
330 1221 385 1266 ad
407 1222 540 1267 duces
557 1223 782 1268 conclusit.
810 1243 830 1266 «
858 1225 1012 1268 Veniat
1030 1241 1145 1269 mors
1168 1242 1297 1286 super
1318 1243 1389 1272 eos
1406 1263 1417 1284 ,
1441 1247 1462 1270 »

75 1300 253 1352 propter
266 1290 363 1337 illos
376 1292 501 1348 dixit,
515 1309 645 1352 super
656 1309 765 1353 quos
786 1294 907 1339 venit
922 1295 1033 1353 ignis
1047 1295 1101 1340 de
1115 1295 1229 1341 coelo
1244 1307 1306 1341 :et
1320 1298 1467 1344 statim

76 1362 143 1423 adj
151 1364 293 1408 unxit:
311 1363 609 1409 «Descendant
621 1364 676 1408 ad
689 1363 911 1409 infernum
924 1366 1133 1422 viventes,
1147 1377 1323 1427 propter
1335 1369 1468 1412 duces

79 1452 100 1476 »
121 1450 230 1494 quos
243 1443 368 1477 terrae
381 1434 523 1479 hiatus
538 1435 781 1480 absorbuit.
793 1439 903 1482 Nam
914 1437 1137 1496 quomodo
1153 1439 1469 1483 descenderent

79 1522 100 1546 »
121 1503 178 1548 ad
193 1502 415 1549 infernum
428 1505 642 1559 viventes,
663 1504 717 1548 de
734 1505 895 1564 quibus
913 1506 1077 1549 dixerat
1100 1525 1109 1550 ε
1133 1525 1154 1548 «
1173 1508 1330 1552 Veniat
1351 1524 1469 1553 mors

80 1594 100 1616 »
122 1591 251 1635 super
271 1577 369 1619 eos?
384 1593 403 1616 »
425 1575 467 1619 Si
474 1576 564 1635 jam
579 1591 708 1635 super
722 1591 793 1619 eos
809 1591 924 1620 mors
935 1586 1127 1631 venerat,
1143 1578 1365 1637 quomodo
1382 1580 1470 1624 vivi

78 1644 1468 1707 adinfiffosdefflaendebanu³Ergoanfinonbus‹xepst‚ad1na-

72 1716 187 1776 jores
200 1715 426 1759 conclusit.
446 1715 629 1759 «Veniat
644 1731 757 1760 mors
770 1732 898 1775 super
913 1732 1000 1771 eos,
1016 1736 1034 1757 υ
1048 1717 1124 1777 qui
1136 1730 1465 1775 consenserunt,

79 1782 1470 1845 etconffiaeuusuntAQUKMHidufflffietpffincnffis?«D0ffiaendant

83 1875 103 1899 2>
125 1855 181 1901 ad
195 1854 417 1901 infernum
428 1854 643 1899 viventes:
665 1873 682 1895 υ
705 1855 807 1914 quia
829 1855 909 1914 ipsi
932 1856 1173 1914 Scripturas
1192 1865 1400 1912 tractant,
1426 1868 1472 1903 ct

80 1923 818 1984 noveruntbenequotidielegendo
827 1925 1472 1983 quomodoEcclesiacatholica

81 2013 158 2057 per
168 2005 312 2041 totum
323 1996 476 2040 orbem
488 2004 702 2038 terrarum
712 1995 770 2038 ita
786 1994 943 2039 diffusa
955 2004 1034 2048 est,
1048 2005 1096 2039 ut
1109 1997 1288 2041 omnino
1301 2008 1473 2043 contra-

82 2068 216 2114 dictio
232 2068 372 2113 omnis
388 2075 527 2122 vacet,
543 2081 623 2110 nec
639 2066 822 2111 inveniri
837 2067 970 2126 possit
983 2065 1161 2126 aliquod
1175 2068 1472 2114 testimonium

82 2154 162 2199 pro
179 2138 406 2183 schismate
428 2152 579 2181 eorum
594 2171 604 2191 ,
630 2146 848 2181 noverunt
879 2136 1013 2193 bene,
1038 2135 1136 2180 ideo
1159 2136 1214 2180 ad
1231 2137 1391 2183 inferos
1413 2142 1472 2184 vi-

82 2218 232 2254 ventes
269 2207 565 2262 descendunt,
604 2207 708 2266 quia
734 2206 900 2250 malum
932 2205 1054 2265 quod
1087 2205 1274 2262 faciunt,
1306 2209 1472 2256 malum.

84 2295 174 2324 esse
194 2287 426 2324 noverunt.
445 2278 547 2322 Illos
569 2287 714 2321 autem
729 2278 886 2322 divina}
901 2276 1137 2320 iracundiae
1159 2277 1270 2335 ignis
1293 2279 1473 2325 absum-

86 2350 185 2410 psit.
223 2348 377 2395 Studio
416 2349 532 2392 enim
565 2348 856 2393 contentionis
891 2347 1081 2401 accensi,
1114 2363 1137 2390 a
1163 2348 1348 2394 ducibus
1384 2353 1472 2402 suis

87 2420 210 2465 malis
232 2419 432 2465 recedere
454 2419 706 2464 noluerunt.
733 2419 863 2463 Venit
879 2434 1008 2477 super
1029 2419 1173 2477 ignem
1190 2419 1318 2478 ignis,
1343 2437 1473 2482 super

89 2492 290 2536 ardorem
314 2490 588 2536 dissensionis
603 2489 732 2534 ardor
753 2489 1108 2547 consumptionis.
1141 2508 1160 2530 «
1185 2490 1342 2536 Veniat
1358 2509 1472 2540 mors

139 2583 146 2599 ¹
164 2578 255 2609 Num.
276 2586 344 2616 xvi,
366 2574 419 2617 47.
819 2623 822 2630 Ι

254 2641 359 2670 cxv,
1239 2630 1287 2669 3-ἰ
