1841 3223
364 213 446 248 292
805 220 837 248 s.
874 221 1104 249 [recusum
1140 223 1318 250 EPISCOPl

368 306 386 327 «
412 286 633 330 Eructavit
665 302 739 329 cor
772 300 913 329 meum
949 286 1130 330 verbum
1168 287 1354 341 bonum,
1388 286 1486 332 dico
1511 302 1590 346 ego
1619 301 1749 346 opera

364 376 383 396 1)
415 372 505 400 mea
533 355 633 413 regi.
654 374 672 395 n
697 359 837 400 Homo
859 355 1047 411 dicebat,
1064 356 1135 400 ille
1158 356 1332 402 dicebat
1355 358 1430 417 qui
1453 357 1621 417 scripsit
1640 356 1749 400 Psal-

360 444 508 484 mum3
545 426 620 470 sed
643 443 693 470 ex
716 443 897 486 persona
932 428 1009 472 Dei
1033 427 1207 473 dicebat
1241 448 1249 473 ε
1278 429 1430 488 incipit
1457 428 1599 473 dicere
1632 437 1676 471 et
1700 444 1751 471 ex

359 513 435 541 sua
452 532 463 552 ,
486 516 504 537 «
529 500 759 557 Propterea
782 497 1004 542 benedixit
1028 507 1069 542 te
1090 501 1203 542 Deus
1222 500 1266 542 in
1288 508 1519 543 aeternum.
1540 517 1559 540 »
1578 498 1750 543 Dixerat

359 567 474 611 enim
496 571 631 623 Deus,
662 587 681 609 «
704 567 869 612 Diffusa
890 578 954 613 est
983 569 1116 627 gratia
1138 569 1182 612 in
1217 568 1340 613 labiis
1370 570 1480 625 tuis,
1510 587 1530 610 »
1557 570 1595 613 ei
1617 583 1751 628 quem

357 637 520 683 fecerat
550 639 792 698 speciosum
825 655 914 699 prae
948 639 1046 684 filiis
1074 639 1327 693 hominum,
1364 640 1494 684 etiam
1527 640 1750 685 hominem

358 725 491 771 quem
514 713 654 755 Deum
676 719 775 754 ante
794 711 938 755 omnia
963 710 1227 770 protulerat,
1253 720 1440 755 aeternus
1464 719 1746 756 coaeternum.

358 780 570 841 Impletus
593 791 656 826 est
679 797 781 840 ergo
805 782 1023 840 Propheta
1051 780 1210 839 gaudio
1230 780 1423 841 quodam
1445 780 1656 825 ineffabili
1676 816 1686 836 ‚
1708 789 1752 825 et

357 853 586 896 attendens
610 852 717 912 quid
745 856 854 896 Deus
880 855 1007 896 Pater
1028 852 1082 896 de
1103 851 1215 896 Filio
1238 867 1318 896 suo
1342 852 1510 896 homini
1529 851 1751 897 revelave-

357 922 437 977 rit,
461 923 537 982 qui
561 922 704 982 potuit
726 921 868 967 dicere
891 921 971 966 ista
989 931 1099 966 etex
1124 937 1302 979 persona
1325 921 1426 977 Dei,
1451 941 1470 963 «
1497 926 1747 982 Propterea,

359 1012 380 1035 η
415 995 579 1054 inquit,
606 994 828 1038 benedixit
855 1003 897 1039 te
920 997 1033 1039 Deus
1052 994 1096 1037 in
1116 1003 1347 1038 aeternum.
1378 1012 1397 1035 »
1425 996 1592 1047 Quare?
1612 997 1751 1054 Prop-

358 1074 421 1109 ter
453 1065 650 1124 gratiam.
678 1065 756 1110 llla
790 1065 907 1109 enim
942 1066 1077 1125 gratia
1101 1082 1191 1126 quo
1213 1065 1431 1125 pertinet?
1463 1066 1533 1110 Ad
1566 1081 1750 1125 regnum

356 1137 585 1182 coelorum.
622 1137 816 1181 Primum
845 1137 960 1182 enim
985 1140 1310 1182 Testamentum
1348 1146 1504 1181 terram
1538 1137 1751 1196 promise-

357 1217 448 1252 rat:
475 1217 518 1252 et
541 1206 659 1251 aliud
678 1208 905 1267 praemium
929 1207 1013 1252 fuit
1034 1207 1103 1252 vel
1124 1207 1351 1267 promissio
1368 1207 1450 1251 sub
1474 1206 1569 1266 lege
1593 1208 1752 1267 posito-

355 1294 481 1333 rum,
514 1278 633 1322 aliud
654 1279 736 1322 sub
766 1278 900 1336 gratia
927 1297 936 1322 :
964 1287 1075 1322 terra
1109 1279 1459 1323 Chananaeorum
1482 1281 1505 1322 J
1514 1279 1645 1322 udaeis
1670 1279 1752 1322 sub

355 1349 450 1408 lege
473 1349 618 1409 positis
638 1385 648 1405 ,
675 1365 860 1408 regnum
893 1350 1105 1394 coelorum
1126 1349 1380 1394 Christianis
1401 1349 1483 1393 sul)
1514 1349 1646 1407 gratia
1669 1365 1751 1409 po-

354 1421 460 1465 sitis.
496 1424 649 1481 Itaque
676 1421 794 1481 quod
827 1421 1074 1481 pertinebat
1101 1420 1156 1464 ad
1190 1437 1261 1465 eos
1289 1421 1365 1481 qui
1389 1421 1472 1465 sub
1500 1420 1597 1479 lege
1625 1421 1753 1480 positi

355 1501 505 1547 erant,
554 1507 732 1549 regnum
751 1526 762 1546 ,
802 1500 914 1535 terra
951 1491 1025 1536 illa
1068 1491 1236 1536 transiit
1268 1511 1277 1536 ε
1315 1507 1499 1551 regnum
1539 1491 1752 1536 coelorum

357 1562 479 1623 quod
506 1562 695 1622 pertinet
727 1562 808 1606 sub
835 1562 969 1620 gratia
998 1561 1147 1622 positis
1166 1597 1176 1617 ‚
1204 1577 1292 1606 11011
1322 1563 1488 1606 transit.
1517 1565 1752 1621 Propterea

355 1634 426 1679 1110
457 1632 718 1677 «Benedixit
750 1642 793 1678 te
825 1636 962 1688 Deus,
991 1649 1080 1678 non
1098 1633 1153 1677 ad
1184 1642 1378 1693 tempus,
1406 1633 1481 1678 sed
1511 1636 1597 1677 «In
1625 1643 1753 1678 aeter-

359 1723 380 1747 »
415 1721 538 1750 num.
568 1723 588 1746 »

416 1779 495 1820 IX.
517 1778 615 1821 Non
633 1774 871 1820 defuerunt
891 1775 968 1835 qui
991 1774 1136 1819 omnia
1160 1775 1289 1819 etiam
1312 1774 1533 1832 superiora
1555 1776 1687 1819 verba
1703 1791 1754 1819 ex

356 1847 586 1904 Prophetae
610 1858 793 1902 persona
810 1841 947 1901 accipi
967 1841 1170 1885 mallent:
1190 1850 1233 1885 et
1251 1842 1334 1886 hoe
1351 1844 1471 1902 quod
1486 1843 1650 1888 dietum
1669 1855 1748 1901 est,

359 1936 381 1959 «
415 1915 643 1960 Eructavit
659 1929 733 1957 eor
750 1928 897 1957 meum
920 1912 1105 1956 verbum
1123 1912 1306 1967 bonum,
1329 1931 1348 1954 »
1369 1928 1419 1957 ex
1443 1915 1659 1973 Propheta
1679 1931 1754 1960 vo—

355 1985 519 2031 luerint
540 1983 745 2042 intelligi,
771 1981 906 2028 veluti
928 1981 1102 2026 dicente
1125 1983 1358 2040 hymnum.
1384 1984 1612 2044 (Quisquis
1636 1986 1752 2029 enim

355 2057 463 2101 dicit
484 2057 700 2114 hymnum
724 2057 829 2107 Deo,
849 2061 1016 2097 eructat
1032 2068 1105 2097 eor
1119 2053 1209 2113 ejus
1227 2053 1410 2097 verbum
1434 2053 1599 2098 bonum
1619 2071 1627 2096 ε
1644 2071 1753 2116 quo-

354 2128 488 2172 modo
511 2126 587 2187 qui
611 2125 884 2184 blasphemat
907 2124 951 2167 in
974 2127 1135 2178 Deum,
1162 2133 1328 2168 eructat
1354 2140 1429 2169 eor
1450 2126 1542 2185 ejus
1564 2126 1750 2171 verbum

356 2197 566 2255 malum.)
586 2199 641 2242 Ut
655 2206 698 2240 et
711 2195 822 2239 illud
839 2193 959 2256 quod
977 2195 1236 2254 adjunctum
1255 2204 1339 2250 est,
1360 2214 1380 2237 (ι
1397 2195 1500 2240 Dico
1522 2212 1602 2255 ego
1620 2213 1752 2257 opera

358 2288 379 2312 »
405 2285 501 2314 mea
524 2269 635 2328 regi,
663 2287 682 2309 »
709 2267 949 2327 significare
968 2265 1156 2310 voluerit
1177 2281 1398 2310 summum
1427 2267 1614 2312 hominis
1637 2284 1750 2328 opus

354 2356 446 2385 non
463 2356 575 2395 esse,
598 2338 678 2383 nisi
698 2341 835 2382 Deum
858 2336 1053 2380 laudare.
1084 2335 1202 2380 lllius
1225 2345 1288 2380 est
1309 2336 1451 2397 specie
1481 2353 1557 2382 sua
1580 2337 1751 2398 plaeere

354 2411 461 2465 tibi,
494 2410 549 2454 ad
578 2419 619 2454 te
656 2409 844 2468 pertinet
876 2422 974 2451 eum
1003 2407 1047 2450 111
1080 2405 1314 2464 gratiarum
1344 2407 1513 2452 actione
1549 2407 1746 2454 laudare.

356 2483 498 2540 Opera
521 2489 594 2523 tua
615 2478 648 2522 si
671 2494 758 2522 non
778 2477 940 2521 suerint
955 2475 1049 2520 laus
1066 2476 1159 2530 Dei,
1181 2475 1334 2536 incipis
1358 2477 1552 2536 teipsum
1576 2494 1744 2536 amare3

359 2561 401 2597 et
419 2550 653 2611 pertinebis
675 2550 726 2593 ad
754 2548 870 2603 illos,
892 2547 1121 2607 dequibus
1144 2546 1252 2592 dicit
1274 2551 1530 2607 Apostolus,
1561 2568 1580 2591 «
1607 2552 1748 2595 Erunt
