1841 3223
213 256 455 289 ENAnnA'rro
486 261 519 289 11
551 262 597 289 m
629 259 832 290 PsALMuM
862 261 1016 301 xxxvi,
1051 261 1176 289 sEnM.
1212 262 1261 290 11.
1363 249 1413 289 91

38 332 160 369 erant
182 326 295 370 enim
318 324 388 369 alii
409 325 484 385 qui
505 324 560 369 de
585 334 624 369 te
637 335 838 385 poterant
853 326 1064 387 judicare.
1089 325 1279 371 Attende
1302 341 1420 370 nunc

38 394 320 440 Caecilianum
342 414 351 439 :
378 404 427 439 tu
454 395 534 439 tibi
560 396 736 440 servasti
763 397 1035 450 Numidiam,
1062 395 1135 445 ille
1157 396 1308 441 orbem
1335 405 1424 440 ter-

37 481 199 511 rarum.
238 464 321 512 Sed
348 465 383 511 si
413 465 556 510 valere
581 466 645 511 vis
677 466 880 511 adversus
907 466 1032 511 illum
1054 467 1285 512 sententias
1316 476 1452 512 tune*

38 538 359 582 Donatistarum
374 573 385 592 ,
409 536 583 582 valeant
604 553 721 582 nunc
745 536 949 582 adversus
972 547 1015 581 te
1035 538 1262 583 sententiae
1283 537 1424 583 Maxi-

36 607 335 653 mianistarum
361 623 370 650 ε
397 609 585 668 episcopi
616 607 741 652 illum
770 607 1090 653 damnaverunt
1115 628 1124 654 :
1157 609 1346 669 episcopi
1382 618 1426 654 ct

37 686 96 722 te.
113 680 258 732 Quare
279 688 427 739 postea
449 680 571 739 egisti
592 694 764 724 causam
786 688 924 734 tuam,
947 687 991 722 et
1008 678 1235 724 obtinuisti
1257 679 1316 723 ibi
1337 683 1427 725 Ma-

38 748 327 808 ximianistas3
363 750 473 794 sicut
498 749 573 794 ille
594 759 743 810 postea
760 746 851 808 *egit
873 766 1045 795 causam
1067 765 1212 806 suam,
1245 759 1289 794 et
1307 750 1428 794 obti-

38 819 134 864 nuit
155 820 218 864 ibi
237 821 511 866 Donatistas?
534 820 664 875 Quod
687 837 790 881 ergo
813 830 919 866 tunc
941 820 1107 866 factum
1130 830 1194 865 est
1208 856 1219 877 ,
1251 820 1428 865 videtur

40 901 140 936 ante
170 892 318 938 oculos
340 893 449 938 miro
472 901 516 937 et
535 892 766 937 manifesto
799 891 996 952 exemplo
1019 891 1265 937 revolutum
1283 927 1295 947 ,
1326 891 1429 938 talia

39 963 376 1008 Maximianistas
402 964 611 1024 conqueri
639 962 694 1007 de
726 963 946 1008 Primiano
963 999 973 1017 ,
999 963 1143 1025 qualia
1178 977 1327 1008 omnes
1360 962 1430 1007 isti

39 1034 266 1095 conquesti
283 1042 384 1078 sunt
395 1033 450 1078 de
464 1033 714 1079 Caeciliano.
732 1034 890 1078 Mirum
914 1043 992 1090 est,
1009 1033 1160 1078 fratres
1172 1069 1182 1089 ,
1204 1033 1430 1094 quomodo

40 1120 232 1160 moveor,
249 1103 472 1166 quomodo
493 1107 584 1149 Deo
600 1104 754 1163 gratias
777 1120 858 1164 ago
876 1125 884 1150 :
903 1105 1003 1166 quia
1017 1120 1117 1149 vere
1135 1103 1430 1150 misericordia

42 1177 117 1221 Dei
137 1176 193 1221 ad
215 1177 332 1232 istos,
351 1178 385 1221 si
404 1177 586 1237 sapiant,
602 1175 914 1221 illuminandos
935 1177 1141 1223 formavit
1162 1175 1426 1236 exemplum.

41 1248 229 1294 Proinde
241 1249 275 1293 si
291 1248 434 1309 placet
455 1247 701 1309 paululum,
717 1247 886 1304 fratres,
905 1250 1007 1310 quia
1024 1258 1067 1293 et
1078 1249 1162 1294 hoc
1177 1249 1301 1293 nobis
1316 1251 1430 1294 Deus

41 1319 88 1363 in
118 1334 272 1363 manus
294 1318 416 1364 dedit
430 1355 440 1373 ,
462 1318 610 1364 audite
634 1319 869 1364 concilium
891 1320 1320 1365 Maximianistarum.
1346 1321 1433 1378 (Et

41 1406 142 1435 cum
157 1400 376 1446 tractaret,
391 1390 507 1435 idem
520 1391 716 1435 recitavit
728 1391 960 1436 concilium
978 1392 1432 1450 Maximiani-starum.)

98 1463 198 1505 XX.
223 1481 245 1505 «
269 1461 550 1507 Sanctissimis
572 1461 779 1507 fratribus
803 1461 934 1522 atque
955 1461 1131 1521 collegis
1154 1477 1231 1521 per
1252 1462 1432 1506 univer-‘-

40 1547 131 1577 sam
169 1531 374 1577 Africam.
415 1551 435 1574 ³>
468 1537 485 1591 (
509 1537 566 1578 Et
604 1549 704 1577 cum
741 1533 941 1577 recitaret
986 1532 1103 1577 idem
1134 1532 1241 1578 dixit
1273 1553 1282 1578 :
1325 1536 1433 1578 Tota

40 1604 184 1649 unitas
205 1605 400 1665 ipsorum
418 1621 496 1665 per
514 1605 723 1650 Africam.
759 1605 843 1651 Sed
865 1606 935 1650 hic
957 1621 1058 1650 cum
1079 1604 1163 1650 illis
1187 1615 1250 1650 est
1272 1606 1434 1651 Catho-

40 1675 123 1719 lica
144 1695 154 1720 2
182 1677 227 1719 in
248 1675 340 1720 aliis
363 1685 510 1720 autem
532 1676 649 1720 orbis
671 1676 869 1736 partibus
889 1676 968 1736 ipsi
992 1693 1082 1721 non
1103 1686 1205 1721 sunt
1226 1692 1327 1721 cum
1349 1678 1434 1723 Ca-

41 1744 217 1789 tholica.
252 1748 309 1789 Et
329 1760 431 1789 cum
458 1754 663 1790 tractaret
687 1746 801 1790 idem
820 1747 1066 1807 sequentia,
1093 1747 1250 1791 iterum
1275 1748 1434 1792 recita-

41 1815 104 1860 vit
117 1834 125 1860 :
138 1817 238 1872 )-—«
253 1814 534 1860 Sanctissimis
548 1814 755 1860 fratribus
771 1825 901 1877 atque
914 1816 1088 1875 collegis
1101 1833 1178 1877 per
1190 1818 1435 1863 universam

43 1884 256 1941 Africam,
292 1886 376 1930 hoc
410 1895 496 1941 est,
532 1902 610 1946 per
631 1887 899 1946 provinciam
928 1888 1307 1948 proconsularem,
1338 1891 1433 1934 Nu-

43 1955 218 2000 midiam
237 1991 248 2011 ,
263 1956 585 2011 Mauritaniam,
605 1960 873 2015 Byzacenam
893 1994 903 2013 ,
926 1968 971 2003 et
994 1958 1202 2019 Tripolim
1224 1960 1434 2004 constitu-

43 2027 118 2084 tis,
142 2026 218 2070 sed
244 2035 288 2070 et
308 2027 572 2086 presbyteris
594 2037 637 2071 et
660 2027 851 2073 diaconis
869 2064 879 2084 ,
905 2029 1115 2073 universis
1137 2028 1339 2089 plebibus
1354 2066 1364 2086 ,
1389 2031 1435 2075 in

42 2097 222 2141 veritate
235 2096 460 2155 Evangelii
477 2098 705 2142 nobiscum
723 2099 1028 2155 militantibus,
1048 2100 1312 2156 Victorinus,
1333 2104 1435 2146 For-

43 2164 237 2224 tunatus,
263 2169 555 2224 Victorianus,
576 2170 809 2229 Migginus,
832 2173 1106 2226 Saturninus,
1133 2174 1430 2229 Constantius,

45 2238 301 2294 Candorius,
328 2240 626 2296 Innocentius,
651 2243 930 2298 Cresconius,
957 2242 1222 2298 Florentius,
1248 2243 1431 2300 Salvius,

45 2309 152 2354 alius
187 2308 377 2362 Salvius,
411 2314 630 2367 Donatus,
666 2313 915 2367 Geminius,
951 2317 1252 2358 Praetextatus.
1284 2332 1304 2356 n
1337 2317 1435 2372 (Et

45 2396 145 2425 cum
178 2381 404 2435 recitaret,
434 2381 550 2426 idem
584 2382 718 2428 dixit:
756 2386 852 2443 Ipse
875 2393 939 2427 est
969 2385 1268 2440 Assuritanus,
1300 2401 1433 2445 quem

45 2460 193 2512 postea
208 2462 489 2512 receperunt:
506 2469 606 2498 eum
628 2454 765 2515 quiin
783 2471 826 2499 se
849 2454 957 2499 dixit
977 2456 1250 2511 sententiam,
1271 2456 1434 2516 recepit

94 2537 191 2575 ¹sz0
194 2535 217 2567 it
235 2537 361 2577 Augusti
364 2547 421 2568 nus
445 2538 634 2579 Synodican'i
654 2539 725 2582 Epis
713 2539 771 2571 tol
775 2551 826 2571 ain
855 2540 1153 2572 Maximianistaium
1176 2540 1294 2572 Cabars
1298 2541 1432 2573 assensis

46 2580 184 2612 concilii.
204 2582 302 2612 Potio
319 2591 381 2612 non
396 2592 466 2613 eam
491 2584 615 2615 tecitax
619 2584 643 2615 1t
658 2595 719 2615 uno
739 2588 863 2623 tractu,
882 2585 937 2615 sed
951 2584 1020 2626 aliq
1024 2595 1067 2616 as
1088 2585 1281 2627 intetposuit
1298 2590 1432 2617 annota-

47 2624 148 2656 tiones
166 2627 222 2655 ets
212 2626 382 2656 ententias
387 2636 476 2668 ,quae
494 2628 642 2668 quidem'
635 2639 665 2659 m
684 2628 805 2660 uncinis
821 2628 1040 2671 includuntur,
1059 2633 1092 2662 et
1109 2630 1258 2663 recitatio
1277 2629 1426 2672 Epistolae

49 2668 216 2701 resumitur
232 2673 304 2711 post
319 2669 463 2711 signum:
484 2687 525 2693 --
