1841 3223
353 249 406 288 38
787 257 820 285 s.
858 256 1089 284 Aussusnm
1121 255 1303 283 El>1scoi³1

349 326 450 386 quia
474 324 728 384 ignorabam
754 337 853 366 vere
875 321 934 365 sic
956 319 1096 365 voluit
1122 335 1245 365 nosse
1268 319 1569 380 iniquitatem,
1598 326 1649 362 ut
1670 318 1741 362 in-

347 397 540 449 veniret,
567 404 609 437 et
632 394 805 437 odisset.
832 394 958 437 Nunc
991 402 1136 436 autem
1164 391 1292 436 multi
1319 390 1469 436 dolose
1495 398 1659 448 agunt,
1689 398 1740 435 ut

347 468 571 511 inveniant
595 465 865 524 iniquitatem
889 479 1010 507 suam
1025 499 1036 517 ‚
1062 463 1107 507 id
1136 472 1225 518 est,
1252 479 1339 507 non
1362 478 1412 506 ex
1434 462 1579 508 animo
1601 470 1739 520 agunt

346 538 539 581 invenire
561 544 603 578 et
626 533 779 579 odisse.
809 534 893 579 Sed
915 534 1016 594 quia
1034 534 1079 577 in
1100 534 1190 593 ipsa
1206 533 1485 594 inquisitione
1505 532 1632 578 dolus
1655 540 1735 589 est,

346 609 390 651 in
408 607 657 651 inventione
674 604 872 650 defensio
891 604 1130 665 iniquitatis
1148 605 1244 649 erit.
1261 607 1375 650 Cum
1392 605 1507 648 enim
1524 603 1738 649 invenerit

346 678 621 738 iniquitatem
639 713 649 732 ,
681 692 779 721 ecce
795 677 885 736 jam
907 674 1182 719 manifestum
1209 683 1273 719 est
1294 674 1378 730 illi,
1403 674 1506 734 quia
1533 674 1740 735 iniquitas

346 758 424 793 est.
450 749 547 794 Noli
564 748 681 792 illam
705 748 863 802 facere,
891 746 1049 807 inquis.
1076 749 1134 791 Et
1155 744 1227 789 ille
1247 745 1322 806 qui
1344 745 1494 790 dolose
1515 746 1670 803 agebat
1689 755 1740 790 ut

345 820 586 873 inveniret,
614 821 704 880 jam
731 819 917 871 invenit,
949 827 991 861 et
1028 832 1118 861 non
1153 816 1262 861 odit.
1302 817 1420 870 Quid
1455 816 1571 860 enim
1602 816 1739 862 dicit?

347 893 488 944 Quam
512 889 637 933 multi
660 890 743 933 hoc
761 888 927 932 faciunt
943 923 953 936 ,
981 897 1023 931 et
1041 887 1137 947 quis
1157 887 1242 931 hoc
1268 902 1358 931 non
1379 886 1511 932 facit?
1530 890 1587 932 Et
1608 903 1740 932 num-

345 961 454 1021 quid
474 974 622 1004 omnes
645 958 898 1018 perditurus
922 967 986 1002 est
1002 959 1149 1003 Deus?
1170 960 1260 1002 Aut
1282 967 1399 1002 certe
1419 958 1504 1003 hoc
1528 958 1635 1003 dicit
1656 977 1665 1004 ι
1695 957 1739 1004 Si

347 1031 484 1075 nollet
506 1034 618 1074 Deus
641 1028 713 1073 illa
742 1029 834 1073 fieri
850 1064 861 1083 ‚
886 1029 1084 1073 viverent
1108 1029 1305 1073 homines
1337 1029 1412 1089 qui
1435 1029 1515 1073 ista
1538 1029 1740 1074 commit-⁴

346 1104 472 1147 tunt?
493 1101 625 1146 Vides
649 1101 750 1162 quia
771 1100 920 1145 dolose
945 1100 1099 1158 agebas
1124 1099 1178 1144 ad
1200 1099 1508 1144 inveniendam
1526 1100 1739 1161 iniquita-⁴

347 1180 434 1218 tem
454 1175 606 1217 tuam?
627 1175 737 1218 Nam
759 1173 790 1216 si
813 1187 902 1216 non
924 1171 1095 1226 dolose,
1120 1170 1196 1216 sed
1213 1171 1436 1216 sinceriter
1453 1186 1598 1230 ageres
1613 1207 1624 1227 ‚
1647 1173 1740 1232 jam

347 1244 580 1289 invenisses
602 1253 645 1287 et
667 1243 826 1288 odisses
851 1262 860 1288 :
890 1242 1023 1287 modo
1045 1242 1247 1287 invenisti
1269 1251 1312 1286 et
1334 1241 1533 1287 defendis
1555 1262 1565 1289 ε
1590 1241 1740 1289 dolose

346 1330 450 1375 ergo
466 1315 643 1374 agebaS‚
670 1329 770 1358 cum
793 1329 1023 1375 quaereres.

408 1389 484 1430 lV.
516 1405 536 1428 κ
556 1385 698 1430 Verba
722 1386 806 1429 oris
829 1387 919 1446 ejus
941 1384 1146 1445 iniquitas
1169 1393 1211 1428 et
1232 1383 1359 1429 dolus
1377 1419 1388 1439 ‚
1414 1383 1558 1429 noluit
1578 1382 1741 1429 intelli-

350 1475 372 1498 »
409 1472 533 1515 gere,
558 1466 609 1501 ut
639 1456 752 1500 bene
774 1465 920 1515 ageret
938 1458 970 1498 1.
998 1473 1018 1496 »
1045 1455 1212 1498 Videtis
1243 1455 1346 1515 quia
1377 1455 1595 1500 voluntati
1630 1454 1742 1500 illud

348 1528 502 1571 tribuit
524 1547 532 1572 :
566 1527 666 1587 quia
689 1536 791 1571 sunt
812 1527 1009 1570 homines
1029 1526 1105 1586 qui
1121 1525 1278 1569 volunt
1305 1524 1568 1584 intelligere,
1591 1534 1634 1570 et
1651 1541 1742 1571 non

345 1608 555 1659 possunt3
575 1607 676 1642 sunt
693 1607 839 1642 autem
859 1597 1057 1642 homines
1076 1597 1152 1657 qui
1174 1595 1334 1641 nolunt
1350 1596 1617 1656 intelligere,
1641 1596 1740 1642 ideo

348 1684 436 1714 non
460 1669 725 1726 intelligunt.
749 1687 768 1709 «
787 1666 938 1713 Noluit
956 1666 1199 1726 intelligere
1212 1675 1263 1710 ut
1285 1667 1398 1710 bene
1417 1675 1576 1724 ageret.
1597 1684 1618 1708 η

408 1743 460 1784 V.
486 1759 507 1781 «
533 1740 815 1799 Iniquitatem
839 1737 1071 1782 meditatus
1092 1746 1156 1781 est
1177 1737 1223 1781 in
1251 1736 1387 1781 cubili
1419 1753 1497 1781 suo
1511 1741 1545 1782 ².
1573 1756 1594 1779 ν)
1621 1736 1740 1791 Quid

348 1810 456 1854 dixit
471 1846 482 1865 ‚
507 1830 527 1851 «
550 1813 600 1853 ln
621 1808 754 1853 cubili
790 1811 894 1852 suo?
917 1808 1027 1851 Dixit
1050 1808 1234 1867 injustus
1251 1842 1263 1861 ,
1288 1816 1339 1851 ut
1359 1807 1588 1868 delinquat
1611 1808 1657 1851 in
1677 1823 1741 1852 se-

351 1899 371 1922 »
407 1881 591 1938 metipso
616 1899 624 1923 :
653 1897 672 1919 ))
699 1877 819 1939 quod
842 1877 949 1921 dixit
972 1878 1193 1937 superius:
1225 1879 1325 1933 «ln
1341 1878 1591 1937 semetipso,
1609 1895 1628 1919 η
1655 1878 1740 1923 hoo

348 1951 419 1995 hie
442 1951 575 2004 dixit,
600 1969 620 1991 ι(
643 1952 695 1992 In
715 1947 848 1993 cubili
873 1964 967 1992 suo.
997 1966 1016 1989 »
1043 1947 1200 1993 Cubile
1230 1957 1428 1992 nostrum
1453 1958 1518 1993 est
1539 1964 1614 1993 eor
1635 1964 1739 1994 nos-

347 2031 462 2067 trum
488 2040 496 2065 :
522 2021 584 2064 ibi
607 2018 847 2064 tumultum
880 2019 1070 2078 patimur
1105 2018 1232 2062 malae
1262 2019 1565 2075 conscientiae,
1599 2028 1642 2063 et
1675 2019 1738 2065 ibi

346 2092 654 2153 requiescimus
674 2126 685 2145 ‚
706 2089 884 2150 quando
902 2089 1017 2134 bona
1035 2088 1297 2133 conscientia
1319 2099 1396 2133 est.
1423 2089 1509 2142 Qui
1531 2099 1647 2134 amat
1664 2106 1739 2135 cue

347 2163 435 2207 bile
461 2160 601 2206 cordis
624 2161 710 2215 sui,
739 2159 905 2219 aliquid
930 2160 1032 2203 honi
1054 2159 1115 2202 ibi
1138 2167 1251 2217 agat.
1285 2158 1351 2202 Ibi
1380 2168 1444 2203 est
1465 2158 1632 2215 cubile,
1658 2160 1738 2204 ubi

347 2250 425 2279 nos
447 2233 657 2278 Dominus
677 2235 801 2276 Jesus
818 2231 1014 2276 Christus
1026 2230 1154 2290 jubet
1174 2245 1296 2274 orare
1318 2250 1327 2276 :
1355 2250 1374 2273 «
1402 2234 1521 2275 Intra
1544 2231 1589 2275 in
1612 2231 1738 2276 eubi-

351 2324 370 2347 »
407 2303 557 2348 culum
594 2312 721 2347 tuum
738 2337 749 2357 ,
799 2310 843 2345 et
879 2300 1034 2344 claude
1072 2301 1231 2344 ostium
1263 2310 1404 2344 tuum.
1439 2319 1459 2343 >›
1493 2302 1612 2354 Quid
1644 2310 1734 2358 est,

352 2395 373 2417 «
407 2374 573 2420 Claude
605 2374 763 2419 ostium
798 2374 951 2417 tuum?
976 2390 995 2412 »
1021 2372 1120 2416 Noli
1147 2372 1248 2416 talia
1283 2382 1507 2432 expectare
1540 2373 1595 2417 de
1616 2377 1734 2433 Deo,

346 2462 446 2507 quse
481 2445 716 2489 forinsecus
747 2453 871 2501 sunt3
896 2441 972 2487 sed
1000 2453 1050 2486 ea
1078 2457 1178 2503 quae
1201 2443 1458 2488 intrinsecus
1485 2453 1601 2488 sunt.
1632 2463 1651 2486 «
1678 2447 1736 2489 Et

346 2521 473 2561 Pater
497 2525 596 2559 tuus
611 2550 621 2570 ‚
649 2515 722 2575 qui
741 2513 860 2559 videt
884 2514 930 2558 in
952 2512 1206 2558 abscondito
1222 2549 1234 2568 .,
1259 2512 1413 2559 reddet
1433 2514 1514 2560 tihi
1529 2516 1561 2559 ³.
1586 2534 1606 2557 n
1628 2515 1735 2568 Quis

396 2610 402 2626 ¹
428 2602 507 2634 Psal.
532 2613 629 2642 xxxv,
651 2601 668 2642 4
705 2618 744 2622 ——
766 2608 777 2622 ⁷
796 2600 876 2631 ibid.
898 2599 928 2631 5.
950 2616 990 2621 —
1011 2598 1023 2622 3
1041 2599 1152 2632 Matri).
1175 2610 1223 2641 vr,
1247 2598 1282 2630 6.
