1841 3223
408 198 650 227 ENAnnATio
684 200 729 226 IN
761 196 964 226 PsALMUM
997 197 1115 225 XLiv.
1369 189 1452 228 303

70 284 88 307 »
123 265 178 309 ab
198 265 448 310 hominibus
470 265 769 324 reprobatum,
795 280 819 308 a
840 267 931 309 Deo
949 273 1095 308 autem
1115 263 1344 308 electum1.
1365 268 1454 320 »Et

64 336 171 396 lapis
188 337 242 380 ad
267 332 414 396 caput,
440 336 544 396 quia
564 345 696 395 caput
716 336 795 380 viri
813 336 1007 380 Christus
1023 339 1053 379 ².
1077 339 1134 379 Et
1149 344 1308 380 unctus
1326 335 1451 396 lapis,

63 407 165 466 quia
187 423 210 451 a
232 408 475 452 Chrismate
504 405 647 450 dictus
684 415 748 449 est
772 406 973 450 christus.
1010 409 1066 451 Et
1096 406 1302 451 videntur
1328 406 1454 452 scalae

64 476 283 521 revelante
304 477 478 523 Christo
500 493 523 520 a
545 485 658 520 terra
676 477 721 520 in
743 475 922 532 coelum,
948 477 1018 521 vel
1040 493 1062 521 a
1080 477 1194 522 coclo
1216 477 1260 522 in
1278 488 1453 534 terram,

63 557 108 592 et
129 547 409 593 ascendentes
427 556 470 592 et
487 545 800 592 descendentes
822 546 979 606 Angeli
994 549 1008 573 ³
1042 547 1160 601 Quid
1174 549 1258 593 hoc
1279 550 1347 606 sit,
1365 565 1458 594 mc-

63 618 146 663 lius
169 618 442 674 videbimus,
479 633 581 663 cum
614 617 911 662 testimonium
946 618 1245 676 evangelicum
1278 620 1333 664 ab
1366 621 1459 681 ipso

64 690 251 734 Domino
273 688 773 734 commemoraverimus.
814 688 958 733 Nostis
985 689 1087 750 quia
1115 689 1253 734 Jacob
1272 689 1363 749 ipse
1397 701 1461 737 est

61 758 235 809 1513014.
264 759 333 804 1111
365 760 483 806 0111111
506 775 608 804 cum
630 759 800 818 Angelo
821 757 1007 803 luctanti
1030 769 1073 804 et
1094 760 1377 820 praevalenti,
1414 771 1458 807 et

63 829 296 876 benedicto
332 831 388 875 ab
425 847 477 876 eo
504 831 576 876 cui
605 831 863 890 praevaluit,
907 846 1068 875 nomen
1107 840 1325 876 mutatum
1367 842 1458 889 est,

62 911 113 946 ut
148 901 442 962 appellaretur
476 904 607 949 Israel
642 923 651 949 :
688 904 800 948 sicut
836 904 1024 965 populus
1058 902 1190 948 Israel
1226 904 1457 964 praevaluit

62 972 250 1028 Christo,
275 982 326 1016 ut
347 973 622 1033 crucifigeret
643 990 745 1019 eum
768 993 777 1018 :
803 984 846 1019 et
868 984 1014 1020 tamen
1037 975 1081 1019 in
1103 975 1169 1018 1115
1186 975 1263 1034 qui
1285 975 1459 1022 Christo

64 1042 370 1099 crediderunt,
402 1044 458 1087 ab
490 1044 583 1103 ipso
604 1045 675 1090 cui
697 1044 928 1105 praevaluit
943 1080 954 1102 ,
980 1044 1236 1090 benedictus
1258 1055 1336 1091 est.
1375 1045 1460 1091 Sed

61 1113 189 1158 multi
227 1131 317 1159 non
355 1114 661 1171 crediderunt,
692 1116 796 1160 inde
836 1116 1096 1162 claudicatio
1125 1118 1277 1162 Jacob.
1314 1121 1457 1162 Bene-

61 1185 194 1230 dictio
226 1196 269 1231 et
289 1186 566 1232 claudicatio.
595 1188 847 1233 Benedictio
882 1190 927 1232 in
948 1189 1013 1234 his
1036 1190 1113 1250 qui
1144 1189 1425 1235 crediderunt
1442 1225 1453 1246 ‚

61 1272 163 1300 nam
191 1266 340 1316 postea
380 1258 580 1304 novimus
612 1275 663 1303 ex
699 1259 776 1304 illo
810 1259 976 1320 populo
1010 1260 1171 1306 multos
1208 1260 1453 1307 credidisse.

60 1325 331 1372 Claudicatio
365 1337 512 1372 autem
542 1330 587 1373 iu
617 1329 684 1374 his
718 1330 793 1390 qui
826 1347 916 1375 non
945 1330 1241 1376 crediderunt.
1277 1334 1333 1376 Et
1355 1332 1457 1392 quia

61 1397 206 1456 plures
235 1415 325 1444 non
352 1399 658 1457 crediderunt,
694 1411 737 1446 et
764 1403 892 1461 pauci
922 1401 1204 1447 crediderunt
1232 1422 1241 1448 :
1277 1402 1376 1448 ideo
1408 1412 1459 1448 ut

61 1468 184 1512 fieret
212 1468 494 1526 claudicatio,
520 1472 661 1530 tetigit
690 1471 971 1517 latitudinem
993 1473 1169 1517 femoris
1200 1474 1308 1534 ejus.
1337 1473 1456 1528 Quid

62 1547 127 1582 est
148 1537 336 1584 latitudo
357 1539 532 1585 femoris
555 1542 679 1602 ejus?
700 1541 941 1587 Multitudo
967 1544 1148 1602 generis.
1176 1544 1332 1588 Videte
1354 1560 1458 1603 ergo

58 1607 195 1654 scalas
215 1608 308 1654 illas
330 1630 338 1654 ;
356 1612 567 1656 Dominus
590 1611 768 1672 quando
793 1613 903 1657 vidit
920 1613 1234 1660 Natlianae'lem
1256 1614 1301 1658 in
1319 1617 1459 1659 Evan-

61 1680 173 1739 gelio
198 1681 257 1725 ait
278 1701 288 1727 ;
312 1701 332 1724 «
353 1685 466 1727 Ecce
489 1699 590 1728 vere
615 1684 805 1728 Israelita
820 1720 830 1740 ,
862 1685 906 1729 111
930 1702 1019 1746 quo
1042 1685 1168 1730 dolus
1191 1702 1281 1730 non
1306 1688 1409 1730 est⁵.
1430 1704 1451 1728 »

62 1752 132 1796 Sic
168 1753 284 1796 enim
315 1752 475 1798 dicitur
509 1754 564 1797 de
597 1755 689 1813 ipso
722 1755 886 1811 Jacob,
925 1775 945 1797 «
979 1759 1036 1800 Et
1066 1765 1158 1800 crat
1190 1756 1326 1801 Jacob
1361 1756 1453 1800 sine

61 1838 84 1862 >›
118 1822 221 1865 dolo
247 1823 449 1865 habitans
481 1824 526 1863 in
561 1823 718 1864 domo⁰
742 1840 751 1864 ;
782 1839 802 1862 »
827 1825 912 1864 hoc
934 1826 1128 1866 recolens
1152 1827 1363 1871 Dominus
1383 1827 1453 1872 vi-

61 1891 169 1936 dens
193 1891 505 1937 Nathanaelem
532 1891 623 1935 sine
653 1890 756 1935 dolo
782 1891 838 1935 de
869 1901 998 1949 gente
1032 1891 1105 1936 illa
1134 1901 1178 1936 et
1205 1892 1260 1936 de
1291 1894 1456 1953 populo

61 1962 162 2019 illo,
192 1982 213 2006 «
242 1966 355 2008 Ecce
387 1978 516 2018 vere,
552 1963 726 2022 inquit,
766 1963 959 2008 Israelita
996 1963 1041 2007 in
1070 1980 1159 2024 quo
1196 1964 1323 2010 dolus
1366 1982 1456 2011 non

64 2052 84 2077 »
120 2043 198 2080 est.
228 2053 248 2075 »
274 2033 523 2094 Appellavit
550 2033 790 2078 Israelitam
807 2069 817 2089 ‚
848 2035 893 2079 in
924 2051 1013 2095 quo
1046 2034 1172 2080 dolus
1197 2052 1288 2081 non
1313 2047 1423 2082 esset
1441 2073 1453 2095 ,

63 2114 241 2164 propter
258 2104 411 2149 Jacob.
437 2107 494 2149 Et
515 2103 589 2148 ille
613 2104 878 2161 Nathana‘e'l,
909 2105 1073 2150 «Unde
1097 2122 1167 2150 me
1188 2108 1328 2152 nosti?
1352 2127 1372 2150 »
1398 2112 1456 2154 Et

62 2175 298 2230 Dominus,
327 2194 348 2217 «
373 2176 485 2219 Cum
508 2190 618 2218 esses
639 2175 720 2219 sub
746 2176 902 2220 arbore
930 2175 1002 2220 fici
1029 2175 1118 2220 vidi
1146 2186 1219 2221 te:
1248 2196 1267 2219 ))
1295 2178 1340 2222 id
1363 2188 1452 2235 est,

64 2261 163 2291 cum
187 2261 296 2290 esses
310 2246 355 2289 in
378 2244 453 2290 illo
472 2245 635 2305 populo
655 2246 848 2305 sublege
871 2248 1149 2304 constitutus,
1171 2265 1270 2309 quae
1292 2249 1455 2295 carnali

65 2315 223 2364 umbra
245 2315 372 2360 illum
396 2316 606 2376 populum
634 2318 890 2376 protegebat
905 2353 916 2373 ‚
945 2318 1005 2362 ibi
1027 2327 1069 2362 te
1098 2317 1202 2363 vidi.
1226 2319 1343 2373 Quid
1364 2329 1452 2376 est,

65 2386 128 2432 ibi
151 2395 193 2431 te
217 2386 337 2432 vidi?
360 2386 428 2431 Ibi
449 2386 514 2431 tui
550 2387 750 2431 misertus
772 2403 884 2432 sum.
914 2386 994 2432 Ille
1027 2397 1175 2434 autem
1206 2390 1456 2436 recordatus

116 2489 125 2505 ¹
149 2494 161 2514 1
183 2485 268 2521 Petr.
288 2494 328 2524 ιι,
348 2481 380 2525 4.
401 2500 442 2505 —-
460 2490 472 2505 2
497 2494 509 2514 1
532 2484 607 2516 Cor.
631 2494 676 2524 xi,
695 2483 726 2518 3.
748 2482 813 2507 *3
832 2486 911 2516 Gen.
929 2495 1040 2526 xxviii,
1066 2493 1119 2527 12,
1134 2488 1315 2530 etJoan.1‚
1335 2487 1388 2522 51.
1413 2504 1456 2512 -

69 2537 84 2568 4
100 2540 180 2572 Gen.
199 2549 302 2580 xxxn,
323 2537 379 2571 28.
401 2556 441 2561 —
460 2536 566 2571 5Joan
599 2550 621 2580 1,
641 2538 696 2581 45..
717 2556 758 2562 —
773 2537 788 2562 6
811 2541 890 2572 Gen.
907 2550 981 2583 xxv,
1002 2549 1056 2584 27.
