1841 3223
405 222 646 249 EmAnnA‘rio
681 225 723 249 liv
758 222 961 250 PsALMoM
994 220 1133 247 xxxix.
1375 211 1455 246 207

70 286 146 331 sed
169 287 336 331 medico
358 288 550 346 patebat.
577 286 707 340 Quod
729 287 783 332 de
806 287 881 331 illo
899 286 1231 346 pronuntiatum
1254 293 1342 340 est,
1375 284 1460 329 hoc

70 355 299 416 impletum
327 365 405 401 est.
438 359 628 402 Noverat
657 357 702 400 in
724 357 799 401 illo
828 361 942 401 Deus
966 355 1086 417 quod
1108 355 1154 400 in
1180 371 1224 400 se
1251 355 1340 415 ipse
1369 355 1465 399 non*

71 436 275 485 noverat,
299 425 401 486 quia
422 441 496 470 eor
518 426 608 486 ejus
629 425 919 486 dereliquerat
939 442 1039 471 eum
1056 462 1067 483 ,
1093 441 1167 471 cor
1186 426 1279 485 ejus
1298 424 1462 469 latebat

72 513 147 556 eor
169 498 274 559 ejus.
301 499 392 541 «Et
407 511 482 540 eor
497 511 645 540 meum
668 496 999 556 dereliquitme.
1017 515 1038 538 »
1064 496 1181 550 Quid
1204 498 1336 554 ergo?
1352 494 1463 557 quid

73 569 335 614 clamamus?
357 566 465 628 quid
486 566 698 612 dicimus?
719 586 736 609 «
754 567 928 614 Placeat
949 567 1030 613 tibi
1046 603 1056 623 ,
1077 567 1286 623 Domine,
1312 582 1462 614 eruere

76 658 96 682 »
131 640 248 683 me1.
275 656 296 679 n
334 641 555 698 Tanquam
587 638 750 683 diceret
784 659 793 683 ;
827 657 846 680 «
875 637 917 683 Si
950 638 1036 694 vis,
1071 646 1194 697 potes
1222 653 1291 681 me
1333 652 1464 682 mun-

76 728 97 752 »
132 708 236 754 dare
252 710 284 753 ².
319 707 490 753 Placeat
517 709 598 753 tibi
633 724 783 753 eruere
811 724 912 765 me,
940 708 1150 763 Domine,
1181 708 1227 752 in
1249 706 1463 769 adjuvan-

77 798 97 822 »
134 779 239 824 dum
271 779 375 825 mihi
407 779 585 840 respice.
614 799 634 821 »
660 780 859 825 Membra
886 779 1166 839 poenitentia,
1199 778 1394 822 membra
1417 778 1465 823 in

74 849 299 895 doloribus
318 851 473 910 posita,
498 850 693 906 membra
716 851 795 895 sub
815 849 1084 894 ferramentis
1098 847 1256 893 medici
1275 847 1464 893 claman-

75 912 133 966 tia
145 956 155 975 ,
172 921 247 966 sed
264 921 494 981 sperantia.
515 921 748 976 «Domine,
766 921 810 965 in
823 918 1121 981 adjuvandum
1133 919 1239 963 mihi
1253 919 1460 979 respice.»

133 993 297 1035 XXIV.
337 989 724 1044 «Confundantur,
745 1000 787 1035 et
802 999 1081 1035 revereantur
1093 988 1237 1044 simul,
1252 989 1328 1050 qui
1342 1005 1464 1049 quae-

79 1080 99 1103 »
134 1070 238 1106 runt
259 1061 447 1106 animam
470 1077 613 1105 meam
637 1071 684 1106 ut
705 1061 904 1106 auferant
925 1062 1062 1105 eam3.
1086 1079 1106 1102 >›
1126 1060 1327 1114 Quodam
1348 1060 1465 1104 enim

75 1131 173 1178 loco
191 1143 378 1189 accusat,
399 1142 442 1177 et
455 1132 560 1177 dicit
581 1152 589 1177 z
619 1152 636 1173 «
654 1132 929 1192 Aspicieham
950 1132 996 1175 in
1018 1132 1256 1186 dexteram,
1281 1140 1322 1175 et
1341 1131 1465 1176 vide-

79 1222 100 1245 »
135 1203 258 1259 bam,
277 1212 323 1264 'et
344 1219 433 1248 non
456 1212 546 1248 crat
576 1203 650 1264 qui
672 1203 911 1263 requireret
934 1201 1119 1246 animam
1143 1201 1311 1246 meam4
1337 1220 1346 1246 :
1373 1220 1393 1244 »
1418 1200 1466 1260 id

76 1283 141 1320 est
156 1310 166 1329 ,
204 1290 293 1319 non
322 1284 414 1320 erat
434 1275 508 1335 qui
528 1290 597 1318 me
613 1274 869 1319 imitaretur.
894 1273 1092 1319 Christus
1114 1273 1158 1318 in
1181 1273 1378 1333 passione
1398 1272 1467 1318 lo-

77 1345 227 1406 quitur
247 1364 257 1389 2
282 1347 340 1389 Et
357 1344 637 1389 attendebam
648 1345 693 1388 in
706 1343 944 1400 dexteram,
961 1344 1007 1388 id
1029 1353 1107 1399 est,
1128 1359 1216 1388 non
1245 1342 1298 1387 ad
1310 1343 1466 1403 impios

80 1418 102 1460 J
108 1415 279 1474 udaeos,
310 1415 385 1460 scd
411 1415 466 1460 ad
485 1415 621 1475 ipsam
640 1415 857 1460 dexteram
872 1451 882 1471 ,
905 1415 957 1460 ad
974 1413 1345 1475 ipsosApostolos.
1377 1416 1469 1458 «Et

81 1503 101 1526 »
120 1501 209 1530 non
228 1495 319 1530 erat
335 1485 411 1546 qui
428 1486 666 1546 requireret
685 1486 873 1530 animam
888 1500 1073 1529 meam.»
1095 1486 1242 1544 Usque
1256 1482 1364 1528 adeo
1378 1499 1468 1529 non

79 1566 171 1601 erat
187 1557 262 1617 qui
284 1557 523 1617 requireret
542 1557 729 1601 animam
752 1571 893 1600 meam
911 1591 921 1611 ,
946 1565 997 1599 ut
1019 1555 1096 1615 qui
1116 1564 1465 1615 praesumpserat,

79 1635 257 1686 negaret
273 1626 461 1671 animam
478 1629 659 1672 meam5.
693 1626 777 1672 Sed
795 1627 896 1687 quia
914 1625 1086 1670 duobus
1105 1625 1244 1670 modis
1260 1626 1471 1686 quaeritur

79 1698 234 1753 homo,
270 1706 346 1741 aut
369 1713 458 1757 quo
479 1696 635 1742 fruaris
651 1733 661 1752 ‚
687 1705 762 1740 aut
801 1713 933 1757 quem
955 1696 1254 1757 persequaris,
1278 1696 1377 1742 ideo
1399 1697 1470 1741 hic

81 1766 186 1812 alios
209 1767 335 1822 dicit,
366 1782 476 1828 quos
496 1765 591 1811 vult
618 1766 831 1820 confundi
854 1776 897 1811 et
922 1767 1133 1822 revereri,
1163 1767 1239 1827 qui
1265 1776 1472 1826 quaerunt

82 1837 271 1882 animam
309 1853 448 1882 suam.
487 1836 571 1882 Sed
602 1853 658 1881 ne
689 1837 750 1882 sic
784 1837 1070 1896 intelligeres,
1108 1836 1332 1898 quomodo
1369 1853 1471 1882 cum

81 1907 293 1969 quaeritur
314 1907 369 1952 de
388 1907 610 1952 nonnullis
638 1923 727 1952 non
760 1908 1059 1969 quaerentibus
1081 1908 1269 1952 animam
1292 1924 1416 1952 suam
1459 1928 1468 1954 :

87 1998 108 2022 (ι
126 1981 183 2024 Ut
200 1978 399 2024 auferant
420 1994 512 2023 eam
530 2015 541 2035 ,
564 1997 584 2020 »
609 1979 773 2039 inquit,
798 1979 843 2023 id
866 1989 930 2024 cst
945 2015 956 2035 ‚
982 1979 1038 2024 ad
1059 1989 1245 2025 mortem
1267 1989 1473 2041 quaerunt

84 2049 273 2094 animam
289 2065 430 2093 meam
446 2069 455 2094 ε
471 2049 643 2110 adjecit,
668 2069 688 2092 «
705 2049 1062 2106 Confundantur,
1077 2060 1120 2095 et
1136 2061 1430 2096 revereantur.
1448 2069 1470 2093 »

83 2122 141 2165 Et
161 2135 260 2164 vere
276 2118 404 2163 multi
425 2120 691 2180 quaesierunt
705 2121 892 2164 animam
907 2121 1039 2180 ipsius
1052 2157 1062 2176 ,
1088 2131 1132 2166 et
1152 2122 1320 2166 confusi
1342 2131 1385 2167 et
1401 2137 1472 2166 re-

85 2190 210 2234 veriti
232 2198 334 2234 sunt
354 2208 362 2234 :
380 2189 647 2250 quaesierunt
669 2190 857 2234 animam
876 2191 1029 2251 ipsius,
1046 2201 1088 2236 et
1100 2192 1212 2236 sicut
1232 2191 1315 2236 illis
1332 2193 1475 2237 visum

86 2269 175 2316 est,
213 2258 487 2304 abstulerunt
517 2259 704 2303 animam
731 2260 891 2320 ipsius3
916 2260 992 2305 sed
1018 2260 1090 2306 ille
1112 2271 1370 2321 potestatem
1390 2263 1473 2308 ha·-

88 2331 184 2375 buit
210 2329 403 2390 ponendi
429 2331 617 2375 animam
648 2347 767 2376 suam
785 2368 796 2386 ,
826 2342 869 2376 et
890 2341 1149 2392 potestatem
1169 2333 1327 2377 habuit
1358 2335 1472 2379 reci-

87 2401 237 2461 piendi
251 2401 438 2445 animam
450 2403 607 2446 suamss.
619 2405 734 2460 Ergo
748 2402 810 2446 illi
826 2404 957 2462 gavisi
969 2413 1070 2448 sunt
1080 2420 1182 2449 cum
1194 2404 1353 2465 posuit,
1365 2421 1472 2452 con-

137 2493 145 2508 ¹
167 2488 259 2518 Joan.
278 2497 312 2526 x,
331 2486 380 2519 18.
400 2504 442 2509 —
461 2493 474 2509 ²
494 2487 575 2520 Psal.
599 2498 718 2527 xxmx,
740 2485 791 2529 14.
812 2504 847 2510 —-
870 2486 883 2510 3
898 2487 1012 2521 Matth.
1032 2500 1108 2529 viu,
1129 2499 1162 2522 2.
1176 2507 1218 2513 -
1234 2488 1471 2533 APsal.xxx1x‚

94 2541 144 2575 15.
166 2559 205 2565 —
230 2540 245 2565 5
267 2542 335 2574 Psal
363 2553 446 2584 exn,
469 2541 502 2574 5.
521 2560 563 2566 —-
581 2540 596 2566 6
614 2543 727 2576 Matth.
751 2554 836 2585 xxvi,
855 2554 908 2586 70.
