1841 3223
405 210 488 248 218
839 220 871 245 s.
908 217 1139 244 Aucus'nm
1171 218 1352 244 131³1se01²1

401 284 558 328 videris
576 285 819 327 erubescas.
850 281 1050 339 Intellige
1071 296 1174 340 ergo
1196 296 1326 340 super
1343 295 1528 339 egenum
1552 288 1595 324 et
1618 295 1786 340 paupe-

400 370 490 398 rem
513 373 521 398 :
546 354 591 398 id
609 363 693 408 est,
717 368 846 412 super
866 352 1087 397 Christum
1108 368 1117 393 ε
1143 350 1334 409 intellige
1355 352 1401 394 in
1424 366 1475 395 co
1506 349 1696 395 occultas
1720 350 1789 396 di-

398 425 544 479 vitias,
581 439 713 484 quem
747 439 982 483 pauperem
1009 422 1143 467 vides.
1185 426 1237 467 ln
1271 438 1322 467 eo
1358 431 1460 466 sunt
1494 423 1611 466 enim
1639 437 1788 467 omnes

399 495 589 538 thesauri
605 494 826 553 sapientiae
844 503 887 538 et
904 494 1091 538 scientiae
1107 493 1351 537 absconditi
1365 495 1394 536 ¹.
1417 492 1528 537 Hinc
1545 492 1661 536 enim
1678 501 1721 536 te
1742 493 1788 537 in

399 564 468 609 die
491 564 602 609 mala
636 564 868 620 liberabit,
905 580 955 608 ex
984 580 1036 610 eo
1060 564 1182 624 quod
1211 567 1323 607 Deus
1351 573 1413 608 est
1439 582 1448 608 :
1482 579 1534 607 ex
1563 578 1614 608 eo
1642 573 1789 608 autem

398 635 519 694 quod
540 636 673 680 homo
691 646 779 690 est,
811 645 856 680 et
880 634 992 679 illud
1019 633 1140 694 quod
1166 633 1211 677 in
1240 632 1315 677 illo
1342 633 1584 677 humanum
1606 643 1698 678 erat
1719 650 1789 679 re-

399 706 645 761 suscitavit,
673 716 716 750 et
739 707 785 751 in
802 706 956 750 melius
977 704 1217 759 convertit,
1243 704 1289 748 in
1317 703 1482 749 coelum
1508 703 1790 749 levavitsllle

398 785 545 820 autem
564 777 639 837 qui
654 780 768 821 Deus
782 785 866 831 est,
887 776 964 836 qui
978 790 1111 819 unam
1129 790 1357 834 personam
1368 774 1530 818 habere
1549 775 1594 819 in
1611 775 1790 820 homine

398 855 442 891 et
463 862 564 890 cum
577 847 755 891 homine
770 845 925 900 voluit,
941 861 1022 890 nec
1042 845 1305 900 decrescere,
1322 860 1402 889 nec
1415 860 1605 890 crescere
1626 846 1786 905 potuit,

398 933 478 962 nec
494 917 603 963 mori
619 933 699 962 nec
712 932 950 976 resurgere.
968 919 1168 962 Mortuus
1180 925 1242 961 est
1253 932 1306 961 ex
1318 916 1570 961 infirmitate
1582 917 1786 973 hominis,

398 998 604 1033 caeterum
634 992 748 1033 Deus
768 1004 859 1033 non
882 989 1080 1033 moritur.
1105 991 1216 1034 Nam
1237 986 1359 1048 quod
1381 987 1577 1031 Verbum
1599 988 1677 1032 Dei
1699 1003 1789 1032 non

397 1059 599 1113 moritur,
624 1074 679 1103 ne
700 1059 887 1115 mireris,
914 1058 1092 1120 quando
1116 1074 1207 1104 non
1233 1059 1419 1103 moritur
1441 1058 1584 1102 anima
1603 1059 1650 1102 in
1669 1061 1789 1103 Mar-

397 1130 510 1188 tyre.
535 1129 670 1175 Modo
692 1146 781 1176 non
803 1129 1089 1175 audiebamus
1111 1130 1253 1190 ipsum
1276 1129 1513 1174 Dominum
1535 1129 1754 1174 dicentem
1774 1145 1784 1172 ε

402 1220 423 1242 «
456 1200 600 1246 Nolite
622 1201 774 1244 timere
795 1216 867 1245 eos
890 1202 967 1261 qui
990 1216 1148 1260 corpus
1170 1198 1376 1244 occidunt
1392 1235 1403 1254 ,
1427 1199 1616 1244 animam
1642 1209 1788 1244 autem

399 1289 420 1313 n
455 1287 546 1316 non
567 1281 749 1330 possunt
771 1271 1008 1316 occidere&
1034 1290 1054 1313 »
1077 1274 1192 1329 Ergo
1213 1271 1502 1315 morientibus
1523 1271 1790 1328 Martyribus

396 1342 553 1386 animae
574 1345 818 1400 Martyrum
844 1352 1027 1387 mortuae
1050 1358 1141 1387 non
1166 1351 1289 1397 sunt,
1317 1351 1361 1386 et
1382 1342 1594 1386 moriente
1616 1342 1789 1387 Christo

395 1414 659 1457 moriturum
676 1423 768 1458 erat
784 1414 1010 1458 Verbum?
1029 1414 1189 1474 Utique
1209 1412 1408 1457 Verbum
1431 1413 1510 1457 Dei
1531 1412 1672 1457 multo
1695 1429 1788 1456 am-

395 1483 509 1543 plius
526 1493 590 1528 est
611 1499 744 1544 quam
767 1485 911 1528 anima
931 1484 1144 1541 hominis3
1169 1483 1271 1544 quia
1301 1484 1444 1527 anima
1467 1484 1654 1528 hominis
1674 1482 1789 1528 sacta

395 1563 459 1597 est
480 1569 503 1597 a
526 1557 638 1605 Deo3
669 1563 713 1598 et
734 1554 768 1598 si
801 1552 919 1600 facta
941 1563 1004 1598 est
1027 1570 1051 1598 a
1073 1557 1186 1609 Deo,
1213 1569 1291 1614 per
1321 1554 1518 1598 Verbum
1552 1552 1667 1598 facta
1689 1564 1756 1599 est
1775 1573 1785 1599 :

395 1625 496 1684 quia
512 1624 657 1669 omnia
676 1639 752 1685 per
778 1625 920 1686 ipsum
940 1624 1054 1669 facta
1076 1627 1218 1669 suntss.
1242 1629 1358 1685 Ergo
1380 1640 1461 1668 nec
1481 1625 1669 1669 moritur
1685 1627 1790 1669 Ver-

395 1694 503 1738 bum
520 1730 530 1749 ,
557 1710 658 1739 cum
690 1711 781 1740 non
810 1696 1021 1740 moriatur
1043 1696 1186 1739 anima
1207 1694 1321 1739 facta
1352 1710 1430 1754 per
1457 1695 1670 1739 Verbum.
1704 1695 1789 1741 Sed

393 1765 618 1825 quomodo
651 1774 767 1810 recte
790 1764 974 1810 dicimus
997 1786 1005 1811 :
1031 1769 1231 1811 Mortuus
1261 1774 1325 1809 est
1352 1765 1486 1809 homo
1502 1799 1512 1819 ,
1546 1765 1624 1808 etsi
1645 1765 1789 1809 anima

393 1835 525 1894 ipsius
548 1851 637 1880 non
654 1837 864 1882 moriatur
882 1837 962 1881 :sic
976 1845 1091 1881 recte
1113 1835 1297 1880 dicimus
1315 1854 1323 1880 :
1344 1838 1546 1880 Mortuus
1564 1843 1628 1878 est
1644 1835 1789 1879 Chris·

393 1915 462 1950 tus
474 1941 484 1960 ,
508 1906 587 1950 etsi
604 1906 813 1951 Divinitas
834 1908 925 1967 ejus
942 1922 1032 1951 non
1053 1907 1278 1951 moriatur.
1297 1908 1496 1950 Mortuus
1515 1904 1664 1949 unde?
1678 1906 1789 1959 Quia

393 1990 553 2033 egenus
585 1985 628 2020 et
665 1992 843 2036 pauper.
883 1980 981 2022 Non
1020 1986 1061 2020 te
1096 1976 1360 2036 perstringat
1394 1991 1508 2020 mors
1543 1977 1674 2035 ipsius
1693 2012 1704 2031 ,
1744 1986 1788 2022 et

393 2055 559 2090 avertat
580 2055 623 2091 te
651 2064 673 2091 a
705 2046 954 2091 contuenda
979 2047 1225 2092 Divinitate.
1258 2066 1278 2089 ι(
1300 2049 1456 2091 Beatus
1482 2047 1560 2106 qui
1582 2046 1787 2106 intelligit

396 2135 416 2158 »
451 2132 580 2177 super
617 2132 804 2175 egenum
836 2127 879 2161 et
906 2126 1158 2177 pauperem.
1190 2136 1210 2158 »
1245 2117 1428 2177 Respice
1459 2126 1502 2161 et
1542 2133 1783 2178 pauperes,

392 2197 586 2246 egentes,
624 2189 860 2232 esurientes
893 2197 936 2232 et
967 2189 1185 2243 sitientes,
1220 2190 1569 2248 peregrinantes,
1607 2188 1782 2246 nudos,

391 2267 600 2318 aegrotos,
626 2258 671 2302 in
699 2274 869 2303 carcere
891 2260 1147 2303 constitutos
1175 2279 1183 2303 :
1208 2260 1402 2319 intellige
1436 2270 1479 2304 et
1499 2275 1629 2320 super
1651 2259 1784 2304 talem

390 2344 650 2388 pauperem,
677 2330 778 2389 quia
806 2338 850 2373 et
875 2330 908 2374 si
938 2345 1065 2389 super
1089 2329 1220 2373 talem
1251 2330 1475 2388 intelligis,
1505 2346 1635 2390 super
1658 2330 1782 2374 illum

390 2398 616 2458 intelligis,
642 2401 718 2461 qui
735 2400 842 2445 dixit
863 2420 872 2445 :
903 2419 922 2442 «
942 2399 1129 2455 Esurivi,
1150 2400 1291 2456 sitivi,
1312 2399 1476 2457 nudus,
1501 2401 1753 2461 peregrinus
1768 2435 1779 2455 ,

436 2513 445 2529 ¹
469 2507 584 2540 Coloss.
606 2518 640 2549 u,
661 2508 689 2540 3.
713 2525 750 2533 —-
769 2508 910 2541 ²Matth.
933 2518 965 2549 x,
983 2507 1038 2540 28.
1066 2524 1107 2531 —-
1129 2504 1142 2530 3
1161 2509 1252 2539 Joan.
1274 2518 1296 2548 1,
1317 2508 1348 2539 3.
