1841 3223
383 185 463 224 142
820 192 854 219 S.
891 192 1122 220 Ancus‘rim
1153 192 1335 219 111150οΡ1

375 281 396 304 »
433 263 563 306 biam.
594 279 613 301 »
640 261 723 313 Qui
742 258 797 303 ad
811 274 860 302 03
879 275 978 318 quae
997 258 1203 303 audiebat
1225 273 1314 303 non
1331 256 1642 317 respondebat,
1668 266 1762 302 tan-

372 348 505 394 quam
527 348 616 376 non
640 330 859 375 audiebat.
886 333 1009 389 «Ego
1028 339 1172 374 autem
1191 330 1310 375 velut
1327 328 1483 374 surdus
1504 343 1594 373 non
1616 328 1764 373 audie-

374 422 393 445 »
411 405 511 447 bam
535 422 543 446 ;
564 411 606 446 et
628 402 738 445 sieut
760 409 907 444 mutus
926 416 1014 445 non
1039 402 1233 461 aperiens
1251 417 1298 446 os
1317 416 1461 445 suum.
1478 419 1499 442 1)
1526 403 1584 445 Et
1604 400 1762 460 repetit

371 474 523 518 eadem
545 491 553 516 :
585 490 601 509 «
625 473 682 515 Et
698 468 838 514 factus
860 486 954 515 sum
975 471 1086 515 sicut
1107 472 1240 516 homo
1259 487 1347 516 non
1370 470 1550 515 audiens
1565 506 1577 527 ,
1602 480 1647 515 et
1666 486 1758 515 non

374 563 394 586 »
409 544 576 587 habens
593 543 637 586 in
652 557 726 587 ore
749 558 827 587 suo
848 542 1176 602 redargutiones
1191 546 1220 587 ¹.
1233 563 1250 585 »
1272 543 1404 596 Quasi
1419 558 1507 587 non
1521 551 1629 587 esset
1640 541 1762 603 quod

368 613 452 658 illis
474 614 658 669 diceret,
689 613 813 673 quasi
835 629 924 658 non
948 624 1058 660 esset
1083 613 1203 658 unde
1240 613 1336 658 illos
1359 623 1573 672 argueret.
1605 616 1760 658 Nonne

363 686 453 752 jam
467 694 591 728 antea
614 683 782 728 multz'i
773 694 1096 744 increpaverat,
1123 684 1261 728 multa
1284 685 1473 739 dixerat,
1502 693 1545 728 et
1567 683 1758 740 dixerat,

373 776 393 799 «
430 759 505 800 Vae
528 756 650 800 vobis
675 756 837 800 Seribae
861 766 904 799 et
928 757 1130 800 Pharisoei
1147 756 1472 815 ,l1vpocritae2,
1501 775 1522 797 »
1553 765 1597 800 et
1623 749 1761 800 mu'lta

368 826 499 872 talia?
518 830 678 871 Tamen
706 827 883 886 quando
904 842 1050 885 passus
1073 835 1161 882 est,
1187 827 1297 870 1111111
1320 828 1400 871 1101
1404 842 1477 871 11111
1501 825 1646 871 dixit.
1671 842 1762 871 non

367 899 470 959 quia
488 914 577 942 non
594 898 787 941 habebat
803 896 923 957 quod
941 897 1120 952 diceret,
1142 898 1213 942 sed
1231 899 1486 958 expectabat
1508 908 1557 942 ut
1573 897 1762 957 comple-

366 980 465 1014 rent
491 969 551 1012 illi
575 969 744 1023 omnia,
775 977 817 1012 et
842 968 1129 1028 implerentur
1150 985 1300 1013 omnes
1320 958 1562 1029 prophetiae
1583 969 1638 1013 de
1660 968 1757 1024 illo,

367 1041 423 1085 de
435 1057 524 1101 qno
539 1040 705 1084 dictum
721 1049 812 1083 erat
830 1059 838 1084 :
869 1042 960 1084 «Et
983 1040 1093 1085 sicut
1108 1041 1197 1085 ovis
1215 1056 1359 1085 eoram
1383 1040 1591 1085 tondente
1609 1055 1653 1084 se
1670 1041 1761 1085 sine

369 1129 390 1153 >›
405 1127 527 1166 voce,
548 1126 638 1155 non
662 1111 829 1169 aperuit
845 1113 1073 1154 05511111113.
1100 1131 1118 1152 »
1144 1112 1387 1170 Oportebat
1409 1126 1510 1170 ergo
1532 1120 1582 1155 ut
1597 1119 1761 1155 taceret

366 1182 412 1225 in
425 1182 637 1242 passione,
650 1196 738 1225 non
752 1182 962 1226 taciturus
974 1181 1016 1224 in
1027 1180 1206 1241 judicio.
1220 1181 1491 1225 Judicandus
1504 1183 1618 1225 enim
1632 1196 1761 1226 vene-

366 1261 448 1307 rat,
470 1253 545 1313 qui
562 1261 707 1312 postea
721 1250 997 1312 judicaturus
1009 1252 1199 1296 veniret:
1217 1262 1260 1297 et
1279 1253 1378 1297 ideo
1396 1268 1496 1297 011111
1510 1267 1665 1310 magna
1683 1267 1761 1312 po-

366 1333 520 1367 testate
533 1323 822 1384 J'udicaturus,
843 1323 946 1383 quia
964 1338 1064 1367 cum
1086 1338 1243 1381 magna
1266 1323 1512 1367 humilitate
1520 1322 1755 1383 judicatus.

425 1397 548 1438 XXI.
589 1414 608 1436 «
633 1394 851 1447 Quoniam
873 1394 918 1437 in
938 1403 1000 1449 te,
1024 1393 1208 1437 Domine
1225 1429 1235 1448 ,
1261 1395 1443 1453 speravi,
1461 1403 1510 1438 tu
1531 1393 1756 1450 exaudies,

369 1486 388 1507 »
425 1465 608 1509 Domine
631 1468 745 1509 Deus
764 1465 927 1508 meus⁴.
949 1483 968 1506 »
998 1466 1221 1524 Tanquam
1237 1464 1270 1507 si
1285 1465 1322 1508 ei
1340 1464 1557 1509 diceretur
1584 1484 1592 1509 ε
1616 1467 1760 1518 Quare

364 1552 455 1581 non
478 1536 682 1596 aperuisti
699 1551 745 1580 os
768 1536 926 1579 tuum?
951 1549 1086 1594 quare
1102 1550 1190 1578 non
1213 1534 1382 1579 dixisti:
1408 1536 1574 1579 Parcite
1589 1537 1607 1579 Ρ
1623 1551 1758 1595 quare

364 1623 454 1652 non
476 1608 520 1651 in
538 1623 666 1652 cruce
687 1605 882 1667 pendens
899 1605 1072 1664 iniquos
1087 1605 1292 1663 arguisti?
1313 1605 1534 1665 Sequitur,
1555 1616 1598 1650 et
1618 1605 1724 1650 dicit
1746 1626 1755 1652 :

367 1697 389 1722 «
423 1678 640 1732 Quoniam
662 1677 707 1720 in
728 1686 767 1721 te
785 1712 796 1731 ,
818 1676 1018 1730 Domine,
1045 1676 1233 1735 speravi,
1260 1685 1308 1720 tu
1330 1676 1545 1730 exaudies,
1575 1678 1758 1721 Domine

364 1767 386 1791 »
422 1752 536 1793 Deus
554 1764 692 1792 meus.
721 1766 740 1788 »
762 1747 936 1791 Monuit
953 1755 995 1790 te
1017 1745 1126 1806 quid
1146 1745 1278 1790 facias
1296 1781 1307 1802 ,
1329 1747 1363 1791 si
1383 1747 1497 1792 forte
1519 1747 1757 1792 occurrerit

362 1820 604 1865 tribulatio.
635 1819 802 1873 Quaeris
825 1818 940 1862 enim
969 1827 1012 1861 te
1039 1816 1301 1869 defendere,
1326 1827 1369 1862 et
1392 1817 1505 1864 forte
1528 1834 1657 1864 nemo
1681 1834 1754 1863 30-

363 1892 469 1951 cipit
491 1891 788 1936 defensionem
808 1898 943 1933 tuam.
966 1890 1063 1931 Jam
1086 1897 1134 1932 tu
1149 1889 1437 1947 perturbaris,
1462 1890 1584 1949 quasi
1606 1889 1754 1950 perdi-

362 1962 475 2007 deris
497 1976 671 2006 causam
692 1970 812 2005 tuam
833 1994 844 2015 ,
881 1958 982 2019 quia
1010 1957 1174 2001 nullius
1196 1958 1329 2002 habes
1351 1958 1651 2004 defensionem
1679 1969 1755 2005 aut

361 2033 672 2079 testimonium,
702 2030 884 2076 Custodi
907 2030 1023 2073 intus
1038 2029 1331 2073 innocentiam
1350 2039 1471 2074 tuam
1489 2066 1499 2085 ,
1524 2030 1602 2075 ubi
1623 2046 1753 2076 nemo

361 2105 572 2166 opprimit
600 2118 773 2148 causam
797 2111 933 2145 tuam.
968 2099 1202 2144 Praevaluit
1224 2100 1270 2143 in
1304 2109 1347 2144 te
1368 2100 1526 2146 falsum
1554 2103 1752 2146 testimo-

361 2178 500 2232 nium,
521 2175 596 2220 sed
615 2175 733 2235 apud
754 2173 952 2218 homines
977 2191 985 2216 :
1011 2171 1229 2231 numquid
1251 2172 1368 2231 apud
1392 2176 1530 2217 Deum
1551 2172 1716 2217 valebit
1735 2208 1747 2229 ,

359 2248 437 2292 ubi
454 2263 581 2292 causa
603 2256 679 2290 tua
701 2243 884 2289 dicenda
908 2244 1000 2287 est?
1019 2241 1207 2295 Quando
1230 2246 1342 2286 Deus
1359 2241 1493 2303 judex
1510 2243 1616 2297 elit,
1642 2242 1751 2287 alius

360 2319 478 2364 testis
495 2333 626 2379 quam
648 2314 908 2361 conscientia
926 2323 1001 2357 tua
1022 2328 1112 2357 non
1133 2313 1228 2356 erit
1248 2316 1366 2357 Inter
1378 2314 1570 2374 judicem
1581 2315 1750 2374 justum

359 2399 403 2434 et
436 2387 744 2433 conscientiam
773 2395 891 2430 tuam
926 2383 1016 2428 noli
1043 2385 1194 2428 timete
1218 2384 1297 2428 nisi
1323 2399 1502 2428 causam
1527 2393 1645 2428 tuam
1675 2404 1684 2429 ε
1711 2384 1747 2428 51

407 2484 521 2516 ¹Psal.
542 2494 650 2516 xxxvii
663 2508 671 2524 ,
691 2481 743 2524 14,
765 2481 815 2514 51.
834 2497 875 2504 --
894 2485 907 2502 2
921 2479 1036 2512 Matth.
1057 2489 1157 2521 xxm,
1181 2478 1231 2511 13.
1248 2495 1290 2502 -
1306 2477 1408 2512 31sa‘1'.
1427 2491 1478 2512 un
1492 2503 1502 2522 ,
1517 2489 1550 2522 7.
1567 2478 1638 2505 -4
1661 2478 1744 2512 Ρ531.

358 2553 479 2583 xxxrn,
502 2541 551 2573 16.
