1841 3223
400 190 482 228 416
835 199 868 223 s.
905 194 1136 224 Aucus‘nm
1170 197 1350 224 Emscom

395 287 414 309 »
452 282 542 310 ram
566 264 809 308 discernere
832 263 1046 322 populum
1070 278 1214 307 suum.
1240 281 1260 304 »
1283 265 1318 306 A
1342 261 1519 322 quibus,
1547 262 1626 305 nisi
1654 278 1677 306 a
1696 277 1788 306 ma-

395 337 445 380 lis
461 340 478 379 {³
505 340 561 379 De
584 334 743 394 quibus
776 335 846 378 hic
869 343 1018 393 postea
1047 349 1136 377 non
1161 334 1209 377 fit
1236 333 1428 388 mentio,
1460 333 1552 392 jam
1578 341 1789 393 tanquam

396 405 639 466 dijudicatis
673 405 728 448 ad
761 419 955 463 poenam.
1000 407 1108 448 Istos
1142 403 1282 448 bonos
1318 404 1448 458 vide,
1488 411 1532 446 et
1553 402 1785 460 distingue.

400 497 420 518 «
447 475 694 520 Advocabit
722 474 886 519 coelum
911 489 1082 519 sursum
1099 509 1109 529 ,
1136 483 1180 518 et
1202 483 1360 518 terram
1387 473 1631 518 discernere
1648 488 1791 533 popu-

400 566 419 589 »
446 547 537 591 lum
557 562 701 591 suum.
729 566 746 587 »
779 547 918 590 Vocat
939 555 982 589 et
1009 554 1168 589 terram
1186 579 1196 599 ,
1229 560 1318 589 non
1341 554 1487 588 tamen
1519 559 1789 589 concernen-

396 618 521 672 dam,
553 617 629 662 sed
656 615 1003 661 discernendam.
1036 616 1180 660 l'rimo
1203 616 1319 659 enim
1346 624 1572 660 concretos
1600 615 1787 669 vocavit,

396 689 576 750 quando
607 688 781 732 locutus
813 696 876 731 est
908 690 1024 730 Deus
1055 685 1260 741 deorum,
1302 695 1345 730 et
1377 686 1548 730 vocavit
1575 694 1734 730 terram
1768 701 1792 728 a

397 760 496 804 solis
519 768 618 803 ortu
640 774 779 818 usque
803 756 857 801 ad
879 771 1081 801 oceasum
1099 791 1110 811 ,
1136 755 1336 800 nondum
1359 755 1620 801 discreverat
1647 775 1655 800 :
1681 755 1792 800 servi

397 831 459 876 illi
481 831 597 874 missi
630 839 754 874 erant
782 829 964 872 invitare
997 827 1053 871 ad
1084 827 1285 887 nuptias,
1319 828 1395 888 qui
1424 834 1794 886 congregaverant

397 903 536 947 bonos
559 910 602 944 et
620 899 755 944 malos
772 901 802 942 ².
831 901 944 943 Cum
972 913 1074 942 vero
1098 901 1214 942 Deus
1237 897 1421 942 deorum
1438 896 1695 941 manifestus
1715 912 1792 941 ve—

397 973 516 1027 niet,
531 981 573 1015 et
595 987 686 1015 non
707 969 878 1025 silebit,
896 969 955 1013 sie
981 988 1001 1010 «
1026 968 1271 1013 Advocabit
1289 968 1452 1013 coelum
1475 984 1645 1012 sursum
1664 1003 1674 1024 ,
1703 985 1723 1009 »
1744 976 1795 1012 ut

393 1043 563 1104 judicet
577 1058 678 1086 cum
702 1041 793 1086 illo.
822 1041 950 1094 Quod
973 1039 1088 1083 enim
1112 1039 1293 1095 coelum,
1313 1040 1394 1099 ipsi
1416 1038 1542 1097 coeli3
1567 1040 1676 1083 sicut
1694 1054 1794 1099 quse

401 1125 535 1169 terra,
573 1114 678 1173 ipsae
713 1122 866 1169 terrae,
902 1112 1014 1156 sicut
1050 1128 1150 1172 quae
1186 1110 1403 1166 Ecclesia,
1442 1112 1546 1170 ipsae
1570 1109 1790 1154 Ecclesiae.

401 1206 423 1229 «
448 1185 695 1231 Advocabit
715 1183 880 1228 eoelum
910 1198 1082 1228 sursum
1098 1218 1114 1239 ‚
1139 1192 1182 1227 et
1206 1192 1364 1227 terram
1388 1182 1632 1226 discernere
1649 1197 1793 1241 popu—

400 1277 420 1299 »
457 1258 550 1302 lum
583 1271 726 1301 suum.
752 1273 772 1295 »
801 1258 897 1298 Jam
920 1270 1021 1298 cum
1052 1252 1167 1298 coelo
1190 1263 1347 1297 terram
1377 1252 1603 1306 discernit,
1631 1251 1676 1296 id
1699 1261 1791 1307 est,

398 1327 563 1373 coelum
586 1342 688 1371 cum
709 1325 783 1370 illo
807 1334 965 1368 terram
988 1324 1208 1368 discernit.
1236 1323 1469 1376 Quomodo
1487 1322 1691 1366 discernit
1713 1330 1794 1365 ter-

401 1402 520 1443 ram?
545 1401 601 1443 Ut
616 1397 721 1442 alios
745 1405 880 1456 ponat
902 1395 956 1439 ad
972 1394 1185 1450 dextram,
1202 1393 1306 1438 alios
1329 1392 1384 1438 ad
1399 1394 1630 1437 sinistram.
1652 1395 1794 1436 Terrae

400 1479 550 1514 autem
579 1468 778 1513 diseretse
812 1465 920 1527 quid
955 1466 1093 1511 dicit?
1128 1484 1148 1508 «
1185 1465 1366 1520 Venite,
1405 1463 1626 1508 benedicti
1661 1462 1795 1508 Patris

403 1560 423 1583 »
458 1541 542 1585 mei
564 1576 574 1596 ,
601 1539 813 1600 percipite
836 1553 1019 1596 regnum
1041 1537 1162 1598 quod
1183 1537 1306 1581 vobis
1330 1539 1529 1596 paratum
1551 1544 1615 1579 est
1633 1534 1687 1578 ab
1706 1534 1797 1578 ori-

401 1632 422 1654 »
460 1613 558 1672 gine
582 1610 751 1655 mundi.
772 1610 943 1654 Esurivi
966 1609 1081 1653 enim
1100 1644 1110 1664 ,
1131 1618 1175 1653 et
1192 1607 1368 1652 dedistis
1387 1607 1494 1651 mihi
1512 1605 1793 1661 manducare,

400 1703 421 1726 »
459 1693 501 1727 et
523 1694 694 1729 caetera.
724 1682 792 1726 Illi
818 1691 962 1725 autem
981 1717 991 1737 ,
1018 1680 1205 1734 Quando
1240 1689 1283 1724 te
1316 1679 1527 1734 vidimus,
1560 1678 1793 1738 inquiunt,

402 1774 424 1797 >›
460 1756 750 1800 esurientem?
772 1757 830 1798 Et
849 1752 921 1797 ille
939 1789 949 1807 ,
973 1755 1086 1798 Cum
1109 1752 1186 1796 uni
1209 1767 1258 1795 ex
1277 1750 1466 1795 minimis
1485 1750 1590 1794 meis
1608 1748 1767 1793 fecistis
1783 1783 1794 1804 ,

402 1846 421 1868 »
458 1826 567 1870 mihi
599 1824 758 1869 fecistis
773 1828 806 1867 ².
836 1842 856 1865 »
888 1822 1065 1869 Coelum
1100 1833 1226 1867 terrae
1249 1820 1440 1867 ostendit
1473 1820 1675 1865 minimos
1699 1834 1797 1864 suos

393 1900 485 1956 jam
516 1913 685 1938 sursum
710 1904 911 1945 vocatos,
945 1904 988 1934 et
1016 1895 1070 1933 ab
1094 1893 1340 1933 humilitate
1363 1891 1574 1932 exaltatos
1595 1907 1602 1932 :
1640 1907 1659 1930 ((
1684 1890 1798 1933 Cum

404 1987 422 2008 »
442 1965 519 2009 uni
535 1981 587 2008 ex
602 1962 792 2007 minimis
817 1962 921 2004 meis
938 1960 1111 2016 fecistis,
1128 1960 1236 2003 mihi
1250 1958 1424 2004 fecistis.
1438 1958 1685 2004 Advoeabit
1696 1973 1797 2017 ergo

403 2055 422 2078 »
459 2035 623 2080 coelum
639 2048 809 2078 sursum
830 2067 840 2087 ,
862 2041 905 2076 et
924 2041 1080 2075 terram
1099 2031 1343 2075 discernere
1362 2029 1577 2090 populum
1599 2045 1742 2073 suum.
1772 2047 1792 2070 »

459 2109 561 2151 XII.
594 2125 614 2147 «
639 2107 910 2162 Congregate
930 2101 1142 2161 illijustos
1159 2100 1293 2161 ejus'ss.
1313 2103 1439 2145 »Vox
1462 2099 1609 2146 divina
1632 2110 1674 2144 et
1693 2115 1797 2159 pro-

400 2178 600 2238 phetica,
640 2175 793 2219 videns
828 2172 975 2217 futura
1008 2182 1217 2232 tanquam
1252 2172 1507 2231 praesentia,
1547 2172 1798 2215 exhortatur

398 2248 591 2309 Angelos
620 2254 949 2306 congregantes.
981 2264 997 2285 «
1035 2244 1181 2288 Mittet
1223 2244 1339 2287 enim
1368 2243 1558 2302 Angelos
1591 2258 1690 2288 suos
1711 2277 1721 2297 ,
1755 2251 1798 2286 et

407 2342 424 2363 »
461 2319 849 2378 congregabuntur
886 2325 986 2360 ante
1009 2331 1107 2359 eum
1137 2331 1286 2359 omnes
1308 2315 1496 2372 gentes‘.
1524 2316 1796 2372 Congregate

407 2412 425 2433 »
462 2391 525 2435 illi
543 2392 682 2451 justos
705 2390 814 2449 ejus,
856 2408 872 2429 »
907 2390 1024 2441 Quos
1045 2387 1184 2447 justos
1208 2385 1287 2430 nisi
1312 2386 1503 2429 viventes
1527 2400 1577 2428 ex
1600 2383 1708 2440 lide,
1734 2383 1798 2428 fa-

450 2494 459 2510 ¹
477 2487 590 2519 Matth.
612 2498 690 2528 xxii,
714 2497 763 2519 10.
792 2502 834 2507 —
863 2491 876 2507 ²
901 2484 948 2516 ld.
978 2494 1054 2525 xxv,
1075 2481 1190 2524 34-40.
1211 2499 1252 2504 --
1274 2479 1286 2504 3
1314 2481 1398 2513 Psal.
1424 2479 1557 2523 xmx‚5.
1579 2497 1617 2504 -—
1637 2478 1653 2510 l,
1681 2480 1795 2513 Matth.

402 2554 480 2586 xxv,
503 2543 556 2576 32.
