1841 3223
363 212 445 249 258
806 223 838 249 s.
875 221 1105 250 ACGCSTINI
1139 225 1318 252 Episcopl

358 297 507 332 monte
522 297 670 332 sancto
695 290 808 348 ejus,
830 304 962 348 quam
980 304 1100 348 spem
1121 291 1337 348 gerimus?
1358 309 1377 333 «
1402 293 1459 336 Et
1480 291 1667 337 introibo
1692 295 1747 339 ad

359 377 380 401 »
401 359 534 403 altare
559 359 648 403 Dei.
684 377 704 401 »
726 362 803 403 Est
829 360 946 404 enim
973 361 1196 421 quoddam
1225 362 1410 407 sublime
1434 363 1567 408 altare
1596 364 1747 410 invisi-

354 430 442 474 bile
461 466 470 485 ,
493 446 581 490 quo
612 445 701 474 non
735 430 903 475 accedit
922 431 1125 491 injustus.
1160 433 1229 477 Ad
1251 432 1360 477 illud
1383 433 1516 478 altare
1538 433 1609 478 ille
1632 434 1748 481 solus

356 499 543 555 accedit,
570 500 646 561 qui
668 499 724 545 ad
745 500 861 546 istud
878 517 1055 547 securus
1078 503 1243 548 accedit
1263 520 1272 544 :
1294 503 1381 549 illic
1402 505 1594 550 inveniet
1614 506 1749 551 vitam

355 586 475 615 suam
489 606 499 626 ,
521 571 597 632 qui
619 571 668 615 in
687 571 768 616 isto
790 571 995 617 discernit
1011 589 1183 617 causam
1206 590 1344 618 suam.
1369 594 1388 616 «
1409 578 1465 619 Et
1487 576 1678 621 introibo
1693 575 1748 623 ad

356 660 378 683 »
404 641 539 686 altare
561 642 639 686 Dei
675 661 683 688 :
713 661 733 684 »
772 646 833 688 De
849 653 998 688 monte
1015 654 1164 689 sancto
1192 646 1284 705 ejus
1300 681 1310 701 ‚
1331 655 1374 690 et
1395 645 1449 691 de
1464 646 1749 693 tabernaculo

354 714 469 773 ejus,
494 712 549 758 de
575 723 721 758 sancta
756 714 948 759 Ecclesia
986 716 1098 775 ejus⁷
1134 715 1325 761 introibo
1350 715 1405 761 ad
1428 716 1561 762 altare
1583 718 1661 779 Dei
1676 735 1750 762 su-

353 783 504 828 blime.
521 783 659 838 Quale
676 785 739 829 ibi
756 785 1014 830 sacrificium
1030 787 1120 830 est?
1143 789 1238 846 Ipse
1252 787 1328 847 qui
1346 788 1500 842 intrat,
1517 789 1750 834 assumitur

355 859 401 902 in
421 858 741 904 holocaustum.
764 878 784 902 α
812 858 1009 904 Introibo
1030 858 1085 904 ad
1107 859 1241 904 altare
1263 861 1355 905 Dei.
1376 861 1528 915 »Quid
1550 871 1612 906 est
1629 861 1751 923 quod

355 928 479 984 dicit,
509 930 611 974 «Ad
628 929 761 973 altare
774 929 876 973 Dei?
903 949 923 971 «
939 929 1008 974 Ad
1024 933 1162 974 Deum
1179 931 1255 991 qui
1267 930 1459 976 laetificat
1471 933 1750 992 juventutem

357 1017 379 1040 »
410 1015 552 1044 meam
574 1003 605 1044 1.
628 1019 649 1042 »
676 1003 890 1045 Juventus
913 1001 1153 1045 novitatem
1176 1001 1388 1060 significat
1415 1022 1423 1046 :
1449 1011 1659 1062 tanquam
1680 1002 1750 1046 di-

354 1079 472 1115 ceret
503 1090 511 1115 :
533 1070 602 1115 Ad
624 1074 764 1116 Deum
786 1072 862 1132 qui
879 1070 1073 1116 laetificat
1097 1071 1335 1116 novitatem
1357 1088 1514 1116 meam.
1541 1073 1753 1118 Laetificat

353 1141 593 1186 novitatem
605 1157 745 1186 meam
759 1142 835 1203 qui
854 1142 1126 1187 contristavit
1137 1152 1399 1188 vetustatem
1411 1158 1568 1188 meam.
1589 1143 1751 1190 Incede

355 1214 473 1258 enim
489 1213 621 1259 modo
638 1214 770 1259 tristis
792 1215 838 1258 in
853 1223 1069 1259 vetustate
1082 1251 1093 1270 ,
1123 1224 1226 1259 tunc
1248 1224 1393 1259 autem
1416 1215 1540 1260 stabo
1558 1215 1751 1275 gaudens

354 1285 400 1329 in
431 1285 638 1330 novitate.
682 1305 703 1328 «
742 1285 998 1330 Confitebor
1026 1285 1105 1329 tibi
1146 1286 1192 1329 in
1232 1286 1418 1342 cithara⁷
1459 1290 1572 1331 Deus
1587 1322 1598 1342 ‚
1638 1289 1753 1331 Deus

356 1374 377 1397 »
398 1358 563 1400 meus².
593 1374 612 1398 »
641 1356 758 1410 Quid
775 1365 841 1401 est
869 1356 914 1400 in
949 1357 1114 1401 cithara
1148 1357 1373 1412 confiteri,
1406 1365 1449 1401 et
1476 1358 1520 1401 in
1547 1356 1751 1417 psalterio

356 1428 583 1473 confiteri?
605 1430 705 1473 Non
727 1427 844 1472 enim
879 1444 1050 1488 semper
1089 1428 1133 1472 in
1160 1428 1346 1484 cithara,
1382 1444 1462 1473 nec
1499 1445 1667 1489 semper
1707 1430 1753 1474 in

353 1498 575 1559 psalterio.
604 1502 700 1543 Duo
740 1499 835 1544 haee
878 1514 1039 1557 organa
1080 1500 1346 1544 musicorum
1381 1499 1547 1544 habent
1568 1501 1681 1544 inter
1709 1517 1753 1545 se

353 1569 603 1614 distinctam
621 1569 940 1630 discretamque
956 1570 1168 1614 rationem
1182 1605 1192 1625 ,
1211 1570 1388 1629 dignam
1407 1569 1754 1616 consideratione

355 1650 401 1686 et
437 1640 818 1686 commendatione
856 1642 1096 1685 memoriae.
1142 1644 1388 1702 Utrumque
1424 1642 1508 1686 hoc
1552 1642 1755 1687 manibus

355 1721 555 1773 portatur
577 1722 620 1756 et
651 1712 872 1771 tangitur,
905 1721 948 1756 et
978 1712 1192 1771 significat
1227 1728 1358 1772 opera
1379 1712 1581 1772 quaedam
1608 1722 1755 1758 nostra

359 1783 617 1843 corporalia.
651 1785 898 1843 Utrumque
926 1783 1116 1837 bonum,
1153 1783 1188 1826 si
1216 1782 1313 1842 quis
1345 1783 1462 1827 norit
1487 1782 1690 1842 psallere,
1721 1785 1756 1828 si

356 1855 454 1914 quis
475 1855 591 1898 norit
613 1854 881 1898 citharizare.
911 1852 996 1898 Sed
1019 1853 1121 1914 quia
1139 1853 1391 1913 psalterium
1409 1853 1524 1898 istud
1541 1870 1755 1914 organum

359 1925 543 1980 dicitur,
569 1923 689 1984 quod
707 1923 761 1968 de
780 1923 1001 1983 superiore
1029 1934 1150 1983 parte
1173 1924 1307 1968 habet
1328 1923 1617 1983 testudinem3
1645 1925 1756 1970 illud

360 1994 523 2040 scilicet
547 2004 807 2054 tympanum
829 2003 873 2038 et
894 2009 1134 2038 concavum
1155 1993 1324 2052 lignum
1346 1995 1417 2039 cui
1435 1995 1611 2040 chordae
1636 1996 1754 2040 inni-

361 2076 500 2111 tentes
527 2074 730 2110 resonant
752 2085 760 2110 ;
786 2065 950 2109 cithara
988 2080 1090 2110 vero
1118 2065 1308 2125 idipsum
1334 2064 1503 2123 lignum
1534 2082 1690 2111 cavum
1712 2076 1757 2112 et

361 2153 570 2183 sonorum
588 2152 639 2181 ex
655 2136 860 2181 inferiore
877 2145 998 2196 parte
1015 2136 1147 2181 habet
1169 2156 1177 2182 :
1199 2135 1483 2181 discernenda
1506 2147 1608 2182 sunt
1625 2154 1757 2198 opera

358 2219 523 2265 nostra,
537 2208 716 2270 quando
740 2208 786 2251 in
809 2206 1010 2268 psalterio
1029 2207 1135 2262 sint,
1162 2206 1342 2268 quando
1364 2207 1408 2251 in
1429 2207 1616 2264 cithara,
1632 2218 1756 2253 utra-

364 2296 451 2341 que
481 2289 628 2324 tamen
656 2278 812 2338 placita
846 2281 937 2322 Deo
973 2286 1016 2321 et
1047 2277 1194 2321 suavia
1223 2278 1312 2337 ejus
1346 2277 1531 2322 auditui.
1568 2280 1756 2332 Quando

366 2366 468 2409 ergo
485 2366 536 2394 ex
557 2349 783 2410 praeceptis
805 2348 880 2391 Dei
903 2347 1069 2408 aliquid
1095 2348 1262 2406 agimus
1278 2383 1288 2403 ‚
1309 2346 1435 2408 jussis
1459 2350 1551 2408 ejus
1581 2349 1755 2393 obtem-

365 2431 567 2482 perantes
593 2430 636 2465 et
661 2418 945 2465 obaudientes
974 2417 1029 2462 ad
1055 2417 1277 2478 implenda
1297 2429 1512 2478 przecepta
1537 2421 1650 2480 ejus,
1678 2420 1756 2464 ubi

367 2493 572 2548 facimus,
591 2501 634 2536 et
650 2508 738 2536 non
753 2491 963 2551 patimur,
982 2489 1234 2550 psalterium
1256 2499 1334 2535 est.
1357 2490 1543 2535 Faciunt
1565 2491 1680 2534 enim
1697 2492 1755 2537 ita

419 2583 428 2601 ¹
455 2576 537 2610 Psal.
553 2587 628 2618 xm,
652 2576 683 2618 lg.
709 2593 746 2598 —
763 2582 774 2598 ²
789 2575 870 2607 Ibid.
