1841 3223
331 161 414 199 502
772 174 804 199 s.
844 172 1071 200 AUGUS'HNI
1104 173 1281 200 Episcopi

333 235 635 280 tribulatiojws
667 235 950 294 temporales,
987 245 1031 279 et
1064 235 1223 280 rediret
1261 237 1339 280 llos
1375 236 1510 294 finni,
1547 247 1589 282 et
1621 239 1714 283 ait:

337 326 354 346 «
382 312 490 349 Deus
514 321 654 360 meus,
683 311 790 349 Deus
819 322 966 360 meus,
1000 306 1158 366 utquid
1187 323 1256 350 me
1297 307 1596 367 dereliquisti?
1629 311 1720 353 Vox

338 396 355 418 »
380 377 468 435 ipsa
499 376 658 420 Christi
682 385 766 431 est,
793 376 869 421 sed
898 393 976 437 pro
1000 377 1203 421 membris
1227 378 1327 421 suis.
1351 377 1493 422 Verba
1511 413 1522 433 ,
1546 373 1716 439 inquit,

337 468 354 489 »
381 446 638 492 delictorum
663 463 860 492 meorum
878 484 888 504 ,
920 448 1101 493 clamavi
1129 448 1184 492 ad
1208 458 1250 496 te
1272 464 1348 508 per
1371 448 1483 493 diem
1501 484 1512 504 ,
1538 465 1618 494 nec
1645 466 1720 494 ex-

337 538 355 559 »
382 516 562 575 audisti,
587 528 630 562 et
663 529 812 574 nocte,
838 529 881 563 et
911 536 1000 564 non
1035 519 1086 564 ad
1115 519 1403 578 insipientiam
1429 520 1565 564 miliil
1589 540 1597 565 :
1634 542 1650 562 »
1677 520 1721 566 id

331 598 423 644 est,
460 599 503 633 et
538 600 665 634 nocte
693 589 896 645 clamavi,
932 600 975 634 et
1010 606 1099 634 non
1121 589 1361 646 exaudisti,
1396 599 1439 634 et
1466 600 1614 635 tamen
1636 592 1721 636 hoc

331 659 473 719 ipsum
496 659 617 720 quod
640 676 728 705 11011
750 661 985 716 exaudisti,
1012 677 1101 704 non
1124 662 1179 705 ad
1199 660 1488 720 insipientiam
1511 661 1616 706 mihi
1632 678 1721 707 non

332 729 571 786 exaudisti,
602 730 678 775 sed
706 732 839 789 magis
860 731 915 775 ad
937 732 1192 791 sapientiam
1215 747 1303 776 non
1326 731 1557 786 exaudisti,
1583 741 1633 776 ut
1652 733 1722 776 in-

331 799 570 859 telligerem
594 801 701 861 quid
739 818 762 845 a
794 811 835 845 te
858 811 1006 861 petere
1033 801 1254 845 deberem.
1292 804 1353 844 Ea
1379 802 1495 845 enim
1518 803 1721 861 petebam

332 887 432 931 quae
455 870 569 915 malo
592 887 688 915 meo
710 871 902 916 fortassis
924 872 1177 932 acciperem.
1198 872 1310 916 Petis
1325 871 1510 926 divitias,
1527 888 1552 915 0
1570 873 1719 929 homo,

332 941 487 1001 quanti
509 951 612 985 sunt
633 942 768 986 eversi
788 958 864 1002 per
886 942 1056 986 divitias
1082 942 1203 986 suas!
1234 942 1358 987 Unde
1375 942 1456 987 scis
1470 952 1620 987 utrum
1642 943 1722 987 tibi

333 1014 419 1056 sint
446 1011 688 1072 profuturae
721 1012 914 1057 divitiae?
937 1016 1092 1059 Nonne
1115 1013 1242 1057 multi
1273 1029 1484 1073 pauperes
1510 1014 1642 1059 tutius
1659 1013 1725 1058 la·-

332 1084 508 1139 tebant,
547 1084 701 1129 divites
736 1085 863 1140 facti,
900 1101 1001 1130 mox
1036 1095 1086 1129 ut
1118 1085 1264 1130 lucere
1292 1094 1549 1145 coeperunt,
1575 1086 1723 1146 praeda

332 1154 586 1200 fortioribus
607 1155 815 1200 fuerunt?
833 1160 1008 1210 Quanto
1032 1157 1185 1201 melius
1204 1156 1416 1212 laterent,
1439 1166 1606 1217 quanto
1627 1173 1723 1202 me-

332 1224 417 1271 lius
445 1228 736 1283 nescirentur,
757 1228 834 1288 qui
856 1237 1087 1287 coeperunt
1108 1229 1246 1289 quaeri
1262 1263 1272 1283 ,
1298 1243 1387 1272 non
1407 1237 1586 1288 propter
1603 1229 1724 1289 quod

333 1306 479 1352 crant,
505 1297 580 1341 sed
604 1308 780 1358 propter
802 1298 923 1359 quod
943 1299 1188 1344 habebant!
1218 1303 1268 1343 In
1292 1299 1357 1343 his
1379 1314 1481 1358 ergo
1501 1309 1724 1359 tempora—

333 1367 472 1423 libus,
500 1367 668 1424 fratres,
691 1369 976 1415 admonemus
995 1387 1070 1415 vos
1091 1380 1135 1414 et
1157 1371 1436 1428 exhortamur
1458 1370 1502 1414 in
1522 1371 1720 1426 Domino,

335 1448 386 1482 ut
408 1455 496 1482 non
526 1439 678 1499 petatis
699 1440 864 1500 aliquid
886 1442 1007 1501 quasi
1030 1442 1165 1484 fixum
1183 1476 1193 1495 ,
1219 1439 1295 1484 sed
1316 1439 1435 1500 quod
1471 1440 1594 1485 vobis
1616 1447 1724 1485 Deus

335 1510 539 1570 expedire
561 1513 654 1556 seit.
677 1512 788 1565 Quid
811 1514 926 1556 enim
948 1513 1071 1557 vobis
1089 1512 1305 1572 expediat,
1333 1512 1511 1557 omnino
1534 1513 1720 1558 nescitis.

335 1581 584 1642 Aliquando
607 1582 727 1642 quod
753 1584 912 1642 putatis
935 1583 1158 1642 prodesse,
1184 1583 1335 1640 obest,
1361 1591 1403 1627 et
1421 1582 1541 1642 quod
1564 1582 1725 1641 putatis

336 1652 484 1696 obesse
500 1688 510 1707 ,
537 1653 620 1697 hoc
643 1652 833 1712 prodest.
857 1655 979 1713 AEgri
1000 1654 1114 1697 enim
1138 1654 1236 1697 estis
1253 1689 1263 1708 ,
1291 1652 1425 1697 nolite
1444 1653 1614 1697 medico
1630 1651 1724 1696 dic·-

335 1733 427 1767 tare
460 1740 559 1784 quae
592 1725 716 1768 vobis
754 1725 1069 1769 medicamenta
1100 1724 1205 1769 velit
1230 1740 1462 1783 apponere.
1508 1724 1550 1768 Si
1572 1723 1726 1768 doctor

337 1795 541 1839 Gentium
567 1795 727 1840 Paulus
749 1795 970 1855 apostolus
993 1796 1099 1840 dicit
1124 1816 1132 1840 ;
1159 1816 1174 1835 «
1207 1795 1321 1848 Quid
1342 1796 1458 1838 enim
1480 1810 1652 1838 oremus
1674 1794 1726 1838 Si-

341 1886 359 1907 »
394 1877 470 1910 cut
492 1876 688 1926 oportet,
715 1868 958 1911 nescimus2
987 1886 995 1910 :
1029 1888 1044 1907 »
1072 1875 1238 1925 quanto
1272 1865 1406 1923 magis
1428 1880 1506 1909 nos
1518 1865 1534 1905 ‘a’
1557 1865 1639 1918 Qui
1662 1875 1726 1909 ta-

336 1951 438 1980 men
470 1953 570 1981 cum
605 1938 686 1981 sibi
719 1938 942 1981 videretur
965 1937 1054 1996 ipse
1085 1936 1324 1995 prudenter
1347 1950 1491 1990 orare,
1516 1944 1566 1979 ut
1587 1936 1642 1980 ab
1674 1950 1726 1979 eo

337 2005 582 2051 auferretur
604 2007 805 2051 stimulus
832 2007 970 2052 carnis
989 2042 998 2061 ,
1025 2005 1204 2065 angelus
1230 2008 1414 2059 Satanae,
1432 2005 1509 2066 qui
1530 2021 1630 2049 eum
1652 2021 1727 2050 co—

335 2076 599 2137 laphizabat,
623 2094 676 2122 ne
699 2079 744 2121 in
763 2077 1065 2136 magnitudine
1090 2075 1404 2120 revelationum
1427 2075 1722 2132 extolleretur,

336 2147 445 2208 quid
472 2147 638 2192 audivit
661 2165 683 2193 a
708 2149 917 2192 Domino?
944 2146 1171 2207 Numquid
1194 2146 1361 2191 factum
1379 2156 1442 2190 est
1463 2146 1585 2207 quod
1607 2146 1726 2191 vole-

335 2219 440 2263 bat?
462 2221 559 2264 Non
582 2229 632 2263 ut
651 2221 773 2263 fieret
804 2220 924 2279 quod
956 2218 1228 2278 expediebat.
1255 2217 1368 2271 Quid
1389 2234 1492 2276 ergo
1514 2218 1680 2263 audivit
1702 2235 1726 2263 a

336 2290 545 2335 Domino?
581 2310 597 2330 «
635 2294 738 2345 Ter,
774 2291 946 2350 inquit,
979 2290 1126 2349 rogavi
1161 2290 1417 2343 Dominum,
1456 2299 1506 2333 ut
1537 2288 1726 2334 auferret

343 2382 360 2403 »
396 2377 494 2405 eum
515 2378 536 2405 a
562 2377 652 2418 me,
674 2371 717 2406 et
739 2361 845 2406 dixit
864 2362 967 2405 milii
988 2381 996 2406 :
1023 2361 1191 2405 Sufficit
1215 2361 1293 2404 tibi
1317 2360 1452 2419 gratia
1472 2376 1564 2405 mea
1586 2380 1593 2405 :
1622 2376 1724 2405 nam

341 2452 359 2473 »
394 2431 529 2475 virtus
559 2432 602 2475 in
632 2433 884 2477 infirmitate
907 2432 1169 2492 perticum-³.
1203 2452 1219 2472 »
1242 2434 1336 2490 Ego
1354 2431 1721 2476 medicamentum

386 2523 393 2538 ¹
417 2515 631 2556 Psal.xx1,1›.,
654 2516 682 2547 3.
702 2534 740 2538 —
761 2524 772 2539 ²
794 2520 882 2548 Rom.
899 2527 968 2557 vni,
986 2515 1040 2548 ¹26*
1063 2532 1096 2537 —
1126 2515 1137 2537 ³
1162 2527 1172 2547 1
1195 2517 1266 2547 Cor.
1290 2527 1345 2556 xn,
1365 2525 1434 2557 7-9.
