1841 3223
413 202 497 239 356
853 211 886 238 s.
923 208 1152 238 Ancus‘rim
1186 211 1367 237 El‘lscom

406 285 554 335 postca
572 275 686 318 vide.
712 273 847 318 Audis
868 274 1009 333 primo
1032 273 1153 335 quod
1177 289 1265 319 non
1287 272 1429 328 vides,
1455 273 1621 318 videbis
1647 285 1794 335 postea

408 346 528 407 quod
552 345 723 389 audisti.
755 344 995 405 «Populus,
1021 346 1178 406 inquit,
1204 360 1334 406 quem
1359 360 1447 389 non
1470 346 1677 404 cognovi,
1702 363 1793 391 scr-—

410 434 431 457 »
465 416 572 460 vivit
598 415 727 470 mihi,
765 415 810 458 in
841 415 1055 460 obauditu
1076 416 1189 460 auris
1216 414 1444 460 obaudivit
1463 416 1609 459 milii¹.
1635 434 1654 458 »
1679 417 1721 462 Si
1748 417 1795 461 in

409 487 623 532 obauditu
661 487 773 531 auris
802 486 1052 543 obaudivit,
1085 503 1187 546 ergo
1221 503 1309 532 non
1331 487 1453 532 vidit.
1490 490 1546 531 Et
1576 487 1652 531 ubi
1679 496 1744 532 est
1780 506 1789 532 z

412 576 433 599 «
469 557 635 610 Quibus
675 573 763 602 non
804 567 867 602 est
893 558 1144 602 nuntiatum
1178 558 1233 602 de
1274 574 1325 602 eo
1365 558 1602 613 videbunt,
1645 567 1688 603 et
1718 558 1794 618 qui

414 646 432 669 »
469 643 557 672 non
595 626 827 672 audierunt
855 627 1155 687 intelligent2?
1175 647 1195 669 »
1221 628 1289 672 Ad
1317 645 1425 689 quos
1447 645 1536 673 non
1555 628 1670 673 missi
1693 637 1794 673 sunt

409 699 655 758 Prophetae,
690 698 770 758 ipsi
792 699 931 758 primo
950 697 1184 742 audierunt
1206 707 1249 742 et
1270 698 1577 743 intellexerunt
1599 698 1794 758 Prophe-

408 779 472 814 tas
498 790 506 815 2
528 769 590 813 illi
618 770 692 830 qui
711 770 850 829 primo
868 785 957 814 non
980 769 1227 825 audierunt,
1254 779 1400 829 postea
1418 769 1641 814 audientes
1662 768 1797 813 admi-

410 841 493 884 rati
524 849 640 884 sunt.
668 843 989 883 Remanserunt
1017 839 1077 883 illi
1113 839 1169 883 ad
1197 855 1305 900 quos
1333 840 1448 884 missi
1477 849 1601 895 sunt,
1627 839 1796 884 codices

408 910 594 955 ferentes
611 945 622 965 ,
643 909 869 954 veritatem
886 925 975 954 non
997 909 1287 969 intelligentes
1305 930 1313 954 :
1342 911 1604 955 Testamenti
1627 909 1796 954 tabulas

409 981 635 1035 habentes,
665 989 708 1023 et
744 979 1041 1024 haereditatem
1065 995 1153 1024 non
1179 989 1387 1025 tenentes.
1417 980 1501 1025 Sed
1524 997 1602 1025 nos
1643 980 1797 1025 «Sicut

413 1072 432 1094 »
467 1050 726 1106 audivimus,
743 1051 800 1094 ita
816 1059 858 1095 et
877 1050 1082 1095 vidimus.
1111 1054 1162 1095 In
1185 1051 1357 1096 civitate
1372 1051 1545 1096 Domini
1562 1052 1792 1106 virtutum,

411 1141 431 1164 »
467 1122 512 1166 in
534 1121 706 1165 civitate
730 1121 806 1165 Dei
827 1121 977 1165 nostri.
1000 1140 1019 1162 »
1054 1121 1122 1165 Ibi
1145 1121 1409 1176 audivimus,
1435 1121 1496 1165 ibi
1518 1131 1561 1165 et
1589 1121 1791 1166 vidimus.

410 1196 544 1237 Extra
565 1190 684 1235 illam
706 1192 781 1251 qui
799 1200 882 1246 est,
903 1206 984 1235 nec
1008 1191 1155 1246 audit,
1182 1207 1261 1235 nec
1283 1191 1428 1249 videt3
1452 1191 1498 1234 in
1521 1190 1594 1235 illa
1615 1192 1693 1252 qui
1714 1200 1792 1246 est,

409 1280 490 1308 nec
513 1262 668 1307 surdus
692 1278 771 1306 nec
795 1278 933 1307 czecus
952 1271 1014 1307 est
1042 1282 1050 1307 ε
1082 1263 1233 1307 «Sicut
1251 1262 1516 1317 audivimus,
1544 1262 1602 1306 ita
1619 1272 1662 1306 et
1682 1262 1796 1307 vidi-

410 1350 521 1378 mus.
543 1352 563 1374 »
589 1336 645 1377 Et
666 1333 742 1376 ubi
765 1332 914 1376 audis?
936 1332 1013 1376 ubi
1030 1332 1179 1376 vides?
1205 1352 1224 1374 ι(
1247 1336 1298 1376 In
1319 1333 1492 1377 civitate
1515 1331 1687 1376 Domini
1714 1332 1797 1376 vir-

412 1423 433 1447 »
456 1414 617 1460 tutum,
638 1405 682 1447 in
698 1404 870 1448 civitate
888 1403 964 1447 Dei
984 1403 1134 1448 nostri.
1154 1406 1268 1448 Deus
1287 1402 1487 1447 fundavit
1504 1418 1598 1447 eam
1616 1403 1661 1446 in
1675 1412 1798 1447 feter-

413 1495 433 1517 »
455 1491 576 1519 num,
591 1494 610 1516 »
637 1477 732 1519 Non
756 1474 966 1518 insultent
989 1474 1178 1518 baeretici
1200 1490 1277 1534 per
1298 1483 1439 1534 partes
1457 1473 1654 1518 conscissi
1681 1493 1689 1518 :
1708 1489 1797 1519 non

409 1563 453 1591 se
477 1546 685 1591 extollant
716 1547 793 1606 qui
821 1546 974 1590 dicunt
1005 1565 1013 1591 z
1043 1566 1062 1587 «
1079 1548 1190 1590 Ecce
1214 1546 1285 1590 hic
1307 1555 1369 1590 est
1390 1546 1600 1600 Christus,
1625 1561 1723 1590 ecce
1745 1544 1798 1589 il-

413 1637 434 1660 »
460 1618 562 1662 lic³.
591 1637 611 1659 »
638 1619 722 1670 Qui
745 1617 849 1662 dicit
874 1637 882 1662 :
912 1638 931 1660 «
948 1621 1061 1663 Ecce
1080 1618 1151 1662 hic
1174 1627 1259 1672 est,
1282 1633 1381 1662 ecce
1405 1616 1489 1662 illic
1506 1653 1516 1672 ,
1536 1635 1555 1658 »
1578 1616 1633 1661 ad
1655 1627 1797 1676 partes

412 1688 597 1734 inducit.
626 1689 842 1733 Unitatem
866 1688 1189 1748 promisitDeus
1216 1707 1224 1733 ;
1251 1703 1370 1746 reges
1394 1688 1439 1731 in
1463 1703 1601 1731 unum
1626 1687 1797 1732 collecti

411 1769 529 1815 sunt,
555 1775 642 1804 non
660 1774 735 1819 per
750 1759 977 1803 schismata
1000 1757 1191 1818 dissipati
1208 1760 1340 1802 sunt?
1359 1757 1443 1802 Sed
1466 1758 1578 1802 forte
1595 1758 1673 1802 ista
1692 1757 1798 1802 civi-

412 1840 474 1875 tas
506 1846 605 1890 quse
638 1828 852 1872 mundum
885 1828 1047 1883 tenuit,
1095 1828 1330 1888 aliquando
1359 1837 1590 1872 evertetur.
1627 1828 1752 1872 Absit
1785 1847 1794 1873 ε

413 1904 559 1945 «Deus
584 1899 781 1944 fundavit
803 1899 960 1942 camin
982 1907 1210 1942 aeternum.
1229 1916 1248 1939 n
1272 1898 1313 1942 Si
1332 1913 1435 1956 ergo
1457 1913 1551 1942 eam
1570 1901 1683 1942 Deus
1700 1897 1798 1942 fun-

410 1972 531 2017 davit
546 1971 591 2014 in
613 1979 843 2023 aeternum,
864 1968 971 2029 quid
996 1969 1120 2013 times
1144 1984 1198 2012 ne
1219 1967 1346 2013 cadat
1367 1970 1720 2012 firmamentum?

475 2043 598 2086 VIII.
621 2059 640 2081 «
654 2040 944 2099 Suscepimus,
963 2042 1090 2094 Deus,
1106 2037 1444 2083 misericordiam
1460 2047 1580 2082 tuam
1597 2039 1642 2082 in
1654 2038 1798 2084 medio

413 2134 434 2157 »
469 2110 622 2173 populi
655 2110 763 2155 tui4.
796 2129 815 2151 ))
852 2110 935 2162 Qui
967 2119 1270 2169 susceperunt,
1305 2118 1349 2153 et
1381 2108 1458 2152 ubi
1491 2113 1798 2169 susceperunt?

410 2188 567 2231 Nonne
594 2182 683 2242 ipse
715 2179 903 2241 populus
931 2189 1031 2224 tuus
1065 2180 1249 2239 suscepit
1281 2179 1616 2223 misericordiam
1646 2189 1794 2236 tuam,

410 2253 633 2317 quomodo
650 2289 660 2309 ,
690 2273 710 2295 «
738 2253 1011 2312 Suscepimus
1033 2250 1369 2296 misericordiam
1391 2260 1535 2306 tuam,
1567 2260 1611 2295 et
1630 2252 1675 2295 in
1705 2267 1798 2296 me-

415 2346 436 2369 »
472 2327 543 2371 dio
565 2324 717 2385 populi
742 2324 831 2368 tui?
850 2342 868 2364 »
895 2323 1016 2384 quasi
1039 2322 1109 2366 alii
1132 2322 1306 2382 sintqui
1328 2331 1637 2381 susceperunt,
1661 2322 1732 2366 alii
1751 2322 1797 2366 in

411 2410 602 2456 quorum
624 2394 766 2439 medio
795 2401 1091 2453 susceperunt.
1118 2396 1327 2452 Magnum
1349 2402 1666 2437 sacramentum
1685 2427 1695 2447 ,
1720 2392 1798 2436 sed

468 2499 477 2516 ¹
499 2492 579 2524 Psal.
600 2491 753 2534 xv11,l15.
774 2508 815 2513 —-
837 2498 849 2513 ²
871 2491 941 2523 isat.
959 2501 1011 2531 Lu,
1042 2488 1092 2530 15,
1109 2495 1139 2521 et
1159 2491 1246 2521 Rom,
1268 2500 1322 2530 xv,
1348 2499 1399 2520 21.
1415 2505 1456 2510 —
1474 2486 1486 2511 3
1505 2489 1618 2521 Matth.
1638 2499 1723 2531 xxiv,
1739 2489 1794 2521 23.

415 2568 456 2573 —
479 2547 495 2579 4
516 2548 596 2581 Psal.
617 2559 714 2589 nvn,
735 2559 783 2581 10.
