<?xml version="1.0" encoding="UTF-8"?>
<!DOCTYPE html PUBLIC "-//W3C//DTD XHTML 1.0 Transitional//EN"
    "http://www.w3.org/TR/xhtml1/DTD/xhtml1-transitional.dtd">
<html xmlns="http://www.w3.org/1999/xhtml" xml:lang="en" lang="en">
 <head>
  <title>
</title>
<meta http-equiv="Content-Type" content="text/html;charset=utf-8" />
  <meta name='ocr-system' content='tesseract 3.04.00' />
  <meta name='ocr-capabilities' content='ocr_page ocr_carea ocr_par ocr_line ocrx_word'/>
</head>
<body>
  <div class='ocr_page' id='page_1' title='image "./operaomniaaccura08auguuoft_0348.png"; bbox 0 0 1841 3223; ppageno 0'>
   <div class='ocr_carea' id='block_1_1' title="bbox 390 183 1351 227">
    <p class='ocr_par' dir='ltr' id='par_1_1' title="bbox 390 183 1351 227">
     <span class='ocr_line' id='line_1_1' title="bbox 390 183 1351 227; baseline -0.003 -1"><span class='ocrx_word' id='word_1_1' title='bbox 390 183 476 227; x_wconf 82' lang='lat'>334</span> <span class='ocrx_word' id='word_1_2' title='bbox 833 192 868 222; x_wconf 86' lang='lat' dir='ltr'>s.</span> <span class='ocrx_word' id='word_1_3' title='bbox 905 192 1137 224; x_wconf 75' lang='lat' dir='ltr'>Aucusnm</span> <span class='ocrx_word' id='word_1_4' title='bbox 1170 197 1351 224; x_wconf 75' lang='lat' dir='ltr'>EPlscorl</span> 
     </span>
    </p>
   </div>
   <div class='ocr_carea' id='block_1_2' title="bbox 388 259 1791 2521">
    <p class='ocr_par' dir='ltr' id='par_1_2' title="bbox 388 259 1790 1371">
     <span class='ocr_line' id='line_1_2' title="bbox 389 259 1783 321; baseline -0.001 -14"><span class='ocrx_word' id='word_1_5' title='bbox 389 261 562 308; x_wconf 83' lang='lat' dir='ltr'>(licendi</span> <span class='ocrx_word' id='word_1_6' title='bbox 586 269 763 321; x_wconf 87' lang='lat' dir='ltr'>propter</span> <span class='ocrx_word' id='word_1_7' title='bbox 795 259 1018 305; x_wconf 84' lang='lat' dir='ltr'>fastidium</span> <span class='ocrx_word' id='word_1_8' title='bbox 1048 261 1253 316; x_wconf 88' lang='lat' dir='ltr'>varietur,</span> <span class='ocrx_word' id='word_1_9' title='bbox 1288 261 1364 305; x_wconf 85' lang='lat' dir='ltr'>sed</span> <span class='ocrx_word' id='word_1_10' title='bbox 1391 269 1570 320; x_wconf 88' lang='lat' dir='ltr'>propter</span> <span class='ocrx_word' id='word_1_11' title='bbox 1599 277 1783 306; x_wconf 87' lang='lat' dir='ltr'>concor-</span> 
     </span>
     <span class='ocr_line' id='line_1_3' title="bbox 390 331 1784 392; baseline -0.001 -14"><span class='ocrx_word' id='word_1_12' title='bbox 390 333 507 378; x_wconf 89' lang='lat' dir='ltr'>diam</span> <span class='ocrx_word' id='word_1_13' title='bbox 527 347 614 376; x_wconf 89' lang='lat' dir='ltr'>una</span> <span class='ocrx_word' id='word_1_14' title='bbox 636 340 850 376; x_wconf 86' lang='lat' dir='ltr'>teneatur.</span> <span class='ocrx_word' id='word_1_15' title='bbox 874 335 1028 392; x_wconf 82' lang='lat' dir='ltr'>ltaque</span> <span class='ocrx_word' id='word_1_16' title='bbox 1046 332 1090 376; x_wconf 90' lang='lat' dir='ltr'>in</span> <span class='ocrx_word' id='word_1_17' title='bbox 1113 332 1196 377; x_wconf 90' lang='lat' dir='ltr'>hoc</span> <span class='ocrx_word' id='word_1_18' title='bbox 1210 331 1381 377; x_wconf 82' lang='lat' dir='ltr'>Psalmo</span> <span class='ocrx_word' id='word_1_19' title='bbox 1405 346 1538 391; x_wconf 87' lang='lat' dir='ltr'>quem</span> <span class='ocrx_word' id='word_1_20' title='bbox 1559 341 1784 377; x_wconf 81' lang='lat' dir='ltr'>cantatum</span> 
     </span>
     <span class='ocr_line' id='line_1_4' title="bbox 390 401 1783 462; baseline -0.001 -14"><span class='ocrx_word' id='word_1_21' title='bbox 390 403 634 448; x_wconf 83' lang='lat' dir='ltr'>audivimus</span> <span class='ocrx_word' id='word_1_22' title='bbox 649 437 659 457; x_wconf 92' lang='lat'>,</span> <span class='ocrx_word' id='word_1_23' title='bbox 691 402 760 446; x_wconf 91' lang='lat' dir='ltr'>cui</span> <span class='ocrx_word' id='word_1_24' title='bbox 791 401 1010 447; x_wconf 87' lang='lat' dir='ltr'>cantando</span> <span class='ocrx_word' id='word_1_25' title='bbox 1035 401 1358 462; x_wconf 80' lang='lat' dir='ltr'>respondimus,</span> <span class='ocrx_word' id='word_1_26' title='bbox 1384 417 1434 447; x_wconf 87' lang='lat' dir='ltr'>ea</span> <span class='ocrx_word' id='word_1_27' title='bbox 1455 416 1602 449; x_wconf 90' lang='lat' dir='ltr'>sumus</span> <span class='ocrx_word' id='word_1_28' title='bbox 1624 401 1783 448; x_wconf 84' lang='lat' dir='ltr'>dicturi</span> 
     </span>
     <span class='ocr_line' id='line_1_5' title="bbox 389 473 1784 536; baseline -0.001 -16"><span class='ocrx_word' id='word_1_29' title='bbox 389 491 489 536; x_wconf 83' lang='lat' dir='ltr'>quae</span> <span class='ocrx_word' id='word_1_30' title='bbox 510 475 644 520; x_wconf 81' lang='lat' dir='ltr'>nostis</span> <span class='ocrx_word' id='word_1_31' title='bbox 666 493 675 520; x_wconf 73' lang='grc' dir='ltr'>ι</span> <span class='ocrx_word' id='word_1_32' title='bbox 701 484 745 519; x_wconf 90' lang='lat' dir='ltr'>et</span> <span class='ocrx_word' id='word_1_33' title='bbox 763 484 909 519; x_wconf 86' lang='lat' dir='ltr'>tamen</span> <span class='ocrx_word' id='word_1_34' title='bbox 932 473 1121 520; x_wconf 82' lang='lat' dir='ltr'>fortassis</span> <span class='ocrx_word' id='word_1_35' title='bbox 1141 473 1332 535; x_wconf 83' lang='lat' dir='ltr'>aliquam</span> <span class='ocrx_word' id='word_1_36' title='bbox 1348 508 1360 529; x_wconf 89' lang='lat'>,</span> <span class='ocrx_word' id='word_1_37' title='bbox 1385 473 1624 534; x_wconf 83' lang='lat' dir='ltr'>adjuvante</span> <span class='ocrx_word' id='word_1_38' title='bbox 1642 483 1686 519; x_wconf 86' lang='lat' dir='ltr'>et</span> <span class='ocrx_word' id='word_1_39' title='bbox 1703 473 1784 519; x_wconf 90' lang='lat' dir='ltr'>do-</span> 
     </span>
     <span class='ocr_line' id='line_1_6' title="bbox 389 543 1784 605; baseline 0 -15"><span class='ocrx_word' id='word_1_40' title='bbox 389 555 522 590; x_wconf 66' lang='lat' dir='ltr'>nante</span> <span class='ocrx_word' id='word_1_41' title='bbox 550 545 760 601; x_wconf 90' lang='lat' dir='ltr'>Domino,</span> <span class='ocrx_word' id='word_1_42' title='bbox 785 545 1041 591; x_wconf 83' lang='lat' dir='ltr'>suavitatem</span> <span class='ocrx_word' id='word_1_43' title='bbox 1065 543 1237 590; x_wconf 84' lang='lat' dir='ltr'>allaturi</span> <span class='ocrx_word' id='word_1_44' title='bbox 1266 560 1413 589; x_wconf 91' lang='lat' dir='ltr'>sumus</span> <span class='ocrx_word' id='word_1_45' title='bbox 1434 544 1579 601; x_wconf 88' lang='lat' dir='ltr'>vobis,</span> <span class='ocrx_word' id='word_1_46' title='bbox 1607 544 1784 605; x_wconf 91' lang='lat' dir='ltr'>quando</span> 
     </span>
     <span class='ocr_line' id='line_1_7' title="bbox 388 616 1786 678; baseline 0 -17"><span class='ocrx_word' id='word_1_47' title='bbox 388 632 439 662; x_wconf 90' lang='lat' dir='ltr'>ea</span> <span class='ocrx_word' id='word_1_48' title='bbox 459 632 559 678; x_wconf 85' lang='lat' dir='ltr'>quae</span> <span class='ocrx_word' id='word_1_49' title='bbox 581 616 681 661; x_wconf 86' lang='lat' dir='ltr'>alibi</span> <span class='ocrx_word' id='word_1_50' title='bbox 699 626 742 661; x_wconf 88' lang='lat' dir='ltr'>et</span> <span class='ocrx_word' id='word_1_51' title='bbox 763 616 867 661; x_wconf 87' lang='lat' dir='ltr'>alibi</span> <span class='ocrx_word' id='word_1_52' title='bbox 893 616 1131 672; x_wconf 83' lang='lat' dir='ltr'>noveratis,</span> <span class='ocrx_word' id='word_1_53' title='bbox 1153 616 1285 660; x_wconf 87' lang='lat' dir='ltr'>etiam</span> <span class='ocrx_word' id='word_1_54' title='bbox 1311 616 1564 660; x_wconf 86' lang='lat' dir='ltr'>commoniti</span> <span class='ocrx_word' id='word_1_55' title='bbox 1590 617 1786 661; x_wconf 89' lang='lat' dir='ltr'>rumina-</span> 
     </span>
     <span class='ocr_line' id='line_1_8' title="bbox 390 686 1786 748; baseline 0 -16"><span class='ocrx_word' id='word_1_56' title='bbox 390 688 459 732; x_wconf 88' lang='lat' dir='ltr'>tis.</span> <span class='ocrx_word' id='word_1_57' title='bbox 493 690 604 734; x_wconf 85' lang='lat' dir='ltr'>Nam</span> <span class='ocrx_word' id='word_1_58' title='bbox 641 697 685 733; x_wconf 87' lang='lat' dir='ltr'>et</span> <span class='ocrx_word' id='word_1_59' title='bbox 715 689 804 748; x_wconf 88' lang='lat' dir='ltr'>ipsa</span> <span class='ocrx_word' id='word_1_60' title='bbox 840 687 1161 742; x_wconf 83' lang='lat' dir='ltr'>ruminatione,</span> <span class='ocrx_word' id='word_1_61' title='bbox 1208 686 1254 731; x_wconf 91' lang='lat' dir='ltr'>in</span> <span class='ocrx_word' id='word_1_62' title='bbox 1295 702 1382 747; x_wconf 87' lang='lat' dir='ltr'>qua</span> <span class='ocrx_word' id='word_1_63' title='bbox 1418 686 1633 745; x_wconf 81' lang='lat' dir='ltr'>significat</span> <span class='ocrx_word' id='word_1_64' title='bbox 1670 691 1786 732; x_wconf 87' lang='lat' dir='ltr'>Deus</span> 
     </span>
     <span class='ocr_line' id='line_1_9' title="bbox 391 757 1786 819; baseline 0.001 -16"><span class='ocrx_word' id='word_1_65' title='bbox 391 757 560 803; x_wconf 89' lang='lat' dir='ltr'>munda</span> <span class='ocrx_word' id='word_1_66' title='bbox 577 758 779 803; x_wconf 85' lang='lat' dir='ltr'>animalia</span> <span class='ocrx_word' id='word_1_67' title='bbox 794 794 804 814; x_wconf 88' lang='lat'>‚</span> <span class='ocrx_word' id='word_1_68' title='bbox 830 759 915 803; x_wconf 88' lang='lat' dir='ltr'>hoc</span> <span class='ocrx_word' id='word_1_69' title='bbox 936 757 1077 803; x_wconf 85' lang='lat' dir='ltr'>voluit</span> <span class='ocrx_word' id='word_1_70' title='bbox 1097 758 1342 814; x_wconf 88' lang='lat' dir='ltr'>insinuare,</span> <span class='ocrx_word' id='word_1_71' title='bbox 1366 757 1469 819; x_wconf 87' lang='lat' dir='ltr'>quia</span> <span class='ocrx_word' id='word_1_72' title='bbox 1491 758 1629 803; x_wconf 91' lang='lat' dir='ltr'>omnis</span> <span class='ocrx_word' id='word_1_73' title='bbox 1652 758 1786 804; x_wconf 92' lang='lat' dir='ltr'>homo</span> 
     </span>
     <span class='ocr_line' id='line_1_10' title="bbox 390 828 1788 892; baseline 0.001 -18"><span class='ocrx_word' id='word_1_74' title='bbox 390 828 513 892; x_wconf 81' lang='lat' dir='ltr'>quod</span> <span class='ocrx_word' id='word_1_75' title='bbox 544 829 693 885; x_wconf 87' lang='lat' dir='ltr'>audit,</span> <span class='ocrx_word' id='word_1_76' title='bbox 729 830 799 888; x_wconf 83' lang='lat' dir='ltr'>sic</span> <span class='ocrx_word' id='word_1_77' title='bbox 817 828 952 874; x_wconf 88' lang='lat' dir='ltr'>debet</span> <span class='ocrx_word' id='word_1_78' title='bbox 983 829 1029 873; x_wconf 90' lang='lat' dir='ltr'>in</span> <span class='ocrx_word' id='word_1_79' title='bbox 1056 844 1131 874; x_wconf 88' lang='lat' dir='ltr'>cor</span> <span class='ocrx_word' id='word_1_80' title='bbox 1157 829 1355 885; x_wconf 89' lang='lat' dir='ltr'>mittere,</span> <span class='ocrx_word' id='word_1_81' title='bbox 1393 838 1443 874; x_wconf 88' lang='lat' dir='ltr'>ut</span> <span class='ocrx_word' id='word_1_82' title='bbox 1464 845 1554 875; x_wconf 90' lang='lat' dir='ltr'>non</span> <span class='ocrx_word' id='word_1_83' title='bbox 1575 829 1697 889; x_wconf 84' lang='lat' dir='ltr'>piger</span> <span class='ocrx_word' id='word_1_84' title='bbox 1733 829 1788 875; x_wconf 86' lang='lat' dir='ltr'>sit</span> 
     </span>
     <span class='ocr_line' id='line_1_11' title="bbox 390 897 1789 960; baseline -0.001 -15"><span class='ocrx_word' id='word_1_85' title='bbox 390 910 540 960; x_wconf 87' lang='lat' dir='ltr'>postea</span> <span class='ocrx_word' id='word_1_86' title='bbox 557 898 661 943; x_wconf 89' lang='lat' dir='ltr'>inde</span> <span class='ocrx_word' id='word_1_87' title='bbox 681 900 870 957; x_wconf 82' lang='lat' dir='ltr'>cogitare</span> <span class='ocrx_word' id='word_1_88' title='bbox 889 917 897 944; x_wconf 91' lang='lat'>:</span> <span class='ocrx_word' id='word_1_89' title='bbox 920 908 970 943; x_wconf 91' lang='lat' dir='ltr'>ut</span> <span class='ocrx_word' id='word_1_90' title='bbox 991 898 1171 959; x_wconf 85' lang='lat' dir='ltr'>quando</span> <span class='ocrx_word' id='word_1_91' title='bbox 1189 897 1342 954; x_wconf 86' lang='lat' dir='ltr'>audit,</span> <span class='ocrx_word' id='word_1_92' title='bbox 1367 899 1422 944; x_wconf 88' lang='lat' dir='ltr'>sit</span> <span class='ocrx_word' id='word_1_93' title='bbox 1436 898 1583 944; x_wconf 86' lang='lat' dir='ltr'>similis</span> <span class='ocrx_word' id='word_1_94' title='bbox 1605 898 1789 945; x_wconf 90' lang='lat' dir='ltr'>mandu-</span> 
     </span>
     <span class='ocr_line' id='line_1_12' title="bbox 392 969 1787 1042; baseline 0.001 -28"><span class='ocrx_word' id='word_1_95' title='bbox 392 970 539 1042; x_wconf 66' lang='lat' dir='ltr'>canti3</span> <span class='ocrx_word' id='word_1_96' title='bbox 568 985 671 1015; x_wconf 90' lang='lat' dir='ltr'>cum</span> <span class='ocrx_word' id='word_1_97' title='bbox 693 979 840 1014; x_wconf 91' lang='lat' dir='ltr'>autem</span> <span class='ocrx_word' id='word_1_98' title='bbox 865 969 1013 1014; x_wconf 86' lang='lat' dir='ltr'>audita</span> <span class='ocrx_word' id='word_1_99' title='bbox 1035 970 1080 1014; x_wconf 91' lang='lat' dir='ltr'>in</span> <span class='ocrx_word' id='word_1_100' title='bbox 1106 970 1359 1015; x_wconf 84' lang='lat' dir='ltr'>memoriam</span> <span class='ocrx_word' id='word_1_101' title='bbox 1384 979 1578 1025; x_wconf 88' lang='lat' dir='ltr'>revocat,</span> <span class='ocrx_word' id='word_1_102' title='bbox 1603 979 1646 1015; x_wconf 79' lang='lat' dir='ltr'>et</span> <span class='ocrx_word' id='word_1_103' title='bbox 1667 970 1787 1028; x_wconf 86' lang='lat' dir='ltr'>cogi-</span> 
     </span>
     <span class='ocr_line' id='line_1_13' title="bbox 392 1039 1788 1096; baseline -0.001 -9"><span class='ocrx_word' id='word_1_104' title='bbox 392 1042 558 1087; x_wconf 88' lang='lat' dir='ltr'>tatione</span> <span class='ocrx_word' id='word_1_105' title='bbox 600 1040 848 1086; x_wconf 85' lang='lat' dir='ltr'>dulcissima</span> <span class='ocrx_word' id='word_1_106' title='bbox 890 1039 1066 1096; x_wconf 82' lang='lat' dir='ltr'>recolit,</span> <span class='ocrx_word' id='word_1_107' title='bbox 1110 1041 1188 1085; x_wconf 86' lang='lat' dir='ltr'>fiat</span> <span class='ocrx_word' id='word_1_108' title='bbox 1217 1039 1365 1086; x_wconf 91' lang='lat' dir='ltr'>similis</span> <span class='ocrx_word' id='word_1_109' title='bbox 1398 1041 1649 1086; x_wconf 84' lang='lat' dir='ltr'>ruminanti.</span> <span class='ocrx_word' id='word_1_110' title='bbox 1690 1040 1788 1086; x_wconf 84' lang='lat' dir='ltr'>Alio</span> 
     </span>
     <span class='ocr_line' id='line_1_14' title="bbox 391 1110 1788 1172; baseline -0.001 -15"><span class='ocrx_word' id='word_1_111' title='bbox 391 1127 496 1172; x_wconf 84' lang='lat' dir='ltr'>ergo</span> <span class='ocrx_word' id='word_1_112' title='bbox 518 1111 651 1157; x_wconf 90' lang='lat' dir='ltr'>modo</span> <span class='ocrx_word' id='word_1_113' title='bbox 673 1111 826 1156; x_wconf 86' lang='lat' dir='ltr'>eadem</span> <span class='ocrx_word' id='word_1_114' title='bbox 847 1111 1074 1167; x_wconf 73' lang='lat' dir='ltr'>dicuntur,</span> <span class='ocrx_word' id='word_1_115' title='bbox 1103 1120 1147 1156; x_wconf 86' lang='lat' dir='ltr'>et</span> <span class='ocrx_word' id='word_1_116' title='bbox 1168 1110 1337 1157; x_wconf 87' lang='lat' dir='ltr'>faciunt</span> <span class='ocrx_word' id='word_1_117' title='bbox 1357 1127 1435 1157; x_wconf 93' lang='lat' dir='ltr'>nos</span> <span class='ocrx_word' id='word_1_118' title='bbox 1453 1110 1638 1156; x_wconf 86' lang='lat' dir='ltr'>dulciter</span> <span class='ocrx_word' id='word_1_119' title='bbox 1665 1111 1788 1171; x_wconf 85' lang='lat' dir='ltr'>cogi-</span> 
     </span>
     <span class='ocr_line' id='line_1_15' title="bbox 391 1182 1790 1244; baseline -0.001 -16"><span class='ocrx_word' id='word_1_120' title='bbox 391 1192 483 1229; x_wconf 89' lang='lat' dir='ltr'>tare</span> <span class='ocrx_word' id='word_1_121' title='bbox 504 1199 606 1244; x_wconf 81' lang='lat' dir='ltr'>quae</span> <span class='ocrx_word' id='word_1_122' title='bbox 635 1183 836 1229; x_wconf 82' lang='lat' dir='ltr'>novimus</span> <span class='ocrx_word' id='word_1_123' title='bbox 854 1218 865 1239; x_wconf 88' lang='lat'>,</span> <span class='ocrx_word' id='word_1_124' title='bbox 899 1192 943 1227; x_wconf 93' lang='lat' dir='ltr'>et</span> <span class='ocrx_word' id='word_1_125' title='bbox 969 1183 1122 1228; x_wconf 88' lang='lat' dir='ltr'>eadem</span> <span class='ocrx_word' id='word_1_126' title='bbox 1154 1182 1246 1243; x_wconf 89' lang='lat' dir='ltr'>ipsa</span> <span class='ocrx_word' id='word_1_127' title='bbox 1273 1182 1464 1228; x_wconf 83' lang='lat' dir='ltr'>libenter</span> <span class='ocrx_word' id='word_1_128' title='bbox 1485 1182 1663 1241; x_wconf 79' lang='lat' dir='ltr'>audire3</span> <span class='ocrx_word' id='word_1_129' title='bbox 1686 1183 1790 1244; x_wconf 87' lang='lat' dir='ltr'>quia</span> 
     </span>
     <span class='ocr_line' id='line_1_16' title="bbox 393 1252 1789 1316; baseline 0.001 -18"><span class='ocrx_word' id='word_1_130' title='bbox 393 1254 551 1300; x_wconf 89' lang='lat' dir='ltr'>modus</span> <span class='ocrx_word' id='word_1_131' title='bbox 574 1252 750 1300; x_wconf 86' lang='lat' dir='ltr'>dicendi</span> <span class='ocrx_word' id='word_1_132' title='bbox 773 1254 980 1311; x_wconf 87' lang='lat' dir='ltr'>variatur,</span> <span class='ocrx_word' id='word_1_133' title='bbox 1005 1264 1049 1299; x_wconf 88' lang='lat' dir='ltr'>et</span> <span class='ocrx_word' id='word_1_134' title='bbox 1070 1269 1136 1299; x_wconf 87' lang='lat' dir='ltr'>res</span> <span class='ocrx_word' id='word_1_135' title='bbox 1152 1254 1332 1316; x_wconf 81' lang='lat' dir='ltr'>antiqua</span> <span class='ocrx_word' id='word_1_136' title='bbox 1352 1255 1445 1315; x_wconf 89' lang='lat' dir='ltr'>ipso</span> <span class='ocrx_word' id='word_1_137' title='bbox 1466 1254 1598 1300; x_wconf 91' lang='lat' dir='ltr'>modo</span> <span class='ocrx_word' id='word_1_138' title='bbox 1614 1253 1789 1299; x_wconf 88' lang='lat' dir='ltr'>dicendi</span> 
     </span>
     <span class='ocr_line' id='line_1_17' title="bbox 394 1335 648 1371; baseline -0.004 0"><span class='ocrx_word' id='word_1_139' title='bbox 394 1335 648 1371; x_wconf 83' lang='lat' dir='ltr'>renovatur.</span> 
     </span>
    </p>

    <p class='ocr_par' dir='ltr' id='par_1_3' title="bbox 391 1395 1791 2521">
     <span class='ocr_line' id='line_1_18' title="bbox 454 1395 1790 1457; baseline 0.001 -16"><span class='ocrx_word' id='word_1_140' title='bbox 454 1400 514 1441; x_wconf 95' lang='grc' dir='ltr'>ΙΙ.</span> <span class='ocrx_word' id='word_1_141' title='bbox 552 1396 723 1441; x_wconf 87' lang='lat' dir='ltr'>Titulus</span> <span class='ocrx_word' id='word_1_142' title='bbox 748 1395 905 1441; x_wconf 86' lang='lat' dir='ltr'>Psalmi</span> <span class='ocrx_word' id='word_1_143' title='bbox 938 1396 997 1441; x_wconf 88' lang='lat' dir='ltr'>sic</span> <span class='ocrx_word' id='word_1_144' title='bbox 1028 1412 1071 1441; x_wconf 92' lang='lat' dir='ltr'>se</span> <span class='ocrx_word' id='word_1_145' title='bbox 1098 1396 1234 1441; x_wconf 84' lang='lat' dir='ltr'>habet</span> <span class='ocrx_word' id='word_1_146' title='bbox 1261 1416 1269 1442; x_wconf 92' lang='lat'>:</span> <span class='ocrx_word' id='word_1_147' title='bbox 1304 1415 1324 1439; x_wconf 86' lang='lat'>«</span> <span class='ocrx_word' id='word_1_148' title='bbox 1345 1399 1396 1441; x_wconf 87' lang='lat' dir='ltr'>In</span> <span class='ocrx_word' id='word_1_149' title='bbox 1419 1397 1552 1441; x_wconf 92' lang='lat' dir='ltr'>finem</span> <span class='ocrx_word' id='word_1_150' title='bbox 1584 1412 1665 1457; x_wconf 89' lang='lat' dir='ltr'>pro</span> <span class='ocrx_word' id='word_1_151' title='bbox 1692 1395 1790 1442; x_wconf 86' lang='lat' dir='ltr'>filiis</span> 
     </span>
     <span class='ocr_line' id='line_1_19' title="bbox 400 1467 1791 1527; baseline 0.003 -19"><span class='ocrx_word' id='word_1_152' title='bbox 400 1488 416 1509; x_wconf 87' lang='lat'>»</span> <span class='ocrx_word' id='word_1_153' title='bbox 453 1469 588 1523; x_wconf 88' lang='lat' dir='ltr'>Core,</span> <span class='ocrx_word' id='word_1_154' title='bbox 616 1467 811 1512; x_wconf 88' lang='lat' dir='ltr'>Psalmus</span> <span class='ocrx_word' id='word_1_155' title='bbox 847 1468 927 1527; x_wconf 90' lang='lat' dir='ltr'>ipsi</span> <span class='ocrx_word' id='word_1_156' title='bbox 955 1467 1138 1512; x_wconf 77' lang='lat' dir='ltr'>David1.</span> <span class='ocrx_word' id='word_1_157' title='bbox 1158 1486 1178 1509; x_wconf 90' lang='lat'>»</span> <span class='ocrx_word' id='word_1_158' title='bbox 1204 1467 1336 1513; x_wconf 90' lang='lat' dir='ltr'>Filios</span> <span class='ocrx_word' id='word_1_159' title='bbox 1358 1467 1460 1512; x_wconf 85' lang='lat' dir='ltr'>istos</span> <span class='ocrx_word' id='word_1_160' title='bbox 1486 1470 1598 1512; x_wconf 90' lang='lat' dir='ltr'>Core</span> <span class='ocrx_word' id='word_1_161' title='bbox 1626 1468 1791 1512; x_wconf 88' lang='lat' dir='ltr'>habent</span> 
     </span>
     <span class='ocr_line' id='line_1_20' title="bbox 393 1537 1790 1595; baseline 0 -13"><span class='ocrx_word' id='word_1_162' title='bbox 393 1537 509 1582; x_wconf 91' lang='lat' dir='ltr'>tituli</span> <span class='ocrx_word' id='word_1_163' title='bbox 544 1537 814 1583; x_wconf 89' lang='lat' dir='ltr'>Psalmorum</span> <span class='ocrx_word' id='word_1_164' title='bbox 840 1539 970 1582; x_wconf 87' lang='lat' dir='ltr'>etiam</span> <span class='ocrx_word' id='word_1_165' title='bbox 997 1537 1068 1582; x_wconf 86' lang='lat' dir='ltr'>alii</span> <span class='ocrx_word' id='word_1_166' title='bbox 1092 1537 1325 1595; x_wconf 88' lang='lat' dir='ltr'>nonnulli,</span> <span class='ocrx_word' id='word_1_167' title='bbox 1362 1548 1406 1583; x_wconf 87' lang='lat' dir='ltr'>et</span> <span class='ocrx_word' id='word_1_168' title='bbox 1433 1537 1629 1583; x_wconf 89' lang='lat' dir='ltr'>indicant</span> <span class='ocrx_word' id='word_1_169' title='bbox 1660 1537 1790 1583; x_wconf 87' lang='lat' dir='ltr'>dulce</span> 
     </span>
     <span class='ocr_line' id='line_1_21' title="bbox 393 1608 1790 1668; baseline 0 -15"><span class='ocrx_word' id='word_1_170' title='bbox 393 1608 672 1666; x_wconf 76' lang='lat' dir='ltr'>mysterium,</span> <span class='ocrx_word' id='word_1_171' title='bbox 697 1609 920 1653; x_wconf 88' lang='lat' dir='ltr'>insinuant</span> <span class='ocrx_word' id='word_1_172' title='bbox 941 1624 1150 1668; x_wconf 86' lang='lat' dir='ltr'>magnum</span> <span class='ocrx_word' id='word_1_173' title='bbox 1173 1618 1493 1654; x_wconf 85' lang='lat' dir='ltr'>sacramentum</span> <span class='ocrx_word' id='word_1_174' title='bbox 1519 1608 1623 1653; x_wconf 83' lang='lat' dir='ltr'>:ubi</span> <span class='ocrx_word' id='word_1_175' title='bbox 1647 1617 1691 1652; x_wconf 88' lang='lat' dir='ltr'>et</span> <span class='ocrx_word' id='word_1_176' title='bbox 1712 1624 1790 1653; x_wconf 85' lang='lat' dir='ltr'>nos</span> 
     </span>
     <span class='ocr_line' id='line_1_22' title="bbox 393 1678 1790 1739; baseline 0 -16"><span class='ocrx_word' id='word_1_177' title='bbox 393 1679 507 1739; x_wconf 86' lang='lat' dir='ltr'>ipsos</span> <span class='ocrx_word' id='word_1_178' title='bbox 537 1679 724 1724; x_wconf 86' lang='lat' dir='ltr'>libenter</span> <span class='ocrx_word' id='word_1_179' title='bbox 746 1678 1067 1738; x_wconf 81' lang='lat' dir='ltr'>intelligamus,</span> <span class='ocrx_word' id='word_1_180' title='bbox 1102 1688 1144 1724; x_wconf 87' lang='lat' dir='ltr'>et</span> <span class='ocrx_word' id='word_1_181' title='bbox 1167 1694 1450 1737; x_wconf 81' lang='lat' dir='ltr'>agnoscamus</span> <span class='ocrx_word' id='word_1_182' title='bbox 1478 1679 1525 1723; x_wconf 91' lang='lat' dir='ltr'>in</span> <span class='ocrx_word' id='word_1_183' title='bbox 1552 1678 1680 1724; x_wconf 90' lang='lat' dir='ltr'>titulo</span> <span class='ocrx_word' id='word_1_184' title='bbox 1712 1694 1790 1723; x_wconf 84' lang='lat' dir='ltr'>nos</span> 
     </span>
     <span class='ocr_line' id='line_1_23' title="bbox 392 1748 1790 1810; baseline 0.001 -16"><span class='ocrx_word' id='word_1_185' title='bbox 392 1750 470 1810; x_wconf 87' lang='lat' dir='ltr'>qui</span> <span class='ocrx_word' id='word_1_186' title='bbox 491 1749 693 1795; x_wconf 87' lang='lat' dir='ltr'>audimus</span> <span class='ocrx_word' id='word_1_187' title='bbox 728 1759 770 1794; x_wconf 89' lang='lat' dir='ltr'>et</span> <span class='ocrx_word' id='word_1_188' title='bbox 799 1749 1005 1808; x_wconf 85' lang='lat' dir='ltr'>legimus,</span> <span class='ocrx_word' id='word_1_189' title='bbox 1042 1759 1086 1794; x_wconf 91' lang='lat' dir='ltr'>et</span> <span class='ocrx_word' id='word_1_190' title='bbox 1116 1759 1325 1810; x_wconf 83' lang='lat' dir='ltr'>tanquam</span> <span class='ocrx_word' id='word_1_191' title='bbox 1360 1748 1539 1810; x_wconf 92' lang='lat' dir='ltr'>speculo</span> <span class='ocrx_word' id='word_1_192' title='bbox 1568 1749 1790 1810; x_wconf 89' lang='lat' dir='ltr'>proposito</span> 
     </span>
     <span class='ocr_line' id='line_1_24' title="bbox 391 1819 1790 1882; baseline 0 -17"><span class='ocrx_word' id='word_1_193' title='bbox 391 1821 468 1881; x_wconf 87' lang='lat' dir='ltr'>qui</span> <span class='ocrx_word' id='word_1_194' title='bbox 495 1836 643 1865; x_wconf 90' lang='lat' dir='ltr'>sumus</span> <span class='ocrx_word' id='word_1_195' title='bbox 664 1820 903 1865; x_wconf 90' lang='lat' dir='ltr'>intuemur.</span> <span class='ocrx_word' id='word_1_196' title='bbox 926 1819 1026 1864; x_wconf 86' lang='lat' dir='ltr'>Filii</span> <span class='ocrx_word' id='word_1_197' title='bbox 1047 1822 1158 1865; x_wconf 88' lang='lat' dir='ltr'>Core</span> <span class='ocrx_word' id='word_1_198' title='bbox 1180 1820 1255 1881; x_wconf 84' lang='lat' dir='ltr'>qui</span> <span class='ocrx_word' id='word_1_199' title='bbox 1273 1823 1402 1865; x_wconf 80' lang='lat' dir='ltr'>sunt?</span> <span class='ocrx_word' id='word_1_200' title='bbox 1422 1820 1525 1866; x_wconf 88' lang='lat' dir='ltr'>Fuit</span> <span class='ocrx_word' id='word_1_201' title='bbox 1541 1820 1674 1866; x_wconf 91' lang='lat' dir='ltr'>homo</span> <span class='ocrx_word' id='word_1_202' title='bbox 1690 1821 1790 1882; x_wconf 90' lang='lat' dir='ltr'>qui-</span> 
     </span>
     <span class='ocr_line' id='line_1_25' title="bbox 393 1890 1785 1951; baseline -0.001 -16"><span class='ocrx_word' id='word_1_203' title='bbox 393 1891 496 1935; x_wconf 90' lang='lat' dir='ltr'>dam</span> <span class='ocrx_word' id='word_1_204' title='bbox 528 1893 640 1936; x_wconf 90' lang='lat' dir='ltr'>Core</span> <span class='ocrx_word' id='word_1_205' title='bbox 668 1891 845 1936; x_wconf 89' lang='lat' dir='ltr'>nomine</span> <span class='ocrx_word' id='word_1_206' title='bbox 858 1894 891 1945; x_wconf 73' lang='lat'>²,</span> <span class='ocrx_word' id='word_1_207' title='bbox 922 1890 982 1934; x_wconf 91' lang='lat' dir='ltr'>sic</span> <span class='ocrx_word' id='word_1_208' title='bbox 1013 1890 1130 1934; x_wconf 88' lang='lat' dir='ltr'>enim</span> <span class='ocrx_word' id='word_1_209' title='bbox 1159 1891 1400 1935; x_wconf 86' lang='lat' dir='ltr'>vocabatur</span> <span class='ocrx_word' id='word_1_210' title='bbox 1423 1890 1578 1951; x_wconf 88' lang='lat' dir='ltr'>aliquis</span> <span class='ocrx_word' id='word_1_211' title='bbox 1606 1892 1739 1936; x_wconf 91' lang='lat' dir='ltr'>homo</span> <span class='ocrx_word' id='word_1_212' title='bbox 1775 1906 1785 1933; x_wconf 72' lang='grc' dir='ltr'>ε</span> 
     </span>
     <span class='ocr_line' id='line_1_26' title="bbox 392 1960 1790 2021; baseline 0 -15"><span class='ocrx_word' id='word_1_213' title='bbox 392 1971 696 2007; x_wconf 87' lang='lat' dir='ltr'>verumtamen</span> <span class='ocrx_word' id='word_1_214' title='bbox 718 1977 820 2005; x_wconf 88' lang='lat' dir='ltr'>cum</span> <span class='ocrx_word' id='word_1_215' title='bbox 842 1960 1049 2019; x_wconf 83' lang='lat' dir='ltr'>leguntur</span> <span class='ocrx_word' id='word_1_216' title='bbox 1071 1977 1170 2021; x_wconf 84' lang='lat' dir='ltr'>quae</span> <span class='ocrx_word' id='word_1_217' title='bbox 1192 1962 1350 2021; x_wconf 87' lang='lat' dir='ltr'>scripta</span> <span class='ocrx_word' id='word_1_218' title='bbox 1365 1970 1484 2016; x_wconf 90' lang='lat' dir='ltr'>sunt,</span> <span class='ocrx_word' id='word_1_219' title='bbox 1505 1971 1549 2006; x_wconf 88' lang='lat' dir='ltr'>et</span> <span class='ocrx_word' id='word_1_220' title='bbox 1570 1962 1790 2006; x_wconf 87' lang='lat' dir='ltr'>invenitur</span> 
     </span>
     <span class='ocr_line' id='line_1_27' title="bbox 393 2030 1787 2093; baseline -0.001 -16"><span class='ocrx_word' id='word_1_221' title='bbox 393 2048 534 2077; x_wconf 90' lang='lat' dir='ltr'>sermo</span> <span class='ocrx_word' id='word_1_222' title='bbox 556 2031 731 2077; x_wconf 85' lang='lat' dir='ltr'>divinus</span> <span class='ocrx_word' id='word_1_223' title='bbox 753 2031 876 2092; x_wconf 89' lang='lat' dir='ltr'>loqui</span> <span class='ocrx_word' id='word_1_224' title='bbox 901 2032 957 2077; x_wconf 86' lang='lat' dir='ltr'>ad</span> <span class='ocrx_word' id='word_1_225' title='bbox 978 2030 1193 2092; x_wconf 88' lang='lat' dir='ltr'>quosdam</span> <span class='ocrx_word' id='word_1_226' title='bbox 1209 2067 1219 2087; x_wconf 91' lang='lat'>,</span> <span class='ocrx_word' id='word_1_227' title='bbox 1247 2031 1324 2093; x_wconf 91' lang='lat' dir='ltr'>qui</span> <span class='ocrx_word' id='word_1_228' title='bbox 1357 2047 1448 2077; x_wconf 88' lang='lat' dir='ltr'>non</span> <span class='ocrx_word' id='word_1_229' title='bbox 1473 2031 1602 2077; x_wconf 88' lang='lat' dir='ltr'>valde</span> <span class='ocrx_word' id='word_1_230' title='bbox 1624 2031 1787 2077; x_wconf 90' lang='lat' dir='ltr'>intelli-</span> 
     </span>
     <span class='ocr_line' id='line_1_28' title="bbox 394 2101 1787 2164; baseline -0.001 -16"><span class='ocrx_word' id='word_1_231' title='bbox 394 2113 559 2164; x_wconf 82' lang='lat' dir='ltr'>guntur</span> <span class='ocrx_word' id='word_1_232' title='bbox 579 2103 655 2148; x_wconf 86' lang='lat' dir='ltr'>filii</span> <span class='ocrx_word' id='word_1_233' title='bbox 677 2119 766 2147; x_wconf 90' lang='lat' dir='ltr'>esse</span> <span class='ocrx_word' id='word_1_234' title='bbox 791 2101 906 2146; x_wconf 92' lang='lat' dir='ltr'>illius</span> <span class='ocrx_word' id='word_1_235' title='bbox 929 2103 1057 2146; x_wconf 88' lang='lat' dir='ltr'>unius</span> <span class='ocrx_word' id='word_1_236' title='bbox 1081 2102 1269 2147; x_wconf 87' lang='lat' dir='ltr'>hominis</span> <span class='ocrx_word' id='word_1_237' title='bbox 1291 2103 1368 2164; x_wconf 90' lang='lat' dir='ltr'>qui</span> <span class='ocrx_word' id='word_1_238' title='bbox 1389 2103 1627 2148; x_wconf 86' lang='lat' dir='ltr'>vocabatur</span> <span class='ocrx_word' id='word_1_239' title='bbox 1654 2105 1787 2161; x_wconf 67' lang='lat' dir='ltr'>Core,</span> 
     </span>
     <span class='ocr_line' id='line_1_29' title="bbox 393 2172 1791 2235; baseline -0.001 -15"><span class='ocrx_word' id='word_1_240' title='bbox 393 2174 578 2220; x_wconf 88' lang='lat' dir='ltr'>recurrit</span> <span class='ocrx_word' id='word_1_241' title='bbox 609 2173 779 2218; x_wconf 85' lang='lat' dir='ltr'>animus</span> <span class='ocrx_word' id='word_1_242' title='bbox 802 2173 856 2218; x_wconf 91' lang='lat' dir='ltr'>ad</span> <span class='ocrx_word' id='word_1_243' title='bbox 880 2173 1157 2231; x_wconf 87' lang='lat' dir='ltr'>mysterium,</span> <span class='ocrx_word' id='word_1_244' title='bbox 1178 2182 1228 2218; x_wconf 91' lang='lat' dir='ltr'>ut</span> <span class='ocrx_word' id='word_1_245' title='bbox 1252 2182 1421 2234; x_wconf 85' lang='lat' dir='ltr'>quaerat</span> <span class='ocrx_word' id='word_1_246' title='bbox 1443 2172 1550 2235; x_wconf 90' lang='lat' dir='ltr'>quid</span> <span class='ocrx_word' id='word_1_247' title='bbox 1575 2174 1791 2234; x_wconf 84' lang='lat' dir='ltr'>significet</span> 
     </span>
     <span class='ocr_line' id='line_1_30' title="bbox 393 2244 1790 2306; baseline -0.001 -14"><span class='ocrx_word' id='word_1_248' title='bbox 393 2249 520 2293; x_wconf 88' lang='lat' dir='ltr'>Core.</span> <span class='ocrx_word' id='word_1_249' title='bbox 547 2245 660 2300; x_wconf 85' lang='lat' dir='ltr'>Quia</span> <span class='ocrx_word' id='word_1_250' title='bbox 678 2246 794 2290; x_wconf 88' lang='lat' dir='ltr'>enim</span> <span class='ocrx_word' id='word_1_251' title='bbox 815 2245 999 2289; x_wconf 88' lang='lat' dir='ltr'>verbum</span> <span class='ocrx_word' id='word_1_252' title='bbox 1023 2244 1248 2289; x_wconf 85' lang='lat' dir='ltr'>hebraeum</span> <span class='ocrx_word' id='word_1_253' title='bbox 1272 2254 1361 2301; x_wconf 88' lang='lat' dir='ltr'>est,</span> <span class='ocrx_word' id='word_1_254' title='bbox 1390 2245 1551 2290; x_wconf 86' lang='lat' dir='ltr'>dicitur</span> <span class='ocrx_word' id='word_1_255' title='bbox 1571 2245 1726 2306; x_wconf 90' lang='lat' dir='ltr'>utique</span> <span class='ocrx_word' id='word_1_256' title='bbox 1747 2254 1790 2291; x_wconf 88' lang='lat' dir='ltr'>et</span> 
     </span>
     <span class='ocr_line' id='line_1_31' title="bbox 391 2314 1785 2377; baseline -0.001 -15"><span class='ocrx_word' id='word_1_257' title='bbox 391 2317 706 2377; x_wconf 84' lang='lat' dir='ltr'>interpretatur</span> <span class='ocrx_word' id='word_1_258' title='bbox 730 2316 777 2360; x_wconf 92' lang='lat' dir='ltr'>in</span> <span class='ocrx_word' id='word_1_259' title='bbox 800 2331 985 2376; x_wconf 83' lang='lat' dir='ltr'>graecam</span> <span class='ocrx_word' id='word_1_260' title='bbox 1007 2314 1204 2375; x_wconf 86' lang='lat' dir='ltr'>linguam</span> <span class='ocrx_word' id='word_1_261' title='bbox 1228 2325 1272 2361; x_wconf 84' lang='lat' dir='ltr'>et</span> <span class='ocrx_word' id='word_1_262' title='bbox 1300 2315 1346 2360; x_wconf 89' lang='lat' dir='ltr'>in</span> <span class='ocrx_word' id='word_1_263' title='bbox 1373 2315 1551 2360; x_wconf 89' lang='lat' dir='ltr'>latinam</span> <span class='ocrx_word' id='word_1_264' title='bbox 1573 2315 1785 2375; x_wconf 82' lang='lat' dir='ltr'>linguam.</span> 
     </span>
     <span class='ocr_line' id='line_1_32' title="bbox 392 2385 1788 2449; baseline -0.001 -16"><span class='ocrx_word' id='word_1_265' title='bbox 392 2390 451 2433; x_wconf 91' lang='lat' dir='ltr'>Et</span> <span class='ocrx_word' id='word_1_266' title='bbox 481 2389 648 2433; x_wconf 72' lang='lat' dir='ltr'>iactum</span> <span class='ocrx_word' id='word_1_267' title='bbox 683 2397 747 2432; x_wconf 88' lang='lat' dir='ltr'>est</span> <span class='ocrx_word' id='word_1_268' title='bbox 773 2388 886 2449; x_wconf 85' lang='lat' dir='ltr'>jam,</span> <span class='ocrx_word' id='word_1_269' title='bbox 919 2385 1060 2431; x_wconf 86' lang='lat' dir='ltr'>multa</span> <span class='ocrx_word' id='word_1_270' title='bbox 1091 2387 1269 2432; x_wconf 87' lang='lat' dir='ltr'>nomina</span> <span class='ocrx_word' id='word_1_271' title='bbox 1300 2387 1476 2432; x_wconf 77' lang='lat' dir='ltr'>hebraea</span> <span class='ocrx_word' id='word_1_272' title='bbox 1507 2387 1788 2448; x_wconf 86' lang='lat' dir='ltr'>interpretata</span> 
     </span>
     <span class='ocr_line' id='line_1_33' title="bbox 392 2459 1788 2521; baseline -0.002 -14"><span class='ocrx_word' id='word_1_273' title='bbox 392 2470 496 2507; x_wconf 87' lang='lat' dir='ltr'>sunt</span> <span class='ocrx_word' id='word_1_274' title='bbox 514 2460 641 2505; x_wconf 92' lang='lat' dir='ltr'>nobis</span> <span class='ocrx_word' id='word_1_275' title='bbox 668 2480 677 2506; x_wconf 76' lang='grc' dir='ltr'><strong><em>ι</em></strong></span> <span class='ocrx_word' id='word_1_276' title='bbox 703 2469 747 2505; x_wconf 88' lang='lat' dir='ltr'>et</span> <span class='ocrx_word' id='word_1_277' title='bbox 763 2459 1031 2520; x_wconf 89' lang='lat' dir='ltr'>inspicimus,</span> <span class='ocrx_word' id='word_1_278' title='bbox 1057 2469 1101 2505; x_wconf 89' lang='lat' dir='ltr'>et</span> <span class='ocrx_word' id='word_1_279' title='bbox 1117 2459 1364 2506; x_wconf 88' lang='lat' dir='ltr'>invenimus</span> <span class='ocrx_word' id='word_1_280' title='bbox 1383 2462 1498 2506; x_wconf 89' lang='lat' dir='ltr'>Core</span> <span class='ocrx_word' id='word_1_281' title='bbox 1515 2460 1788 2521; x_wconf 84' lang='lat' dir='ltr'>interpretari</span> 
     </span>
    </p>
   </div>
   <div class='ocr_carea' id='block_1_3' title="bbox 441 2546 1059 2589">
    <p class='ocr_par' dir='ltr' id='par_1_4' title="bbox 441 2546 1059 2589">
     <span class='ocr_line' id='line_1_34' title="bbox 441 2546 1059 2589; baseline -0.003 -9"><span class='ocrx_word' id='word_1_282' title='bbox 441 2554 451 2572; x_wconf 82' lang='lat'><em>¹</em></span> <span class='ocrx_word' id='word_1_283' title='bbox 475 2546 556 2581; x_wconf 84' lang='lat' dir='ltr'>Psal.</span> <span class='ocrx_word' id='word_1_284' title='bbox 584 2558 668 2589; x_wconf 69' lang='lat' dir='ltr'>uvi,</span> <span class='ocrx_word' id='word_1_285' title='bbox 692 2559 720 2579; x_wconf 89' lang='lat'>1.</span> <span class='ocrx_word' id='word_1_286' title='bbox 748 2563 790 2570; x_wconf 89' lang='lat'>-</span> <span class='ocrx_word' id='word_1_287' title='bbox 805 2553 818 2570; x_wconf 83' lang='lat'>²</span> <span class='ocrx_word' id='word_1_288' title='bbox 836 2548 931 2580; x_wconf 84' lang='lat' dir='ltr'>Num.</span> <span class='ocrx_word' id='word_1_289' title='bbox 947 2557 1010 2588; x_wconf 74' lang='lat' dir='ltr'>xvi,</span> <span class='ocrx_word' id='word_1_290' title='bbox 1032 2558 1059 2578; x_wconf 84' lang='lat'>1.</span> 
     </span>
    </p>
   </div>
  </div>
 </body>
</html>
