1841 3223
214 244 455 272 mauriano
486 247 518 271 ιι
550 246 594 272 ω
628 244 829 272 PsALMUM
862 246 1008 283 xxxv17
1043 245 1168 274 smmi.
1206 249 1252 273 11.
1350 236 1400 272 97

24 322 172 352 omnes
193 318 362 354 sanctos
381 310 706 354 consacerdotes
721 345 731 364 ,
769 321 812 355 et
833 327 979 356 omnes
1005 311 1181 356 clericos
1195 346 1206 365 ‚
1242 321 1286 355 ct
1306 327 1404 355 om-

24 393 99 422 nes
120 379 304 438 populos
336 380 412 439 qui
438 395 481 423 se
508 380 773 425 Christianos
795 383 1114 437 meminerunt,
1149 382 1231 426 hac
1259 391 1406 427 nostra

26 449 288 493 Tractatoria
314 464 612 504 commonere,
643 459 694 493 ut
719 466 869 495 omnes
904 453 994 511 ejus
1019 452 1372 497 communionem
1389 487 1401 508 ,
1424 479 1427 482 -

24 526 178 577 utpote
206 517 423 574 damnati,
459 517 658 578 diligenti
685 535 789 564 cura
819 521 1038 565 horreant.
1071 526 1167 581 Ipse
1198 522 1315 566 enim
1349 521 1406 566 de

23 603 102 633 suo
115 588 293 633 interitu
314 590 526 634 rationem
548 590 702 634 reddet
717 626 727 645 ‚
754 591 830 650 qui
852 591 936 635 hoc
957 601 1154 635 nostrum
1181 592 1405 637 decretum

24 674 115 703 non
146 659 365 704 audiendo
401 661 631 706 tentaverit
661 661 838 706 violare.
871 661 1039 706 Placuit
1075 678 1177 706 sane
1204 664 1330 707 nobis
1362 672 1406 707 et

27 729 190 788 Spiritu
222 739 367 774 sancto
392 765 404 786 ‚
443 730 564 790 quod
600 740 771 790 tempus
809 731 942 776 tardis
976 731 1032 775 ad
1063 732 1408 776 convertendum

25 808 265 844 reservetur
307 800 390 844 sub
427 816 478 845 eo
501 836 512 855 ,
550 810 602 846 ut
637 801 904 862 quicumque
943 802 1301 846 consacerdotum
1337 801 1409 847 vel

25 869 280 915 clericorum
316 887 406 915 suae
436 870 584 915 salutis
620 871 920 928 immemores,
956 889 980 916 a
1018 873 1087 916 die
1120 872 1409 917 damnationis

25 939 259 1000 supradicti
294 940 525 996 Primiani‚
560 941 606 986 id
639 952 725 998 est,
764 959 787 986 a
822 942 891 986 die
922 952 1075 988 octavo
1108 942 1410 987 Kalendarum

24 1014 49 1055 J
54 1010 239 1055 uliarum
260 1027 398 1072 usque
420 1011 475 1055 ad
496 1011 611 1056 diem
635 1022 837 1057 octavum
862 1012 1160 1057 Kalendarum
1184 1014 1413 1058 Januaria-

25 1095 122 1124 rum
139 1116 151 1136 ,
171 1080 314 1124 minus
331 1097 355 1124 a
368 1081 571 1125 Primiani
589 1080 783 1126 damnati
805 1083 1112 1127 communione
1129 1084 1407 1139 recesserint,

27 1149 102 1194 tali
122 1151 334 1195 sententia
355 1151 723 1210 constringantur.
753 1153 873 1196 La'i'ci
899 1168 1077 1213 quoque
1105 1153 1186 1197 nisi
1214 1169 1258 1197 se
1290 1170 1314 1197 a
1339 1169 1414 1197 su·-

26 1219 222 1279 pradicto
244 1220 315 1265 die
336 1220 625 1265 damnationis
642 1221 772 1277 illius,
791 1223 903 1267 intra
923 1223 1039 1267 diem
1063 1224 1237 1268 Paschae
1250 1223 1413 1268 futurae

26 1290 81 1335 ab
103 1291 193 1350 ejus
215 1292 432 1336 consortio
453 1292 746 1351 separaverint
759 1327 770 1347 ‚
791 1308 880 1336 non
902 1308 1025 1352 posse
1046 1309 1314 1354 quemquam
1332 1293 1415 1338 nisi

24 1376 102 1421 per
121 1361 450 1421 poenitentiam,
477 1362 693 1422 siquidem
720 1363 1021 1419 meminerint,
1046 1364 1251 1408 Ecclesiae
1273 1363 1413 1408 refor-

24 1431 147 1476 mari.
168 1432 415 1477 Victorinus
436 1433 777 1478 Munatianensis
795 1434 1021 1493 episcopus
1035 1434 1284 1494 subscripsi.
1305 1438 1414 1479 For-,-

25 1511 203 1547 tunatus
238 1504 588 1561 Dionysianensis
619 1505 843 1563 episcopus
865 1505 1111 1564 subscripsi.
1137 1506 1413 1550 Victorianus

23 1574 376 1618 Carcabianensis
397 1575 623 1634 episcopus
646 1575 893 1634 subscripsi.
923 1575 1169 1620 Florentius
1186 1577 1241 1620 ab
1265 1576 1415 1620 Adru-

23 1652 140 1688 meto
187 1644 415 1703 episcopus
450 1645 698 1704 subscripsi.
749 1645 966 1703 Migginus
1006 1645 1061 1689 ab
1106 1645 1415 1706 Elephantaria

23 1713 250 1773 episcopus
279 1713 527 1772 subscripsi.
555 1714 834 1758 Innocentius
855 1714 1153 1759 Thebaltensis
1185 1716 1414 1776 episcopus

24 1784 272 1844 subscripsi.
297 1785 462 1843 Miggin
484 1800 562 1844 pro
580 1783 745 1843 collega
761 1800 861 1828 meo
890 1784 1031 1829 Salvio
1055 1786 1414 1833 Membressitano

25 1853 227 1913 episcopo
270 1854 517 1913 subscripsi.
568 1853 734 1898 Salvius
772 1853 1018 1898 Ausafensis
1049 1856 1276 1915 episcopus
1307 1857 1413 1901 sub-

25 1924 186 1984 scripsi.
213 1927 407 1969 Donatus
432 1925 698 1970 Sabratensis
722 1925 948 1985 episcopus
978 1926 1228 1986 subscripsi.
1253 1929 1413 1972 Geme-

24 1993 107 2040 lius
129 2011 154 2039 a
178 1995 400 2040 Tanabaeis
427 1995 653 2055 episcopus
677 1996 925 2055 subscripsi.
949 2015 969 2038 >›
1002 1998 1019 2055 (
1027 2000 1084 2041 Et
1099 2013 1201 2041 cum
1221 1997 1410 2057 legeret,

24 2064 142 2110 idem
175 2064 282 2108 dixit
316 2084 327 2110 ;
368 2067 433 2109 Ex
473 2065 574 2124 ipsis
607 2065 1020 2111 condemnatoribus
1074 2068 1328 2128 subscripsit
1370 2078 1415 2114 et

26 2139 306 2180 Praetextatus
340 2136 645 2189 Assuritanus,
683 2145 727 2180 et
759 2136 1002 2181 Felicianus
1029 2138 1308 2183 Mustitanus.
1355 2143 1414 2186 Et

26 2221 126 2250 cum
158 2214 389 2260 tractaret,
435 2205 659 2266 sequentia
694 2206 890 2251 recitavit
912 2210 961 2266 z)
993 2236 1050 2241 --
1077 2229 1097 2251 «
1128 2213 1412 2255 Praetextatus

25 2275 301 2320 Assuritanus
322 2275 547 2335 episcopus
569 2276 815 2335 subscripsi.
838 2278 1123 2322 Maximianus
1149 2280 1412 2327 Stabatensis

26 2345 252 2405 episcopus
263 2345 509 2405 subscripsi.
531 2346 736 2390 Datianus
749 2347 1052 2392 Camicetensis
1065 2350 1291 2409 episcopus
1310 2352 1413 2396 sub-

26 2416 189 2476 scripsi.
222 2419 416 2460 Donatus
439 2416 722 2460 Fiscianensis
743 2417 969 2477 episcopus
990 2419 1240 2479 subscripsi.
1270 2422 1413 2467 Theo-

27 2485 160 2532 dorus
177 2487 397 2532 Usuiensis
413 2488 641 2547 episcopus
657 2488 904 2548 subscripsi.
926 2490 1217 2546 Victorianus,
1226 2492 1412 2551 jubente

28 2557 194 2617 collega
214 2558 404 2616 Agnosio
431 2558 659 2618 episcopo,
694 2559 943 2619 subscripsi.
977 2563 1172 2605 Donatus
1205 2562 1412 2610 Cebresu-

217 2638 321 2668 cxv,
1203 2637 1227 2672 7
