1841 3223
392 246 471 285 138
835 256 869 283 s.
906 257 1136 283 Aneus‘ruvl
1170 256 1350 283 131>1scom

385 321 562 383 quidem
581 330 785 380 tanquam
800 320 943 364 adhuc
961 320 1281 365 recordantium
1297 319 1546 374 sabbatum,
1569 329 1774 379 tanquam

385 393 657 437 cernentium
689 392 735 434 in
769 407 866 451 spe3
891 391 966 436 sed
995 391 1191 435 nondum
1222 401 1285 435 est
1307 390 1417 435 illud
1439 391 1590 434 lumen
1612 391 1667 434 de
1688 407 1775 450 quo

384 463 562 507 dieitur:
585 462 856 505 «Ostendam
876 477 944 506 me
958 463 1079 522 ipum
1099 461 1204 506 illi¹.
1221 481 1240 503 »
1261 465 1338 506 Est
1356 461 1563 521 quiddam
1582 460 1772 517 luminis,

383 533 484 593 quia
510 531 586 574 filii
608 532 684 575 Dei
704 547 872 587 sumus,
899 541 942 576 et
963 534 1115 592 utique
1136 534 1218 577 hoc
1241 533 1286 575 in
1304 532 1389 576 fide
1408 533 1644 576 retinemus
1665 548 1674 572 ε
1701 531 1776 576 sed

383 603 581 648 nondum
605 612 668 647 est
683 602 795 647 illud
816 603 966 647 lumen
983 603 1104 663 quod
1120 602 1382 651 videbimus.
1402 602 1640 647 «Nondum
1659 603 1776 647 enim

384 693 405 716 »
444 673 645 733 apparuit
677 673 796 733 quod
832 674 990 717 erimus
1017 689 1025 715 :
1059 675 1216 717 scimus
1238 673 1341 733 quia
1374 688 1474 717 cum
1500 674 1772 732 apparuerit,

385 763 406 786 »
442 744 598 788 similes
622 744 659 787 ei
683 744 858 798 erimus,
880 745 1088 804 quoniam
1101 743 1348 788 videbimus
1366 759 1466 786 eum
1486 743 1611 787 sicuti
1625 747 1733 788 est2.
1753 762 1773 785 »

382 818 492 861 Nam
515 814 645 859 modo
669 814 817 859 lumen
834 815 934 858 fidei
955 814 1162 858 etlumen
1185 814 1274 874 spei
1297 823 1376 858 est.
1396 833 1417 856 «
1431 813 1638 867 Quandiu
1660 814 1777 858 enim

385 905 405 927 »
441 901 589 930 sumus
605 885 651 929 in
673 900 874 944 corpore,
906 885 1235 944 peregrinamur
1256 901 1279 929 a
1302 885 1489 929 Domino
1511 904 1519 928 :
1546 900 1623 944 per
1644 884 1776 929 fidem

385 975 405 998 »
441 957 556 999 enim
580 955 878 1011 ambulamus,
904 971 993 999 non
1016 971 1094 1016 per
1114 956 1342 1015 speciem&
1367 958 1424 999 Et
1440 954 1637 1015 quandiu
1657 955 1778 1014 quod

386 1045 407 1069 »
442 1042 532 1072 non
554 1026 753 1071 videmus
775 1042 1020 1087 speramus,
1045 1042 1122 1087 per
1138 1026 1392 1087 patientiam
1411 1027 1730 1086 expectamus4.
1753 1045 1772 1068 »

381 1100 519 1142 Voces
553 1106 655 1142 sunt
677 1113 780 1157 ergo
808 1098 901 1142 istae
923 1098 1296 1157 peregrinantium
1313 1133 1323 1152 ‚
1351 1097 1549 1141 nondum
1572 1097 1616 1140 in
1641 1097 1776 1156 patria

381 1169 734 1213 constitutorum.
760 1171 816 1212 Et
839 1177 955 1212 recte
977 1167 1082 1212 dicit
1097 1203 1108 1223 ‚
1135 1177 1179 1211 et
1200 1183 1300 1211 vere
1322 1166 1452 1222 dicit,
1480 1176 1524 1211 et
1544 1167 1578 1211 si
1607 1182 1696 1211 non
1723 1167 1776 1211 sit

382 1238 559 1284 dolosus
576 1275 586 1295 ,
607 1240 815 1291 veraciter
836 1239 1071 1284 confitetur
1089 1259 1097 1283 :
1123 1258 1143 1280 «
1163 1242 1222 1283 Et
1241 1237 1392 1282 lumen
1413 1237 1642 1283 oculorum
1660 1253 1777 1283 meo-

384 1329 404 1352 »
441 1327 539 1355 rum
564 1327 655 1356 non
688 1320 752 1356 est
784 1327 974 1356 mecum.
1003 1329 1024 1352 »
1057 1314 1162 1355 Haec
1196 1311 1358 1370 patitur
1384 1311 1518 1355 homo
1546 1310 1684 1365 intus,
1716 1310 1777 1355 ibi

381 1397 551 1437 seeum,
578 1383 625 1426 in
654 1397 698 1426 sc
719 1383 836 1442 ipso⁷
863 1391 906 1426 et
928 1397 971 1427 se
995 1382 1136 1441 ipsum
1151 1416 1161 1436 ,
1192 1381 1246 1425 de
1269 1381 1444 1425 nemine
1467 1381 1521 1425 ad
1557 1382 1776 1426 neminem

380 1462 539 1513 praeter
560 1469 604 1497 se
624 1473 633 1498 ;
658 1454 751 1497 haec
774 1454 855 1498 sibi
878 1454 968 1514 ipse
990 1468 1122 1513 poena
1146 1468 1222 1497 sua
1245 1468 1333 1496 esse
1352 1453 1533 1507 meruit,
1560 1451 1779 1512 quidquid

381 1525 578 1584 superius
600 1525 887 1569 enumeravit.

439 1598 559 1640 XVI.
588 1595 671 1641 Sed
694 1596 911 1656 numquid
932 1597 1016 1640 hoc
1038 1595 1180 1639 solum
1203 1603 1267 1639 est
1289 1593 1409 1654 quod
1431 1594 1596 1654 patitur
1616 1594 1778 1639 homo?

381 1666 546 1711 Patitur
558 1667 675 1710 enim
689 1682 739 1709 ex
752 1682 795 1710 se
809 1667 1084 1721 intrinsecus,
1102 1664 1343 1710 forinsecus
1360 1674 1508 1709 autem
1523 1680 1573 1709 ex
1587 1666 1646 1710 eis
1664 1666 1778 1710 inter

379 1753 488 1798 quos
513 1737 635 1781 vivit:
660 1737 823 1796 patitur
843 1737 954 1781 mala
977 1753 1076 1791 sua,
1110 1737 1282 1795 cogitur
1302 1736 1394 1796 pati
1416 1745 1460 1779 et
1481 1736 1637 1780 aliena.
1668 1736 1776 1780 Inde

380 1818 482 1854 sunt
504 1808 590 1852 illae
609 1808 708 1852 duae
730 1824 857 1853 voces
879 1828 887 1852 :
919 1827 938 1850 «
962 1808 1030 1852 Ab
1054 1807 1235 1852 occultis
1259 1808 1364 1851 meis
1386 1808 1551 1852 munda
1574 1823 1659 1863 me,
1685 1811 1775 1852 Do—

383 1898 404 1922 »
440 1880 578 1934 mine⁷
597 1889 640 1924 et
662 1880 716 1924 ab
739 1879 888 1924 alienis
911 1894 1038 1938 parce
1055 1895 1178 1923 servo
1200 1887 1278 1922 tuo
1293 1880 1323 1922 ⁵.
1352 1897 1372 1919 »
1400 1881 1497 1923 Jam
1520 1880 1575 1922 de
1596 1878 1776 1924 occultis

380 1951 466 1996 suis
488 1949 708 1995 confessus
726 1959 810 2004 est,
838 1966 861 1994 a
878 1950 1038 2010 quibus
1061 1965 1105 1993 se
1127 1950 1248 2009 eupit
1268 1949 1472 1993 mundari
1494 1969 1502 1994 :
1529 1949 1644 1994 dieat
1664 1950 1775 1994 etde

380 2020 528 2065 alienis
543 2036 566 2064 a
588 2020 748 2081 quibus
771 2020 851 2064 sibi
873 2019 966 2063 vult
984 2020 1116 2080 parci.
1141 2039 1159 2061 «
1180 2020 1320 2064 Amici
1338 2020 1438 2063 mei.
1458 2019 1610 2073 »Quid
1633 2020 1775 2064 dicam

373 2092 465 2152 jam
498 2090 552 2134 de
587 2091 800 2134 inimicis?
826 2110 845 2132 «
873 2090 1011 2134 Amici
1041 2090 1125 2133 mci
1155 2099 1198 2134 et
1230 2091 1413 2149 proximi
1437 2090 1521 2133 mei
1543 2089 1774 2134 adversum

383 2181 403 2204 »
438 2177 508 2206 me
537 2162 1022 2222 appropiuquavcrunt,
1044 2170 1087 2204 et
1107 2163 1363 2206 steterunt0.
1386 2180 1405 2202 »
1426 2163 1518 2205 Hoc
1537 2162 1658 2221 quod
1681 2162 1739 2205 ait
1760 2177 1768 2203 ε

384 2252 404 2275 »
440 2233 684 2278 Adversum
705 2248 773 2276 me
795 2241 1032 2286 steterunt,
1061 2250 1079 2273 »
1102 2231 1309 2290 intellige.
1338 2233 1378 2276 si
1402 2232 1518 2275 enim
1541 2232 1771 2276 adversum

379 2319 449 2348 me
469 2313 698 2357 steterunt,
719 2303 922 2347 adversus
938 2318 982 2347 se
999 2302 1265 2346 ceciderunt.
1298 2322 1317 2345 (ι
1343 2303 1480 2347 Amici
1501 2304 1586 2346 mei
1610 2312 1653 2346 et
1676 2318 1771 2361 pro-

381 2393 402 2416 »
414 2375 517 2418 ximi
533 2376 615 2419 mei
630 2375 858 2419 adversum
874 2388 942 2417 me
958 2373 1435 2433 appropinquaverunt,
1450 2382 1493 2417 et
1507 2383 1766 2417 steterunt»)

378 2447 477 2489 Jam
507 2444 796 2503 intelligamus
826 2444 976 2505 eapitis
1007 2458 1155 2499 voces,
1187 2445 1278 2503 jam
1307 2444 1484 2503 incipiat
1517 2443 1770 2488 illucescere

427 2548 436 2564 ¹
457 2544 546 2574 Joan.
568 2554 633 2584 xiv,
652 2552 705 2575 21.
724 2559 764 2565 --
785 2550 798 2566 ²
827 2554 838 2574 1
861 2545 951 2574 Joan.
973 2542 1023 2582 11i,
1039 2550 1070 2573 Ἰ.
1093 2558 1134 2563 -
1154 2539 1167 2563 3
1187 2550 1206 2572 2
1231 2544 1301 2574 Cor.
1327 2552 1358 2581 v,
1374 2541 1408 2578 6,
1436 2552 1466 2583 7.
1489 2539 1553 2570 —si
1582 2543 1673 2573 Rom.
1691 2552 1761 2582 vni,

379 2597 433 2629 25.
451 2615 491 2620 -—
514 2596 528 2619 5
548 2598 626 2630 Psal.
648 2609 737 2634 xvui,
760 2600 811 2636 13,
835 2596 947 2638 14—-
966 2595 980 2619 6
1000 2596 1078 2629 Psat.
1096 2607 1220 2637 xxxvii,
1244 2605 1296 2627 12.
