1841 3223
371 278 611 307 ENARaAno
644 280 690 306 IN
722 277 923 307 PsALMnM
954 276 1114 304 xxxvn.
1352 263 1434 302 137

52 344 198 388 multis
237 353 382 388 autem
422 343 674 387 hominibus
710 343 990 387 absconditus
1020 351 1097 385 est.
1135 339 1320 385 Videtur
1353 339 1450 384 ali->

50 413 229 474 quando
248 412 423 457 humilis
440 428 586 456 servus
603 411 681 456 Dei
698 410 840 455 dicere
859 431 868 455 ι
894 430 913 453 ι(
931 415 988 455 Et
1007 411 1189 469 gemitus
1206 425 1326 454 meus
1344 424 1435 454 non

53 502 73 525 »
109 492 173 527 est
185 482 460 527 absconditus
475 498 498 526 a
511 491 603 526 te.»
621 481 804 525 Videtur
822 480 1055 540 aliquando
1073 490 1116 524 et
1133 480 1272 524 ridere
1284 495 1433 524 servus

50 555 153 598 Dei:
179 552 396 613 numquid
417 551 677 596 desiderium
710 551 835 595 illum
858 560 1083 596 mortuum
1113 560 1177 595 est
1204 551 1249 594 in
1277 549 1435 595 corde?

52 624 96 669 Si
118 632 263 668 autem
283 623 395 668 inest
415 622 675 668 desiderium
690 658 700 678 ,
725 622 835 665 inest
857 630 900 665 et
923 621 1122 680 gemitus.
1148 623 1246 665 Non
1267 635 1436 680 semper

49 695 246 754 pervenit
267 695 322 738 ad
344 709 466 738 aures
486 695 729 749 hominum,
752 691 828 737 sed
844 707 1071 753 nunquam
1094 691 1257 736 recedit
1278 691 1332 735 ab
1356 707 1436 736 au-

50 765 168 809 ribus
194 765 287 810 Dei.

107 839 204 880 XV.
234 855 254 878 «
278 838 365 882 Cor
385 850 533 880 meum
555 834 866 880 conturbatum
892 842 969 877 est.
997 851 1018 875 )›
1046 832 1172 878 Unde
1195 831 1436 878 conturba-

52 925 74 949 »
108 916 201 951 tum
223 909 317 952 est?
343 926 363 949 «
383 910 440 951 Et
461 906 651 951 deseruit
671 921 741 950 me
764 903 976 950 fortitudo
993 920 1105 949 mea.
1129 922 1150 945 »
1172 903 1438 963 Plerumque

50 978 176 1022 irruit
191 978 336 1022 nescio
349 977 456 1037 quid
479 977 772 1038 repentinum,
789 977 838 1019 fit
853 975 1130 1020 conturbatio
1152 974 1293 1019 cordis
1312 993 1320 1018 :
1337 989 1440 1018 con-

50 1050 258 1094 tremiscit
292 1058 433 1104 terra‚
467 1049 655 1094 tonitrus
698 1047 827 1092 datur
859 1047 913 1092 de
947 1046 1090 1102 coelo,
1134 1044 1356 1091 horribilis
1390 1046 1441 1090 fit

50 1120 236 1179 impetus
258 1119 328 1164 vel
349 1120 552 1179 strepitus
568 1155 580 1174 ,
605 1118 674 1163 100
697 1118 811 1163 forte
828 1117 1002 1162 videtur
1023 1117 1070 1161 in
1086 1117 1170 1172 via,
1193 1119 1244 1161 fit
1261 1125 1440 1161 contur-

50 1191 168 1236 batio
185 1190 396 1236 :latrones
414 1191 689 1244 insidiantur⁵
706 1190 756 1233 fit
768 1188 1046 1233 conturbatio
1061 1188 1218 1242 cordis,
1237 1196 1436 1247 pavetur,

49 1262 248 1322 undique
266 1261 512 1307 sollicitudo
534 1262 760 1306 incutitur.
789 1259 914 1305 Unde
935 1260 1046 1304 110οΡ
1068 1278 1087 1301 «
1113 1258 1224 1312 Quia
1253 1258 1442 1302 deseruit

55 1350 75 1374 »
109 1347 178 1376 me
199 1330 413 1377 fortitudo
426 1347 536 1376 mea.
556 1349 576 1372 >›
597 1332 640 1377 Si
653 1332 768 1375 enim
789 1339 986 1374 maneret
1002 1328 1075 1373 illa
1086 1327 1316 1383 fortitudo,
1334 1328 1442 1387 quid

49 1405 305 1448 timeretur?
345 1401 571 1463 Quidquid
609 1402 901 1457 nuntiaretur,
937 1399 1153 1461 quidquid
1186 1398 1406 1444 frenderet
1425 1435 1437 1456 ,

49 1473 266 1534 quidquid
283 1483 478 1527 sonaret,
504 1471 724 1533 quidquid
746 1472 940 1527 caderet,
967 1471 1186 1532 quidquid
1212 1471 1436 1525 horreret,

49 1561 139 1590 non
172 1554 365 1589 terreret.
405 1544 489 1589 Sed
519 1543 639 1588 unde
667 1542 740 1587 illa
768 1543 1070 1603 perturbatio?
1102 1562 1120 1585 «
1146 1543 1342 1587 Deseruit
1372 1556 1441 1586 me

52 1633 74 1658 »
108 1613 322 1660 fortitudo
344 1629 452 1658 mea.
483 1632 503 1655 »
530 1613 657 1658 Unde
684 1613 874 1658 deseruit
902 1612 1141 1659 fortitudo?
1173 1633 1193 1655 «
1213 1616 1270 1657 Et
1289 1611 1441 1656 111111011

51 1704 73 1728 ))
109 1685 337 1731 oculorum
372 1699 572 1729 meorum
604 1700 694 1728 non
726 1694 789 1728 est
821 1699 1009 1728 mecum.
1044 1702 1065 1725 ³>
1100 1687 1307 1728 Latuerat
1339 1698 1441 1741 ergo

51 1756 191 1800 Adam
233 1755 386 1800 lumen
423 1753 651 1799 oculorum
685 1755 832 1814 ipsius.
872 1757 983 1799 Nam
1019 1753 1170 1798 lumen
1211 1753 1441 1798 oculorum

26 1826 182 1886 'ipsius
208 1826 298 1886 ipse
332 1829 446 1870 Deus
474 1834 566 1868 erat
597 1844 606 1869 :
640 1840 771 1885 quem
805 1839 906 1869 011111
941 1824 1218 1879 offendisset,
1249 1823 1363 1882 sugit
1385 1824 1441 1868 ad

52 1897 254 1942 umbram
271 1931 282 1952 ,
307 1905 350 1940 01
366 1895 594 1940 abscondit
615 1911 658 1939 se
677 1895 789 1939 inter
805 1894 922 1953 ligna
942 1894 1130 1954 paradisi
1144 1897 1175 1938 1.
1204 1894 1396 1939 Pavebat
1416 1909 1440 1938 a

53 1966 162 2011 facie
183 1967 276 2022 Dei,
290 1975 334 2010 et
344 1966 544 2026 quaesivit
557 1965 760 2010 umbram
774 1966 996 2009 arborum.
1019 1968 1043 2009 J
1047 1981 1116 2009 am
1135 1966 1248 2009 inter
1265 1965 1441 2009 arbores

52 2038 203 2082 lumen
224 2037 451 2082 oculorum
474 2053 565 2081 non
585 2027 798 2092 habebat,
825 2035 879 2082 ad
902 2036 1023 2096 quod
1045 2036 1233 2095 gaudere
1255 2051 1441 2081 consue-

54 2117 187 2153 verat.
223 2108 266 2152 Si
297 2123 399 2166 ergo
429 2106 503 2150 ille
530 2106 585 2150 de
614 2107 799 2164 origine,
831 2115 874 2150 01
906 2122 984 2151 nos
1014 2105 1069 2150 de
1097 2107 1363 2166 propagine3
1397 2116 1441 2150 et

54 2177 240 2222 redeunt
250 2178 306 2222 ad
317 2177 442 2222 illum
456 2176 696 2221 secundum
709 2176 779 2220 vel
794 2177 1075 2221 novissimum
1089 2178 1229 2221 Adam
1243 2177 1440 2222 membra

54 2249 154 2303 ista,
176 2248 278 2308 quia
300 2247 556 2292 novissimus
579 2246 719 2291 Adam
740 2247 785 2290 in
806 2247 1007 2306 spiritum
1033 2247 1373 2305 vivificantem²3
1397 2257 1440 2292 et

55 2318 244 2363 clamant
273 2317 329 2362 de
350 2333 531 2377 corpore
560 2318 650 2377 ejus
671 2317 717 2361 in
740 2318 818 2361 ista
847 2316 1116 2362 confessione
1136 2336 1144 2362 z
1171 2336 1190 2358 «
1211 2319 1268 2361 Et
1289 2316 1441 2362 lumen

57 2392 78 2430 5›
113 2387 339 2433 oculorum
350 2403 549 2432 meorum
566 2403 656 2432 non
672 2397 735 2432 est
752 2403 925 2432 mecum
940 2407 948 2431 :
964 2389 1084 2447 »jam
1105 2387 1331 2442 confitens,
1348 2390 1441 2448 jam

55 2458 327 2518 redemptus,
342 2460 433 2519 jam
451 2459 498 2502 in
516 2473 698 2518 corpore
714 2458 873 2503 Christi
887 2467 965 2512 est,
983 2456 1188 2501 etlumen
1210 2457 1441 2503 oculorum

54 2529 186 2588 ipsius
208 2544 295 2572 non
318 2537 381 2572 est
402 2544 502 2572 cum
524 2529 650 2587 ipso?
672 2527 804 2572 Plane
826 2544 915 2572 non
937 2537 1001 2572 est
1021 2544 1122 2573 cum
1143 2528 1235 2587 ipso
1257 2548 1266 2574 ς
1284 2528 1360 2573 sed
1376 2538 1440 2573 est

105 2619 113 2634 ¹
135 2614 212 2645 Gen.
235 2623 284 2652 111,
300 2612 331 2643 8.
356 2629 397 2634 --
417 2619 430 2634 ’ὲ
455 2623 466 2643 1
493 2613 564 2643 Cor.
581 2622 636 2651 xv,
652 2610 705 2652 45.
