<?xml version="1.0" encoding="UTF-8"?>
<!DOCTYPE html PUBLIC "-//W3C//DTD XHTML 1.0 Transitional//EN"
    "http://www.w3.org/TR/xhtml1/DTD/xhtml1-transitional.dtd">
<html xmlns="http://www.w3.org/1999/xhtml" xml:lang="en" lang="en">
 <head>
  <title>
</title>
<meta http-equiv="Content-Type" content="text/html;charset=utf-8" />
  <meta name='ocr-system' content='tesseract 3.04.00' />
  <meta name='ocr-capabilities' content='ocr_page ocr_carea ocr_par ocr_line ocrx_word'/>
</head>
<body>
  <div class='ocr_page' id='page_1' title='image "./operaomniaaccura08auguuoft_0032.png"; bbox 0 0 1841 3223; ppageno 0'>
   <div class='ocr_carea' id='block_1_1' title="bbox 335 189 1269 230">
    <p class='ocr_par' dir='ltr' id='par_1_1' title="bbox 335 189 1269 230">
     <span class='ocr_line' id='line_1_1' title="bbox 335 189 1269 230; baseline 0 -1"><span class='ocrx_word' id='word_1_1' title='bbox 335 189 389 226; x_wconf 76' lang='lat'>22</span> <span class='ocrx_word' id='word_1_2' title='bbox 775 201 808 229; x_wconf 89' lang='lat' dir='ltr'>s.</span> <span class='ocrx_word' id='word_1_3' title='bbox 835 201 1065 230; x_wconf 68' lang='lat' dir='ltr'>Arnus&#39;rim</span> <span class='ocrx_word' id='word_1_4' title='bbox 1088 202 1269 230; x_wconf 73' lang='lat' dir='ltr'>Emscom</span> 
     </span>
    </p>
   </div>
   <div class='ocr_carea' id='block_1_2' title="bbox 314 264 1721 2453">
    <p class='ocr_par' dir='ltr' id='par_1_2' title="bbox 314 264 1721 2453">
     <span class='ocr_line' id='line_1_2' title="bbox 335 264 1715 326; baseline 0.005 -19"><span class='ocrx_word' id='word_1_5' title='bbox 335 264 511 308; x_wconf 81' lang='lat' dir='ltr'>tidianac</span> <span class='ocrx_word' id='word_1_6' title='bbox 528 300 538 319; x_wconf 86' lang='lat'>,</span> <span class='ocrx_word' id='word_1_7' title='bbox 564 282 663 309; x_wconf 89' lang='lat' dir='ltr'>cum</span> <span class='ocrx_word' id='word_1_8' title='bbox 692 265 797 309; x_wconf 82' lang='lat' dir='ltr'>dieis</span> <span class='ocrx_word' id='word_1_9' title='bbox 823 265 877 309; x_wconf 84' lang='lat' dir='ltr'>de</span> <span class='ocrx_word' id='word_1_10' title='bbox 900 265 1045 326; x_wconf 88' lang='lat' dir='ltr'>aliquo</span> <span class='ocrx_word' id='word_1_11' title='bbox 1072 285 1079 311; x_wconf 91' lang='lat'>:</span> <span class='ocrx_word' id='word_1_12' title='bbox 1105 269 1201 311; x_wconf 87' lang='lat' dir='ltr'>Non</span> <span class='ocrx_word' id='word_1_13' title='bbox 1222 268 1342 312; x_wconf 89' lang='lat' dir='ltr'>novit</span> <span class='ocrx_word' id='word_1_14' title='bbox 1364 276 1475 312; x_wconf 85' lang='lat' dir='ltr'>stare</span> <span class='ocrx_word' id='word_1_15' title='bbox 1490 303 1500 323; x_wconf 93' lang='lat'>‚</span> <span class='ocrx_word' id='word_1_16' title='bbox 1521 269 1605 314; x_wconf 90' lang='lat' dir='ltr'>hoc</span> <span class='ocrx_word' id='word_1_17' title='bbox 1626 278 1715 325; x_wconf 84' lang='lat' dir='ltr'>est,</span> 
     </span>
     <span class='ocr_line' id='line_1_3' title="bbox 334 335 1718 399; baseline 0.004 -21"><span class='ocrx_word' id='word_1_18' title='bbox 334 335 435 395; x_wconf 77' lang='lat' dir='ltr'>quia</span> <span class='ocrx_word' id='word_1_19' title='bbox 455 352 542 379; x_wconf 88' lang='lat' dir='ltr'>non</span> <span class='ocrx_word' id='word_1_20' title='bbox 565 345 672 380; x_wconf 87' lang='lat' dir='ltr'>stat:</span> <span class='ocrx_word' id='word_1_21' title='bbox 698 346 760 389; x_wconf 77' lang='lat' dir='ltr'>et,</span> <span class='ocrx_word' id='word_1_22' title='bbox 782 339 877 380; x_wconf 80' lang='lat' dir='ltr'>Non</span> <span class='ocrx_word' id='word_1_23' title='bbox 900 337 1020 381; x_wconf 91' lang='lat' dir='ltr'>novit</span> <span class='ocrx_word' id='word_1_24' title='bbox 1043 337 1315 393; x_wconf 76' lang='lat' dir='ltr'><strong>benefacere,</strong></span> <span class='ocrx_word' id='word_1_25' title='bbox 1341 339 1444 399; x_wconf 88' lang='lat' dir='ltr'>quia</span> <span class='ocrx_word' id='word_1_26' title='bbox 1466 355 1554 383; x_wconf 90' lang='lat' dir='ltr'>non</span> <span class='ocrx_word' id='word_1_27' title='bbox 1582 339 1718 383; x_wconf 87' lang='lat' dir='ltr'>bene-</span> 
     </span>
     <span class='ocr_line' id='line_1_4' title="bbox 333 405 1721 468; baseline 0.004 -19"><span class='ocrx_word' id='word_1_28' title='bbox 333 405 450 450; x_wconf 75' lang='lat' dir='ltr'>facit.</span> <span class='ocrx_word' id='word_1_29' title='bbox 478 409 573 450; x_wconf 84' lang='lat' dir='ltr'>Non</span> <span class='ocrx_word' id='word_1_30' title='bbox 609 406 730 449; x_wconf 86' lang='lat' dir='ltr'>novit</span> <span class='ocrx_word' id='word_1_31' title='bbox 763 405 1040 463; x_wconf 78' lang='lat' dir='ltr'>malefacere,</span> <span class='ocrx_word' id='word_1_32' title='bbox 1076 409 1178 468; x_wconf 82' lang='lat' dir='ltr'>quia</span> <span class='ocrx_word' id='word_1_33' title='bbox 1211 424 1300 454; x_wconf 91' lang='lat' dir='ltr'>non</span> <span class='ocrx_word' id='word_1_34' title='bbox 1329 408 1561 454; x_wconf 74' lang='lat' dir='ltr'>malefacit.</span> <span class='ocrx_word' id='word_1_35' title='bbox 1589 410 1721 463; x_wconf 89' lang='lat' dir='ltr'>Quod</span> 
     </span>
     <span class='ocr_line' id='line_1_5' title="bbox 332 476 1721 540; baseline 0.005 -22"><span class='ocrx_word' id='word_1_36' title='bbox 332 476 523 519; x_wconf 89' lang='lat' dir='ltr'>alienum</span> <span class='ocrx_word' id='word_1_37' title='bbox 551 485 615 520; x_wconf 85' lang='lat' dir='ltr'>est</span> <span class='ocrx_word' id='word_1_38' title='bbox 641 477 694 520; x_wconf 89' lang='lat' dir='ltr'>ab</span> <span class='ocrx_word' id='word_1_39' title='bbox 726 492 856 536; x_wconf 87' lang='lat' dir='ltr'>opere</span> <span class='ocrx_word' id='word_1_40' title='bbox 873 513 884 533; x_wconf 83' lang='lat'>,</span> <span class='ocrx_word' id='word_1_41' title='bbox 922 477 1111 522; x_wconf 89' lang='lat' dir='ltr'>alienum</span> <span class='ocrx_word' id='word_1_42' title='bbox 1137 488 1200 523; x_wconf 88' lang='lat' dir='ltr'>est</span> <span class='ocrx_word' id='word_1_43' title='bbox 1222 496 1245 523; x_wconf 87' lang='lat' dir='ltr'>a</span> <span class='ocrx_word' id='word_1_44' title='bbox 1276 480 1537 524; x_wconf 86' lang='lat' dir='ltr'>conscientia</span> <span class='ocrx_word' id='word_1_45' title='bbox 1564 499 1572 525; x_wconf 92' lang='lat'>:</span> <span class='ocrx_word' id='word_1_46' title='bbox 1598 479 1721 540; x_wconf 88' lang='lat' dir='ltr'>quod</span> 
     </span>
     <span class='ocr_line' id='line_1_6' title="bbox 331 548 1715 605; baseline 0.004 -14"><span class='ocrx_word' id='word_1_47' title='bbox 331 548 520 592; x_wconf 87' lang='lat' dir='ltr'>alienum</span> <span class='ocrx_word' id='word_1_48' title='bbox 545 557 609 592; x_wconf 85' lang='lat' dir='ltr'>est</span> <span class='ocrx_word' id='word_1_49' title='bbox 635 565 658 593; x_wconf 91' lang='lat' dir='ltr'>a</span> <span class='ocrx_word' id='word_1_50' title='bbox 683 550 945 594; x_wconf 85' lang='lat' dir='ltr'>conscientia</span> <span class='ocrx_word' id='word_1_51' title='bbox 962 585 972 605; x_wconf 81' lang='lat'>,</span> <span class='ocrx_word' id='word_1_52' title='bbox 998 549 1186 594; x_wconf 88' lang='lat' dir='ltr'>alienum</span> <span class='ocrx_word' id='word_1_53' title='bbox 1210 551 1383 596; x_wconf 86' lang='lat' dir='ltr'>videtur</span> <span class='ocrx_word' id='word_1_54' title='bbox 1409 560 1452 595; x_wconf 91' lang='lat' dir='ltr'>et</span> <span class='ocrx_word' id='word_1_55' title='bbox 1473 567 1496 596; x_wconf 92' lang='lat' dir='ltr'>a</span> <span class='ocrx_word' id='word_1_56' title='bbox 1522 552 1715 596; x_wconf 88' lang='lat' dir='ltr'>scientia.</span> 
     </span>
     <span class='ocr_line' id='line_1_7' title="bbox 332 618 1721 682; baseline 0.004 -20"><span class='ocrx_word' id='word_1_57' title='bbox 332 622 396 662; x_wconf 89' lang='lat' dir='ltr'>lta</span> <span class='ocrx_word' id='word_1_58' title='bbox 417 618 576 663; x_wconf 80' lang='lat' dir='ltr'>dicitur</span> <span class='ocrx_word' id='word_1_59' title='bbox 600 624 712 665; x_wconf 80' lang='lat' dir='ltr'>Deus</span> <span class='ocrx_word' id='word_1_60' title='bbox 730 621 913 676; x_wconf 85' lang='lat' dir='ltr'>nescire,</span> <span class='ocrx_word' id='word_1_61' title='bbox 934 622 1156 682; x_wconf 86' lang='lat' dir='ltr'>quomodo</span> <span class='ocrx_word' id='word_1_62' title='bbox 1180 637 1246 666; x_wconf 88' lang='lat' dir='ltr'>ars</span> <span class='ocrx_word' id='word_1_63' title='bbox 1269 637 1357 667; x_wconf 90' lang='lat' dir='ltr'>non</span> <span class='ocrx_word' id='word_1_64' title='bbox 1381 623 1503 667; x_wconf 86' lang='lat' dir='ltr'>novit</span> <span class='ocrx_word' id='word_1_65' title='bbox 1524 623 1651 680; x_wconf 80' lang='lat' dir='ltr'>vitia3</span> <span class='ocrx_word' id='word_1_66' title='bbox 1677 631 1721 667; x_wconf 90' lang='lat' dir='ltr'>et</span> 
     </span>
     <span class='ocr_line' id='line_1_8' title="bbox 328 692 1719 753; baseline 0.004 -21"><span class='ocrx_word' id='word_1_67' title='bbox 328 698 476 734; x_wconf 83' lang='lat' dir='ltr'>tamen</span> <span class='ocrx_word' id='word_1_68' title='bbox 505 707 581 750; x_wconf 87' lang='lat' dir='ltr'>per</span> <span class='ocrx_word' id='word_1_69' title='bbox 609 701 743 736; x_wconf 85' lang='lat' dir='ltr'>artem</span> <span class='ocrx_word' id='word_1_70' title='bbox 775 693 946 750; x_wconf 85' lang='lat' dir='ltr'>cognita</span> <span class='ocrx_word' id='word_1_71' title='bbox 983 692 1294 753; x_wconf 79' lang='lat' dir='ltr'>dijudicantur.</span> <span class='ocrx_word' id='word_1_72' title='bbox 1332 696 1424 738; x_wconf 86' lang='lat' dir='ltr'>Hoc</span> <span class='ocrx_word' id='word_1_73' title='bbox 1453 709 1556 753; x_wconf 87' lang='lat' dir='ltr'>ergo</span> <span class='ocrx_word' id='word_1_74' title='bbox 1593 693 1719 738; x_wconf 91' lang='lat' dir='ltr'>nobis</span> 
     </span>
     <span class='ocr_line' id='line_1_9' title="bbox 328 763 1721 823; baseline 0.004 -20"><span class='ocrx_word' id='word_1_75' title='bbox 328 770 460 819; x_wconf 85' lang='lat' dir='ltr'>caput</span> <span class='ocrx_word' id='word_1_76' title='bbox 489 771 685 806; x_wconf 89' lang='lat' dir='ltr'>nostrum</span> <span class='ocrx_word' id='word_1_77' title='bbox 710 763 1073 820; x_wconf 76' lang='lat' dir='ltr'>interrogantibus</span> <span class='ocrx_word' id='word_1_78' title='bbox 1091 779 1143 807; x_wconf 87' lang='lat' dir='ltr'>ex</span> <span class='ocrx_word' id='word_1_79' title='bbox 1164 763 1294 823; x_wconf 89' lang='lat' dir='ltr'>ipsius</span> <span class='ocrx_word' id='word_1_80' title='bbox 1315 764 1538 822; x_wconf 83' lang='lat' dir='ltr'>Evangelii</span> <span class='ocrx_word' id='word_1_81' title='bbox 1559 764 1622 809; x_wconf 91' lang='lat' dir='ltr'>sui</span> <span class='ocrx_word' id='word_1_82' title='bbox 1643 779 1721 809; x_wconf 89' lang='lat' dir='ltr'>ve-</span> 
     </span>
     <span class='ocr_line' id='line_1_10' title="bbox 328 832 1720 896; baseline 0.004 -21"><span class='ocrx_word' id='word_1_83' title='bbox 328 832 454 876; x_wconf 85' lang='lat' dir='ltr'>ritate</span> <span class='ocrx_word' id='word_1_84' title='bbox 477 834 731 893; x_wconf 71' lang='lat' dir='ltr'>respondet,</span> <span class='ocrx_word' id='word_1_85' title='bbox 756 850 857 878; x_wconf 90' lang='lat' dir='ltr'>eum</span> <span class='ocrx_word' id='word_1_86' title='bbox 885 833 1115 878; x_wconf 75' lang='lat' dir='ltr'>dixerimus</span> <span class='ocrx_word' id='word_1_87' title='bbox 1138 853 1146 879; x_wconf 76' lang='grc' dir='ltr'><strong><em>ε</em></strong></span> <span class='ocrx_word' id='word_1_88' title='bbox 1174 836 1357 879; x_wconf 88' lang='lat' dir='ltr'>Domine</span> <span class='ocrx_word' id='word_1_89' title='bbox 1374 871 1385 890; x_wconf 84' lang='lat'><strong>‚</strong></span> <span class='ocrx_word' id='word_1_90' title='bbox 1417 834 1525 896; x_wconf 86' lang='lat' dir='ltr'>quid</span> <span class='ocrx_word' id='word_1_91' title='bbox 1544 836 1720 895; x_wconf 87' lang='lat' dir='ltr'>ignora—</span> 
     </span>
     <span class='ocr_line' id='line_1_11' title="bbox 327 903 1721 967; baseline 0.004 -20"><span class='ocrx_word' id='word_1_92' title='bbox 327 903 402 947; x_wconf 86' lang='lat' dir='ltr'>bas</span> <span class='ocrx_word' id='word_1_93' title='bbox 417 906 434 947; x_wconf 76' lang='lat' dir='ltr'>P</span> <span class='ocrx_word' id='word_1_94' title='bbox 448 903 554 964; x_wconf 88' lang='lat' dir='ltr'>quid</span> <span class='ocrx_word' id='word_1_95' title='bbox 576 914 621 948; x_wconf 91' lang='lat' dir='ltr'>tn</span> <span class='ocrx_word' id='word_1_96' title='bbox 639 905 818 964; x_wconf 88' lang='lat' dir='ltr'>potuisti</span> <span class='ocrx_word' id='word_1_97' title='bbox 840 905 1094 962; x_wconf 87' lang='lat' dir='ltr'>interrogari</span> <span class='ocrx_word' id='word_1_98' title='bbox 1112 905 1232 966; x_wconf 83' lang='lat' dir='ltr'>quod</span> <span class='ocrx_word' id='word_1_99' title='bbox 1250 906 1503 951; x_wconf 80' lang='lat' dir='ltr'>nesciebas?</span> <span class='ocrx_word' id='word_1_100' title='bbox 1526 909 1721 967; x_wconf 89' lang='lat' dir='ltr'>Respon-</span> 
     </span>
     <span class='ocr_line' id='line_1_12' title="bbox 325 972 1714 1037; baseline 0.004 -20"><span class='ocrx_word' id='word_1_101' title='bbox 325 972 399 1018; x_wconf 87' lang='lat' dir='ltr'>det</span> <span class='ocrx_word' id='word_1_102' title='bbox 420 994 428 1019; x_wconf 91' lang='lat'>:</span> <span class='ocrx_word' id='word_1_103' title='bbox 448 975 700 1035; x_wconf 79' lang='lat' dir='ltr'>Iniquitates</span> <span class='ocrx_word' id='word_1_104' title='bbox 723 976 991 1033; x_wconf 73' lang='lat' dir='ltr'>ignorabam,</span> <span class='ocrx_word' id='word_1_105' title='bbox 1009 975 1064 1020; x_wconf 92' lang='lat' dir='ltr'>de</span> <span class='ocrx_word' id='word_1_106' title='bbox 1079 976 1381 1037; x_wconf 86' lang='lat' dir='ltr'>iniquitatibus</span> <span class='ocrx_word' id='word_1_107' title='bbox 1398 977 1714 1037; x_wconf 86' lang='lat' dir='ltr'>interrogabar.</span> 
     </span>
     <span class='ocr_line' id='line_1_13' title="bbox 323 1045 1719 1109; baseline 0.004 -22"><span class='ocrx_word' id='word_1_108' title='bbox 323 1045 466 1088; x_wconf 88' lang='lat' dir='ltr'>Habes</span> <span class='ocrx_word' id='word_1_109' title='bbox 496 1046 541 1088; x_wconf 89' lang='lat' dir='ltr'>in</span> <span class='ocrx_word' id='word_1_110' title='bbox 565 1045 802 1105; x_wconf 86' lang='lat' dir='ltr'>Evangelio</span> <span class='ocrx_word' id='word_1_111' title='bbox 817 1081 828 1101; x_wconf 81' lang='lat'>,</span> <span class='ocrx_word' id='word_1_112' title='bbox 855 1046 889 1090; x_wconf 89' lang='lat' dir='ltr'>si</span> <span class='ocrx_word' id='word_1_113' title='bbox 911 1062 1001 1091; x_wconf 90' lang='lat' dir='ltr'>non</span> <span class='ocrx_word' id='word_1_114' title='bbox 1024 1062 1093 1091; x_wconf 89' lang='lat' dir='ltr'>me</span> <span class='ocrx_word' id='word_1_115' title='bbox 1116 1047 1256 1092; x_wconf 87' lang='lat' dir='ltr'>credis</span> <span class='ocrx_word' id='word_1_116' title='bbox 1285 1048 1485 1107; x_wconf 88' lang='lat' dir='ltr'>ignorare</span> <span class='ocrx_word' id='word_1_117' title='bbox 1508 1048 1719 1109; x_wconf 88' lang='lat' dir='ltr'>iniquita-</span> 
     </span>
     <span class='ocr_line' id='line_1_14' title="bbox 320 1115 1719 1178; baseline 0.004 -21"><span class='ocrx_word' id='word_1_118' title='bbox 320 1123 384 1157; x_wconf 84' lang='lat' dir='ltr'>tes</span> <span class='ocrx_word' id='word_1_119' title='bbox 400 1149 410 1167; x_wconf 86' lang='lat'><strong>‚</strong></span> <span class='ocrx_word' id='word_1_120' title='bbox 432 1115 532 1175; x_wconf 80' lang='lat' dir='ltr'>quia</span> <span class='ocrx_word' id='word_1_121' title='bbox 557 1125 600 1160; x_wconf 91' lang='lat' dir='ltr'>et</span> <span class='ocrx_word' id='word_1_122' title='bbox 622 1116 734 1175; x_wconf 90' lang='lat' dir='ltr'>ipsos</span> <span class='ocrx_word' id='word_1_123' title='bbox 758 1116 928 1177; x_wconf 88' lang='lat' dir='ltr'>iniquos</span> <span class='ocrx_word' id='word_1_124' title='bbox 951 1117 1106 1176; x_wconf 89' lang='lat' dir='ltr'>ignoro</span> <span class='ocrx_word' id='word_1_125' title='bbox 1122 1152 1133 1173; x_wconf 90' lang='lat'>‚</span> <span class='ocrx_word' id='word_1_126' title='bbox 1159 1118 1318 1178; x_wconf 87' lang='lat' dir='ltr'>quibus</span> <span class='ocrx_word' id='word_1_127' title='bbox 1341 1118 1386 1162; x_wconf 92' lang='lat' dir='ltr'>in</span> <span class='ocrx_word' id='word_1_128' title='bbox 1410 1119 1497 1162; x_wconf 89' lang='lat' dir='ltr'>fine</span> <span class='ocrx_word' id='word_1_129' title='bbox 1523 1118 1719 1164; x_wconf 89' lang='lat' dir='ltr'>dicturus</span> 
     </span>
     <span class='ocr_line' id='line_1_15' title="bbox 322 1188 1718 1250; baseline 0.004 -21"><span class='ocrx_word' id='word_1_130' title='bbox 322 1201 419 1230; x_wconf 88' lang='lat' dir='ltr'>sum</span> <span class='ocrx_word' id='word_1_131' title='bbox 444 1206 452 1231; x_wconf 93' lang='lat'>:</span> <span class='ocrx_word' id='word_1_132' title='bbox 482 1206 499 1227; x_wconf 92' lang='lat'>«</span> <span class='ocrx_word' id='word_1_133' title='bbox 526 1189 623 1232; x_wconf 90' lang='lat' dir='ltr'>Non</span> <span class='ocrx_word' id='word_1_134' title='bbox 646 1188 747 1233; x_wconf 91' lang='lat' dir='ltr'>novi</span> <span class='ocrx_word' id='word_1_135' title='bbox 778 1204 879 1243; x_wconf 81' lang='lat' dir='ltr'>vos⁷</span> <span class='ocrx_word' id='word_1_136' title='bbox 906 1189 1094 1234; x_wconf 86' lang='lat' dir='ltr'>recedite</span> <span class='ocrx_word' id='word_1_137' title='bbox 1122 1205 1146 1234; x_wconf 87' lang='lat' dir='ltr'>a</span> <span class='ocrx_word' id='word_1_138' title='bbox 1168 1205 1238 1234; x_wconf 89' lang='lat' dir='ltr'>me</span> <span class='ocrx_word' id='word_1_139' title='bbox 1265 1190 1341 1250; x_wconf 90' lang='lat' dir='ltr'>qui</span> <span class='ocrx_word' id='word_1_140' title='bbox 1362 1191 1602 1250; x_wconf 85' lang='lat' dir='ltr'>operamini</span> <span class='ocrx_word' id='word_1_141' title='bbox 1630 1191 1718 1235; x_wconf 89' lang='lat' dir='ltr'>ini-</span> 
     </span>
     <span class='ocr_line' id='line_1_16' title="bbox 329 1257 1716 1322; baseline 0.006 -24"><span class='ocrx_word' id='word_1_142' title='bbox 329 1275 348 1298; x_wconf 79' lang='lat'><strong>»</strong></span> <span class='ocrx_word' id='word_1_143' title='bbox 383 1257 639 1317; x_wconf 79' lang='lat' dir='ltr'>quitatem1.</span> <span class='ocrx_word' id='word_1_144' title='bbox 678 1279 695 1300; x_wconf 68' lang='lat'>³&gt;</span> <span class='ocrx_word' id='word_1_145' title='bbox 721 1260 946 1320; x_wconf 90' lang='lat' dir='ltr'>Numquid</span> <span class='ocrx_word' id='word_1_146' title='bbox 979 1276 1067 1305; x_wconf 90' lang='lat' dir='ltr'>non</span> <span class='ocrx_word' id='word_1_147' title='bbox 1102 1270 1284 1305; x_wconf 87' lang='lat' dir='ltr'>noverat</span> <span class='ocrx_word' id='word_1_148' title='bbox 1313 1276 1423 1322; x_wconf 88' lang='lat' dir='ltr'>quos</span> <span class='ocrx_word' id='word_1_149' title='bbox 1455 1260 1716 1321; x_wconf 77' lang='lat' dir='ltr'>damnabat3</span> 
     </span>
     <span class='ocr_line' id='line_1_17' title="bbox 324 1329 1720 1391; baseline 0.003 -19"><span class='ocrx_word' id='word_1_150' title='bbox 324 1337 399 1372; x_wconf 90' lang='lat' dir='ltr'>aut</span> <span class='ocrx_word' id='word_1_151' title='bbox 422 1337 562 1388; x_wconf 87' lang='lat' dir='ltr'>potest</span> <span class='ocrx_word' id='word_1_152' title='bbox 580 1330 695 1389; x_wconf 87' lang='lat' dir='ltr'>juste</span> <span class='ocrx_word' id='word_1_153' title='bbox 712 1329 920 1374; x_wconf 89' lang='lat' dir='ltr'>damnare</span> <span class='ocrx_word' id='word_1_154' title='bbox 935 1366 946 1386; x_wconf 84' lang='lat'>‚</span> <span class='ocrx_word' id='word_1_155' title='bbox 972 1331 1053 1375; x_wconf 91' lang='lat' dir='ltr'>nisi</span> <span class='ocrx_word' id='word_1_156' title='bbox 1079 1331 1220 1376; x_wconf 90' lang='lat' dir='ltr'>bonus</span> <span class='ocrx_word' id='word_1_157' title='bbox 1243 1333 1473 1391; x_wconf 76' lang='lat' dir='ltr'>cognitor?</span> <span class='ocrx_word' id='word_1_158' title='bbox 1493 1335 1548 1376; x_wconf 87' lang='lat' dir='ltr'>Et</span> <span class='ocrx_word' id='word_1_159' title='bbox 1571 1342 1720 1377; x_wconf 89' lang='lat' dir='ltr'>tamen</span> 
     </span>
     <span class='ocr_line' id='line_1_18' title="bbox 325 1399 1720 1458; baseline 0.005 -16"><span class='ocrx_word' id='word_1_160' title='bbox 325 1399 467 1443; x_wconf 89' lang='lat' dir='ltr'>bonus</span> <span class='ocrx_word' id='word_1_161' title='bbox 495 1401 694 1458; x_wconf 85' lang='lat' dir='ltr'>cognitor</span> <span class='ocrx_word' id='word_1_162' title='bbox 722 1417 811 1445; x_wconf 90' lang='lat' dir='ltr'>non</span> <span class='ocrx_word' id='word_1_163' title='bbox 833 1411 897 1445; x_wconf 87' lang='lat' dir='ltr'>est</span> <span class='ocrx_word' id='word_1_164' title='bbox 927 1402 1136 1447; x_wconf 89' lang='lat' dir='ltr'>mentitus</span> <span class='ocrx_word' id='word_1_165' title='bbox 1153 1436 1164 1456; x_wconf 71' lang='lat'><strong>⁷</strong></span> <span class='ocrx_word' id='word_1_166' title='bbox 1190 1401 1378 1447; x_wconf 88' lang='lat' dir='ltr'>dicendo</span> <span class='ocrx_word' id='word_1_167' title='bbox 1404 1421 1413 1447; x_wconf 91' lang='lat'><strong>:</strong></span> <span class='ocrx_word' id='word_1_168' title='bbox 1449 1421 1467 1443; x_wconf 90' lang='lat'>«</span> <span class='ocrx_word' id='word_1_169' title='bbox 1494 1405 1592 1448; x_wconf 92' lang='lat' dir='ltr'>Non</span> <span class='ocrx_word' id='word_1_170' title='bbox 1615 1404 1720 1449; x_wconf 89' lang='lat' dir='ltr'>novi</span> 
     </span>
     <span class='ocr_line' id='line_1_19' title="bbox 330 1470 1721 1532; baseline 0.006 -22"><span class='ocrx_word' id='word_1_171' title='bbox 330 1489 348 1511; x_wconf 83' lang='lat'>»</span> <span class='ocrx_word' id='word_1_172' title='bbox 383 1486 491 1514; x_wconf 86' lang='lat' dir='ltr'>vos:</span> <span class='ocrx_word' id='word_1_173' title='bbox 523 1491 538 1511; x_wconf 88' lang='lat'>»</span> <span class='ocrx_word' id='word_1_174' title='bbox 565 1470 609 1514; x_wconf 91' lang='lat' dir='ltr'>id</span> <span class='ocrx_word' id='word_1_175' title='bbox 632 1480 718 1525; x_wconf 87' lang='lat' dir='ltr'>est,</span> <span class='ocrx_word' id='word_1_176' title='bbox 748 1487 838 1515; x_wconf 90' lang='lat' dir='ltr'>non</span> <span class='ocrx_word' id='word_1_177' title='bbox 861 1473 1122 1531; x_wconf 83' lang='lat' dir='ltr'>coaptamini</span> <span class='ocrx_word' id='word_1_178' title='bbox 1143 1473 1315 1532; x_wconf 88' lang='lat' dir='ltr'>corpori</span> <span class='ocrx_word' id='word_1_179' title='bbox 1351 1488 1478 1528; x_wconf 86' lang='lat' dir='ltr'>meo,</span> <span class='ocrx_word' id='word_1_180' title='bbox 1509 1489 1599 1518; x_wconf 89' lang='lat' dir='ltr'>non</span> <span class='ocrx_word' id='word_1_181' title='bbox 1628 1474 1721 1518; x_wconf 83' lang='lat' dir='ltr'>hae-</span> 
     </span>
     <span class='ocr_line' id='line_1_20' title="bbox 325 1540 1719 1606; baseline 0.004 -22"><span class='ocrx_word' id='word_1_182' title='bbox 325 1541 425 1585; x_wconf 83' lang='lat' dir='ltr'>retis</span> <span class='ocrx_word' id='word_1_183' title='bbox 442 1540 598 1599; x_wconf 86' lang='lat' dir='ltr'>regulis</span> <span class='ocrx_word' id='word_1_184' title='bbox 617 1542 721 1585; x_wconf 88' lang='lat' dir='ltr'>meis</span> <span class='ocrx_word' id='word_1_185' title='bbox 739 1558 748 1584; x_wconf 79' lang='lat' dir='ltr'><strong><em>z</em></strong></span> <span class='ocrx_word' id='word_1_186' title='bbox 767 1543 871 1587; x_wconf 87' lang='lat' dir='ltr'>vitia</span> <span class='ocrx_word' id='word_1_187' title='bbox 894 1544 993 1587; x_wconf 88' lang='lat' dir='ltr'>estis</span> <span class='ocrx_word' id='word_1_188' title='bbox 1010 1564 1020 1600; x_wconf 79' lang='lat'>3</span> <span class='ocrx_word' id='word_1_189' title='bbox 1041 1559 1120 1602; x_wconf 86' lang='lat' dir='ltr'>ego</span> <span class='ocrx_word' id='word_1_190' title='bbox 1138 1552 1286 1587; x_wconf 88' lang='lat' dir='ltr'>autem</span> <span class='ocrx_word' id='word_1_191' title='bbox 1306 1559 1372 1588; x_wconf 91' lang='lat' dir='ltr'>ars</span> <span class='ocrx_word' id='word_1_192' title='bbox 1391 1544 1482 1603; x_wconf 88' lang='lat' dir='ltr'>ipsa</span> <span class='ocrx_word' id='word_1_193' title='bbox 1505 1560 1601 1589; x_wconf 90' lang='lat' dir='ltr'>sum</span> <span class='ocrx_word' id='word_1_194' title='bbox 1619 1561 1719 1606; x_wconf 79' lang='lat' dir='ltr'>quae</span> 
     </span>
     <span class='ocr_line' id='line_1_21' title="bbox 325 1612 1719 1675; baseline 0.004 -19"><span class='ocrx_word' id='word_1_195' title='bbox 325 1628 416 1656; x_wconf 90' lang='lat' dir='ltr'>non</span> <span class='ocrx_word' id='word_1_196' title='bbox 449 1612 581 1657; x_wconf 86' lang='lat' dir='ltr'>habet</span> <span class='ocrx_word' id='word_1_197' title='bbox 603 1613 782 1671; x_wconf 78' lang='lat' dir='ltr'>vitium3</span> <span class='ocrx_word' id='word_1_198' title='bbox 808 1623 850 1658; x_wconf 90' lang='lat' dir='ltr'>et</span> <span class='ocrx_word' id='word_1_199' title='bbox 876 1614 923 1658; x_wconf 89' lang='lat' dir='ltr'>in</span> <span class='ocrx_word' id='word_1_200' title='bbox 945 1631 1032 1674; x_wconf 84' lang='lat' dir='ltr'>qua</span> <span class='ocrx_word' id='word_1_201' title='bbox 1055 1615 1241 1675; x_wconf 79' lang='lat' dir='ltr'>quisque</span> <span class='ocrx_word' id='word_1_202' title='bbox 1267 1631 1345 1660; x_wconf 88' lang='lat' dir='ltr'>nos</span> <span class='ocrx_word' id='word_1_203' title='bbox 1376 1615 1502 1660; x_wconf 82' lang='lat' dir='ltr'>discit</span> <span class='ocrx_word' id='word_1_204' title='bbox 1525 1616 1606 1660; x_wconf 91' lang='lat' dir='ltr'>nisi</span> <span class='ocrx_word' id='word_1_205' title='bbox 1628 1632 1719 1661; x_wconf 87' lang='lat' dir='ltr'>non</span> 
     </span>
     <span class='ocr_line' id='line_1_22' title="bbox 324 1682 1718 1746; baseline 0.004 -19"><span class='ocrx_word' id='word_1_206' title='bbox 324 1682 466 1727; x_wconf 82' lang='lat' dir='ltr'>facere</span> <span class='ocrx_word' id='word_1_207' title='bbox 482 1684 654 1728; x_wconf 89' lang='lat' dir='ltr'>vitium.</span> <span class='ocrx_word' id='word_1_208' title='bbox 678 1704 693 1724; x_wconf 90' lang='lat'>«</span> <span class='ocrx_word' id='word_1_209' title='bbox 711 1687 987 1742; x_wconf 89' lang='lat' dir='ltr'>Insurgentes</span> <span class='ocrx_word' id='word_1_210' title='bbox 1008 1695 1135 1730; x_wconf 87' lang='lat' dir='ltr'>testes</span> <span class='ocrx_word' id='word_1_211' title='bbox 1157 1686 1317 1746; x_wconf 83' lang='lat' dir='ltr'>iniqui,</span> <span class='ocrx_word' id='word_1_212' title='bbox 1339 1703 1439 1746; x_wconf 72' lang='lat' dir='ltr'>quae</span> <span class='ocrx_word' id='word_1_213' title='bbox 1462 1687 1718 1746; x_wconf 83' lang='lat' dir='ltr'>ignorabam</span> 
     </span>
     <span class='ocr_line' id='line_1_23' title="bbox 330 1754 1717 1819; baseline 0.006 -24"><span class='ocrx_word' id='word_1_214' title='bbox 330 1774 347 1795; x_wconf 88' lang='lat'>»</span> <span class='ocrx_word' id='word_1_215' title='bbox 384 1754 712 1811; x_wconf 79' lang='lat' dir='ltr'>interrogabant</span> <span class='ocrx_word' id='word_1_216' title='bbox 734 1771 817 1798; x_wconf 91' lang='lat' dir='ltr'>me.</span> <span class='ocrx_word' id='word_1_217' title='bbox 841 1775 857 1796; x_wconf 94' lang='lat'>»</span> <span class='ocrx_word' id='word_1_218' title='bbox 877 1755 995 1808; x_wconf 84' lang='lat' dir='ltr'>Quid</span> <span class='ocrx_word' id='word_1_219' title='bbox 1017 1756 1076 1800; x_wconf 90' lang='lat' dir='ltr'>sic</span> <span class='ocrx_word' id='word_1_220' title='bbox 1100 1756 1331 1815; x_wconf 84' lang='lat' dir='ltr'>ignorabat</span> <span class='ocrx_word' id='word_1_221' title='bbox 1354 1758 1566 1813; x_wconf 79' lang='lat' dir='ltr'>Christus,</span> <span class='ocrx_word' id='word_1_222' title='bbox 1583 1773 1717 1819; x_wconf 88' lang='lat' dir='ltr'>quam</span> 
     </span>
     <span class='ocr_line' id='line_1_24' title="bbox 322 1823 1719 1887; baseline 0.004 -19"><span class='ocrx_word' id='word_1_223' title='bbox 322 1823 653 1883; x_wconf 75' lang='lat' dir='ltr'>blasphemare?</span> <span class='ocrx_word' id='word_1_224' title='bbox 683 1825 792 1869; x_wconf 85' lang='lat' dir='ltr'>Hinc</span> <span class='ocrx_word' id='word_1_225' title='bbox 826 1825 1179 1885; x_wconf 82' lang='lat' dir='ltr'>interrogabatur</span> <span class='ocrx_word' id='word_1_226' title='bbox 1208 1843 1229 1872; x_wconf 85' lang='lat' dir='ltr'>a</span> <span class='ocrx_word' id='word_1_227' title='bbox 1260 1829 1634 1887; x_wconf 80' lang='lat' dir='ltr'>persecutoribus,</span> <span class='ocrx_word' id='word_1_228' title='bbox 1674 1838 1719 1874; x_wconf 88' lang='lat' dir='ltr'>et</span> 
     </span>
     <span class='ocr_line' id='line_1_25' title="bbox 323 1894 1716 1960; baseline 0.006 -24"><span class='ocrx_word' id='word_1_229' title='bbox 323 1895 425 1954; x_wconf 85' lang='lat' dir='ltr'>quia</span> <span class='ocrx_word' id='word_1_230' title='bbox 439 1910 590 1938; x_wconf 82' lang='lat' dir='ltr'>verum</span> <span class='ocrx_word' id='word_1_231' title='bbox 612 1894 733 1949; x_wconf 79' lang='lat' dir='ltr'>dixit,</span> <span class='ocrx_word' id='word_1_232' title='bbox 762 1894 1080 1954; x_wconf 83' lang='lat' dir='ltr'>blasphemasse</span> <span class='ocrx_word' id='word_1_233' title='bbox 1096 1896 1320 1956; x_wconf 86' lang='lat' dir='ltr'>judicatus</span> <span class='ocrx_word' id='word_1_234' title='bbox 1343 1902 1449 1942; x_wconf 70' lang='lat' dir='ltr'>est‘2.</span> <span class='ocrx_word' id='word_1_235' title='bbox 1474 1899 1558 1943; x_wconf 91' lang='lat' dir='ltr'>Sed</span> <span class='ocrx_word' id='word_1_236' title='bbox 1572 1916 1595 1944; x_wconf 89' lang='lat' dir='ltr'>a</span> <span class='ocrx_word' id='word_1_237' title='bbox 1615 1900 1716 1960; x_wconf 89' lang='lat' dir='ltr'>qui-</span> 
     </span>
     <span class='ocr_line' id='line_1_26' title="bbox 322 1966 1716 2031; baseline 0.005 -23"><span class='ocrx_word' id='word_1_238' title='bbox 322 1966 430 2009; x_wconf 71' lang='lat' dir='ltr'>bus?</span> <span class='ocrx_word' id='word_1_239' title='bbox 454 1969 515 2009; x_wconf 86' lang='lat' dir='ltr'>De</span> <span class='ocrx_word' id='word_1_240' title='bbox 535 1966 696 2025; x_wconf 73' lang='lat' dir='ltr'>quibus</span> <span class='ocrx_word' id='word_1_241' title='bbox 718 1966 914 2026; x_wconf 82' lang='lat' dir='ltr'>sequitur</span> <span class='ocrx_word' id='word_1_242' title='bbox 939 1986 947 2012; x_wconf 89' lang='lat'>:</span> <span class='ocrx_word' id='word_1_243' title='bbox 977 1986 994 2008; x_wconf 86' lang='lat'>«</span> <span class='ocrx_word' id='word_1_244' title='bbox 1022 1968 1342 2012; x_wconf 80' lang='lat' dir='ltr'>Retribuebant</span> <span class='ocrx_word' id='word_1_245' title='bbox 1370 1970 1475 2013; x_wconf 87' lang='lat' dir='ltr'>mihi</span> <span class='ocrx_word' id='word_1_246' title='bbox 1500 1971 1613 2014; x_wconf 89' lang='lat' dir='ltr'>mala</span> <span class='ocrx_word' id='word_1_247' title='bbox 1636 1987 1716 2031; x_wconf 89' lang='lat' dir='ltr'>pro</span> 
     </span>
     <span class='ocr_line' id='line_1_27' title="bbox 324 2038 1715 2098; baseline 0.005 -18"><span class='ocrx_word' id='word_1_248' title='bbox 324 2057 345 2080; x_wconf 69' lang='grc' dir='ltr'>,η</span> <span class='ocrx_word' id='word_1_249' title='bbox 381 2039 506 2083; x_wconf 87' lang='lat' dir='ltr'>bonis</span> <span class='ocrx_word' id='word_1_250' title='bbox 529 2048 573 2082; x_wconf 89' lang='lat' dir='ltr'>et</span> <span class='ocrx_word' id='word_1_251' title='bbox 593 2038 861 2083; x_wconf 85' lang='lat' dir='ltr'>sterilitatem</span> <span class='ocrx_word' id='word_1_252' title='bbox 885 2039 1040 2083; x_wconf 85' lang='lat' dir='ltr'>animae</span> <span class='ocrx_word' id='word_1_253' title='bbox 1061 2042 1208 2083; x_wconf 77' lang='lat' dir='ltr'>meae3.</span> <span class='ocrx_word' id='word_1_254' title='bbox 1231 2060 1247 2081; x_wconf 90' lang='lat'>»</span> <span class='ocrx_word' id='word_1_255' title='bbox 1267 2043 1359 2098; x_wconf 89' lang='lat' dir='ltr'>Ego</span> <span class='ocrx_word' id='word_1_256' title='bbox 1382 2040 1509 2085; x_wconf 83' lang='lat' dir='ltr'>attuli</span> <span class='ocrx_word' id='word_1_257' title='bbox 1536 2041 1715 2087; x_wconf 86' lang='lat' dir='ltr'>foecun-</span> 
     </span>
     <span class='ocr_line' id='line_1_28' title="bbox 320 2108 1716 2173; baseline 0.003 -20"><span class='ocrx_word' id='word_1_258' title='bbox 320 2108 525 2164; x_wconf 76' lang='lat' dir='ltr'>(litatem,</span> <span class='ocrx_word' id='word_1_259' title='bbox 556 2109 637 2168; x_wconf 82' lang='lat' dir='ltr'>ipsi</span> <span class='ocrx_word' id='word_1_260' title='bbox 671 2109 973 2153; x_wconf 87' lang='lat' dir='ltr'>retribuebant</span> <span class='ocrx_word' id='word_1_261' title='bbox 1005 2109 1304 2155; x_wconf 87' lang='lat' dir='ltr'>sterilitatem:</span> <span class='ocrx_word' id='word_1_262' title='bbox 1341 2125 1420 2169; x_wconf 86' lang='lat' dir='ltr'>ego</span> <span class='ocrx_word' id='word_1_263' title='bbox 1447 2112 1609 2167; x_wconf 82' lang='lat' dir='ltr'>vitam,</span> <span class='ocrx_word' id='word_1_264' title='bbox 1633 2114 1716 2173; x_wconf 88' lang='lat' dir='ltr'>ipsi</span> 
     </span>
     <span class='ocr_line' id='line_1_29' title="bbox 319 2180 1710 2240; baseline 0.004 -17"><span class='ocrx_word' id='word_1_265' title='bbox 319 2190 505 2224; x_wconf 89' lang='lat' dir='ltr'>mortem</span> <span class='ocrx_word' id='word_1_266' title='bbox 523 2200 531 2224; x_wconf 91' lang='lat'>:</span> <span class='ocrx_word' id='word_1_267' title='bbox 552 2195 631 2238; x_wconf 84' lang='lat' dir='ltr'>ego</span> <span class='ocrx_word' id='word_1_268' title='bbox 648 2181 876 2235; x_wconf 84' lang='lat' dir='ltr'>honorem,</span> <span class='ocrx_word' id='word_1_269' title='bbox 898 2181 978 2240; x_wconf 89' lang='lat' dir='ltr'>ipsi</span> <span class='ocrx_word' id='word_1_270' title='bbox 995 2180 1280 2225; x_wconf 85' lang='lat' dir='ltr'>contumelias</span> <span class='ocrx_word' id='word_1_271' title='bbox 1301 2201 1309 2226; x_wconf 77' lang='grc' dir='ltr'>ε</span> <span class='ocrx_word' id='word_1_272' title='bbox 1329 2197 1409 2240; x_wconf 85' lang='lat' dir='ltr'>ego</span> <span class='ocrx_word' id='word_1_273' title='bbox 1431 2184 1710 2240; x_wconf 87' lang='lat' dir='ltr'>medicinam,</span> 
     </span>
     <span class='ocr_line' id='line_1_30' title="bbox 317 2250 1714 2315; baseline 0.004 -21"><span class='ocrx_word' id='word_1_274' title='bbox 317 2251 397 2310; x_wconf 84' lang='lat' dir='ltr'>ipsi</span> <span class='ocrx_word' id='word_1_275' title='bbox 414 2250 622 2296; x_wconf 86' lang='lat' dir='ltr'>vulnera:</span> <span class='ocrx_word' id='word_1_276' title='bbox 649 2260 692 2295; x_wconf 90' lang='lat' dir='ltr'>et</span> <span class='ocrx_word' id='word_1_277' title='bbox 714 2251 758 2294; x_wconf 90' lang='lat' dir='ltr'>iu</span> <span class='ocrx_word' id='word_1_278' title='bbox 780 2251 845 2295; x_wconf 79' lang='lat' dir='ltr'>his</span> <span class='ocrx_word' id='word_1_279' title='bbox 864 2252 1066 2296; x_wconf 88' lang='lat' dir='ltr'>omnibus</span> <span class='ocrx_word' id='word_1_280' title='bbox 1081 2268 1181 2312; x_wconf 80' lang='lat' dir='ltr'>quae</span> <span class='ocrx_word' id='word_1_281' title='bbox 1206 2252 1532 2308; x_wconf 79' lang='lat' dir='ltr'>retribuebant,</span> <span class='ocrx_word' id='word_1_282' title='bbox 1559 2255 1714 2315; x_wconf 80' lang='lat' dir='ltr'>utique</span> 
     </span>
     <span class='ocr_line' id='line_1_31' title="bbox 316 2320 1710 2379; baseline 0.003 -14"><span class='ocrx_word' id='word_1_283' title='bbox 316 2320 514 2365; x_wconf 85' lang='lat' dir='ltr'>sterilitas</span> <span class='ocrx_word' id='word_1_284' title='bbox 537 2331 641 2366; x_wconf 87' lang='lat' dir='ltr'>erat.</span> <span class='ocrx_word' id='word_1_285' title='bbox 666 2325 788 2367; x_wconf 88' lang='lat' dir='ltr'>Hanc</span> <span class='ocrx_word' id='word_1_286' title='bbox 816 2321 1087 2366; x_wconf 85' lang='lat' dir='ltr'>sterilitatem</span> <span class='ocrx_word' id='word_1_287' title='bbox 1116 2323 1161 2366; x_wconf 89' lang='lat' dir='ltr'>in</span> <span class='ocrx_word' id='word_1_288' title='bbox 1186 2324 1340 2368; x_wconf 83' lang='lat' dir='ltr'>arbore</span> <span class='ocrx_word' id='word_1_289' title='bbox 1363 2323 1608 2379; x_wconf 81' lang='lat' dir='ltr'>maledixit,</span> <span class='ocrx_word' id='word_1_290' title='bbox 1636 2326 1710 2370; x_wconf 84' lang='lat' dir='ltr'>ubi</span> 
     </span>
     <span class='ocr_line' id='line_1_32' title="bbox 314 2391 1692 2453; baseline 0.001 -17"><span class='ocrx_word' id='word_1_291' title='bbox 314 2391 507 2436; x_wconf 84' lang='lat' dir='ltr'>fructum</span> <span class='ocrx_word' id='word_1_292' title='bbox 530 2408 630 2437; x_wconf 88' lang='lat' dir='ltr'>cum</span> <span class='ocrx_word' id='word_1_293' title='bbox 645 2403 859 2453; x_wconf 77' lang='lat' dir='ltr'>quaereret</span> <span class='ocrx_word' id='word_1_294' title='bbox 880 2409 970 2437; x_wconf 89' lang='lat' dir='ltr'>non</span> <span class='ocrx_word' id='word_1_295' title='bbox 986 2393 1150 2437; x_wconf 89' lang='lat' dir='ltr'>invenit</span> <span class='ocrx_word' id='word_1_296' title='bbox 1166 2395 1197 2438; x_wconf 73' lang='lat'>4.</span> <span class='ocrx_word' id='word_1_297' title='bbox 1226 2393 1347 2439; x_wconf 86' lang='lat' dir='ltr'>Folia</span> <span class='ocrx_word' id='word_1_298' title='bbox 1369 2404 1507 2451; x_wconf 86' lang='lat' dir='ltr'>erant,</span> <span class='ocrx_word' id='word_1_299' title='bbox 1532 2405 1575 2439; x_wconf 89' lang='lat' dir='ltr'>et</span> <span class='ocrx_word' id='word_1_300' title='bbox 1594 2396 1692 2442; x_wconf 68' lang='lat' dir='ltr'>fruc</span> 
     </span>
    </p>
   </div>
   <div class='ocr_carea' id='block_1_3' title="bbox 322 2489 1695 2586">
    <p class='ocr_par' dir='ltr' id='par_1_3' title="bbox 322 2489 1695 2586">
     <span class='ocr_line' id='line_1_33' title="bbox 362 2489 1695 2533; baseline 0.005 -13"><span class='ocrx_word' id='word_1_301' title='bbox 362 2496 373 2512; x_wconf 88' lang='lat'><em>¹</em></span> <span class='ocrx_word' id='word_1_302' title='bbox 393 2489 506 2521; x_wconf 77' lang='lat' dir='ltr'>Matth.</span> <span class='ocrx_word' id='word_1_303' title='bbox 527 2500 574 2522; x_wconf 85' lang='lat' dir='ltr'>vu</span> <span class='ocrx_word' id='word_1_304' title='bbox 589 2515 597 2531; x_wconf 85' lang='lat'><em>‚</em></span> <span class='ocrx_word' id='word_1_305' title='bbox 619 2489 673 2522; x_wconf 81' lang='lat'>23.</span> <span class='ocrx_word' id='word_1_306' title='bbox 696 2507 737 2513; x_wconf 73' lang='lat'>-</span> <span class='ocrx_word' id='word_1_307' title='bbox 758 2497 769 2514; x_wconf 87' lang='lat'>²</span> <span class='ocrx_word' id='word_1_308' title='bbox 789 2491 834 2523; x_wconf 84' lang='lat' dir='ltr'>Id.</span> <span class='ocrx_word' id='word_1_309' title='bbox 865 2501 939 2523; x_wconf 76' lang='lat' dir='ltr'>xxvi</span> <span class='ocrx_word' id='word_1_310' title='bbox 954 2516 963 2533; x_wconf 90' lang='lat'><em>,</em></span> <span class='ocrx_word' id='word_1_311' title='bbox 988 2490 1044 2523; x_wconf 87' lang='grc'>65.</span> <span class='ocrx_word' id='word_1_312' title='bbox 1066 2507 1107 2516; x_wconf 84' lang='lat'>-—-</span> <span class='ocrx_word' id='word_1_313' title='bbox 1128 2490 1140 2515; x_wconf 84' lang='lat'><strong>3</strong></span> <span class='ocrx_word' id='word_1_314' title='bbox 1166 2492 1245 2525; x_wconf 84' lang='lat' dir='ltr'>Psal.</span> <span class='ocrx_word' id='word_1_315' title='bbox 1268 2503 1383 2533; x_wconf 80' lang='lat' dir='ltr'>xxxiv,</span> <span class='ocrx_word' id='word_1_316' title='bbox 1405 2502 1456 2527; x_wconf 83' lang='lat'>12.</span> <span class='ocrx_word' id='word_1_317' title='bbox 1483 2511 1524 2517; x_wconf 85' lang='lat'>—-</span> <span class='ocrx_word' id='word_1_318' title='bbox 1547 2492 1564 2520; x_wconf 70' lang='grc'>6</span> <span class='ocrx_word' id='word_1_319' title='bbox 1582 2494 1695 2527; x_wconf 82' lang='lat' dir='ltr'>Matth.</span> 
     </span>
     <span class='ocr_line' id='line_1_34' title="bbox 322 2554 470 2586; baseline 0.007 -11"><span class='ocrx_word' id='word_1_320' title='bbox 322 2554 375 2575; x_wconf 76' lang='lat' dir='ltr'>xxi</span> <span class='ocrx_word' id='word_1_321' title='bbox 392 2569 400 2585; x_wconf 90' lang='lat'>,</span> <span class='ocrx_word' id='word_1_322' title='bbox 420 2555 470 2586; x_wconf 85' lang='lat'>¹9-</span> 
     </span>
    </p>
   </div>
  </div>
 </body>
</html>
