1841 3223
373 197 456 238 304
802 208 835 233 s.
874 205 1104 235 Acecsnm
1138 209 1318 236 Eriscom

368 274 488 336 quod
507 273 649 318 fuerat
671 272 801 315 ctiam
825 271 907 316 sub
932 272 1086 317 arbore
1111 273 1181 317 fici
1203 273 1246 317 in
1264 273 1465 329 veritate,
1492 273 1726 320 admiratus
1742 311 1753 331 ,

367 346 469 407 quia
493 344 673 404 putabat
692 357 736 386 se
764 359 785 386 a
807 343 981 387 nemine
1002 343 1143 388 visum
1162 359 1263 388 cum
1287 344 1345 388 ibi
1365 354 1497 401 esset,
1523 347 1758 392 confitetur

367 426 410 460 et
432 415 563 459 dicit:
595 432 614 456 «
644 416 709 457 Tu
731 429 775 457 es
800 413 934 458 Filius
958 414 1062 469 Dei,
1093 424 1142 459 tu
1170 430 1212 458 es
1235 431 1306 459 rex
1327 415 1472 460 Isra'cl.
1497 434 1518 457 »
1544 417 1650 470 Quis
1674 418 1758 462 hoc

366 487 504 530 dixit?
527 484 613 539 Qui
644 484 842 529 audierat
864 483 985 545 quod
1016 500 1141 529 verus
1167 495 1276 530 esset
1304 485 1495 530 Israelita
1514 521 1524 540 ,
1560 496 1602 531 et
1632 486 1759 532 dolus

367 558 411 601 in
434 556 509 602 illo
541 572 631 600 non
659 565 779 600 esset.
808 558 866 600 Et
890 556 1100 601 Dominus
1117 590 1128 610 ,
1158 574 1177 596 «
1202 555 1313 608 Quia
1345 555 1434 600 dixi
1457 557 1563 602 tibi:
1589 558 1690 602 Vidi
1717 567 1758 603 te

367 647 388 670 »
424 628 506 673 sub
524 627 678 673 arbore
696 627 764 671 fici
780 662 790 682 ,
811 626 1050 681 credidisti,
1068 627 1231 686 majora
1255 627 1413 671 horum
1438 627 1619 672 videbis.
1641 647 1660 670 n
1674 632 1759 673 Lo·

365 700 515 761 quitur
532 715 631 744 cum
654 697 785 743 Israel
801 733 812 753 ,
837 713 939 742 cum
962 696 1122 751 Jacob,
1143 712 1242 741 cum
1267 697 1342 742 illo
1364 697 1441 758 qui
1463 698 1543 742 sibi
1567 698 1758 758 lapidem

365 771 420 816 ad
445 780 577 831 caput
596 778 814 830 posuerat.
848 788 868 810 «
895 769 1061 828 Majora
1082 768 1242 813 horum
1263 767 1446 813 videbis.
1477 787 1497 810 »
1530 773 1635 822 Quae
1661 785 1757 815 ma-

359 843 485 903 jora'?
508 841 617 895 Quia
637 842 726 901 jam
745 839 851 899 lapis
869 838 942 882 ille
961 837 1016 882 ad
1038 848 1171 899 caput
1188 848 1266 883 est.
1293 858 1312 881 «
1334 842 1475 883 Amen
1497 838 1595 885 dico
1614 841 1754 897 vobis,

367 932 388 955 »
424 912 626 957 videbitis
650 910 813 955 eoelum
839 917 1039 969 apertum
1055 945 1065 964 ,
1094 919 1137 953 et
1160 908 1351 968 Angelos
1377 910 1454 954 Dei
1476 910 1757 956 ascendentes

367 1002 388 1025 »
424 992 468 1027 et
500 980 813 1027 descendentes
842 995 972 1040 super
1006 979 1167 1024 Filium
1192 980 1424 1024 hominis¹.
1450 999 1469 1022 »
1497 980 1653 1039 Angeli
1681 982 1757 1027 Dei

365 1053 601 1099 ascendant
618 1062 661 1096 et
678 1050 947 1096 descendant
970 1065 1047 1110 per
1064 1049 1198 1095 scalas
1220 1050 1330 1106 illas,
1348 1051 1518 1097 fiathoc
1543 1052 1588 1097 in
1610 1052 1758 1097 Eccle-

361 1126 435 1171 sia.
465 1124 621 1185 Angeli
647 1124 725 1169 Dei
741 1123 1069 1167 annuntiatores
1087 1132 1190 1167 sunt
1213 1123 1405 1167 veritatis
1427 1142 1435 1168 :
1458 1124 1694 1169 ascendant
1714 1134 1758 1170 et

362 1197 565 1251 videant,
599 1216 619 1238 «
647 1199 699 1240 In
731 1194 945 1255 principio
980 1203 1071 1238 erat
1098 1194 1324 1249 Verbum,
1356 1204 1400 1239 et
1435 1195 1631 1239 Verbum
1665 1205 1757 1240 erat

366 1287 387 1310 »
424 1268 542 1329 apud
565 1271 702 1312 Deum
720 1302 730 1321 ,
760 1275 803 1310 et
829 1269 941 1310 Deus
969 1274 1060 1310 erat
1092 1266 1303 1310 Verbum.
1337 1284 1356 1306 »
1385 1266 1682 1322 Descendant,
1713 1276 1758 1312 et

363 1339 568 1396 videant,
593 1359 613 1382 «
636 1339 744 1392 Quia
765 1337 960 1381 Verbum
993 1353 1094 1382 caro
1118 1336 1280 1382 factum
1301 1346 1385 1392 est,
1412 1346 1455 1382 et
1472 1338 1687 1383 habitavit
1710 1339 1757 1383 in

367 1431 388 1454 »
424 1412 590 1458 nobis'2.
615 1429 635 1452 »
665 1409 935 1464 Aseendant,
964 1418 1014 1453 ut
1041 1409 1209 1468 erigant
1231 1424 1409 1467 magnos
1431 1428 1440 1454 ε
1461 1408 1752 1467 descendant,

363 1493 412 1529 ut
440 1483 637 1528 nutriant
667 1497 836 1541 parvos.
870 1479 982 1524 Vide
1015 1481 1323 1524 ascendentem
1358 1479 1543 1525 Paulum
1574 1500 1582 1526 z
1612 1501 1631 1524 «
1660 1482 1757 1527 Sive

365 1574 386 1597 »
421 1564 569 1599 mente
591 1552 873 1607 excessimus,
900 1554 1005 1595 Deo.
1038 1569 1057 1591 η
1081 1550 1190 1595 Vide
1213 1550 1551 1596 descendentem
1573 1571 1582 1597 ε
1612 1571 1629 1592 «
1659 1553 1756 1597 Sive

365 1644 385 1667 »
422 1632 712 1684 temperantes
735 1637 883 1666 sumus
899 1656 910 1676 ,
935 1621 1058 1666 vobis
1125 1620 1271 1666 »Vide
1294 1620 1600 1666 ascendentem
1621 1642 1666 1668 z«
1686 1625 1757 1669 Sa-

365 1713 386 1736 »
421 1694 631 1755 pientiam
663 1693 887 1753 loquimur
913 1692 1026 1736 inter
1048 1691 1278 1752 perfectos.
1301 1711 1321 1733 n
1350 1691 1460 1736 Vide
1486 1691 1756 1738 descenden-

363 1776 451 1811 tem
474 1786 482 1811 ε
514 1786 533 1808 α
559 1769 644 1810 Lac
669 1764 794 1809 vobis
816 1773 970 1824 potum
993 1763 1120 1818 dedi,
1152 1779 1240 1808 non
1262 1779 1401 1808 escam
1419 1766 1450 1807 ⁴.
1475 1782 1495 1805 »
1525 1767 1618 1809 Hoc
1639 1766 1688 1809 fit
1711 1765 1756 1811 in

362 1836 552 1877 Ecclesia
569 1855 577 1874 ;
595 1834 836 1874 ascendunt
854 1841 897 1872 et
909 1830 1183 1873 descendunt
1196 1829 1352 1888 Angeli
1364 1831 1440 1874 Dei
1453 1846 1581 1891 super
1593 1834 1755 1878 Filium

360 1902 549 1948 hominis
572 1920 580 1946 ε
604 1900 706 1961 quia
723 1915 895 1944 sursum
913 1909 976 1943 est
995 1899 1129 1944 Filius
1152 1900 1353 1956 hominis,
1378 1901 1432 1945 ad
1455 1918 1586 1962 quem
1608 1920 1756 1949 ascen-

362 1974 476 2018 dunt
493 1971 639 2027 corde,
656 1971 701 2016 id
718 1979 796 2025 est,
819 1979 951 2029 caput
968 1971 1060 2031 ejus
1078 1992 1089 2027 3
1105 1980 1148 2014 et
1164 1970 1369 2015 deorsum
1390 1971 1525 2017 Filius
1542 1974 1749 2033 hominis,

361 2044 408 2090 id
429 2053 514 2100 est,
540 2058 698 2103 corpus
720 2043 824 2102 ejus.
852 2041 1048 2085 Membra
1074 2042 1165 2101 ejus
1187 2041 1258 2086 hie
1283 2052 1384 2087 sunt
1401 2079 1412 2099 ,
1433 2054 1565 2104 caput
1581 2061 1754 2091 sursum

361 2125 425 2161 est
446 2135 454 2161 :
483 2113 732 2160 ascenditur
749 2112 804 2157 ad
818 2121 968 2172 caput,
990 2111 1269 2156 descenditur
1292 2113 1345 2158 ad
1365 2114 1577 2161 membra.
1604 2117 1753 2162 Chris-

360 2196 430 2231 tus
447 2186 530 2241 ibi,
550 2185 747 2231 Christus
764 2183 851 2228 bic.
875 2186 984 2227 Nam
1006 2182 1040 2226 si
1057 2182 1118 2226 ibi
1133 2192 1321 2239 tantum,
1341 2193 1385 2229 et
1402 2185 1472 2230 hic
1492 2202 1608 2245 non,
1633 2187 1752 2232 unde

358 2274 443 2304 vox
465 2258 536 2302 illa
563 2276 572 2303 z
601 2276 621 2299 «
645 2255 796 2311 Saule,
824 2253 953 2300 Saule
970 2289 980 2309 ,
1013 2253 1122 2315 quid
1156 2270 1226 2299 me
1248 2257 1576 2317 persequeris⁵P
1600 2277 1620 2299 »
1647 2259 1752 2312 Quis

359 2330 476 2374 enim
507 2328 570 2373 illi
598 2328 644 2373 in
672 2326 783 2373 coelo
816 2325 1024 2371 molestus
1052 2326 1166 2370 fuit?
1187 2329 1347 2383 Nemo,
1372 2343 1452 2372 nec
1471 2327 1614 2373 Judaei
1632 2365 1642 2385 ,
1669 2345 1750 2376 nec

362 2400 532 2455 Saulus,
553 2416 634 2444 nec
648 2398 849 2444 diabolus
872 2406 1089 2456 tentator,
1114 2412 1242 2442 nemo
1260 2398 1321 2442 ibi
1335 2397 1543 2444 molestus
1561 2399 1626 2444 illi
1644 2421 1651 2446 :
1673 2402 1750 2448 sed

406 2500 532 2530 ¹Joan.
552 2508 582 2538 i,
602 2496 718 2539 48-51.
737 2513 780 2520 —
801 2495 951 2529 ²1bid.1
970 2494 1134 2537 ct14.—
1155 2493 1168 2519 3
1190 2506 1202 2528 1
1222 2497 1296 2529 Cor.
1316 2507 1356 2539 v,
1383 2496 1434 2530 13.
1453 2513 1495 2520 —
1512 2494 1647 2540 41d.11‚
1665 2497 1700 2540 6,
1715 2503 1750 2532 et

354 2564 447 2597 ”1:2·
466 2571 507 2578 —
522 2552 536 2578 5
556 2551 740 2594 Act.1x,4.
