1841 3223
402 195 485 235 344
825 205 859 236 s.
896 208 1126 239 Aucus'rnw
1157 211 1340 239 Emscoi’t

398 272 545 317 sidem.
577 292 595 314 «
623 274 843 334 Principes
861 290 961 334 ergo
983 276 1249 337 populorum
1266 285 1567 321 convenerunt
1583 291 1684 320 eum
1701 282 1786 322 Deo

400 362 421 385 »
457 344 691 388 Abraham.
717 346 935 406 Principes
956 347 1236 407 populorum.
1269 365 1288 389 »
1315 347 1523 391 Gentium
1546 347 1784 407 principes,

398 429 487 457 non
508 415 638 459 unius
657 415 808 476 populi
826 418 1057 477 principes,
1083 418 1157 462 sed
1175 418 1390 478 principes
1406 417 1670 477 populorum
1693 433 1788 462 om-

396 485 517 529 nium
534 522 544 540 ,
575 506 594 528 «
620 489 931 532 Convenerunt
953 504 1053 533 eum
1076 495 1161 534 Deo
1179 489 1414 533 Abraham.
1439 506 1459 529 »

455 558 557 601 XII.
584 560 647 601 Ex
671 558 770 617 ipsis
792 558 1062 620 principibus
1086 568 1176 603 erat
1199 569 1242 603 et
1264 559 1343 603 iste
1365 559 1596 614 Centurio,
1623 558 1678 603 de
1699 574 1789 620 quo

397 627 546 682 modo,
561 628 847 687 Evangelium
862 644 962 673 cum
976 629 1208 688 legeretur,
1225 629 1416 673 audistis.
1428 632 1533 674 Erat
1550 630 1665 673 enim
1681 631 1789 674 Cen-

395 697 512 742 turio
529 698 693 742 habens
714 699 926 743 honorem
947 708 990 743 et
1012 708 1272 758 potestatem
1295 699 1409 743 inter
1424 700 1624 744 homines
1639 735 1649 754 ,
1675 700 1789 758 prin-

396 783 498 829 ·eeps
512 779 603 815 erat
625 769 680 813 de
697 769 965 830 principibus
983 769 1264 830 populorum.
1278 771 1479 814 Venienti
1493 770 1547 814 ad
1560 786 1603 815 se
1616 771 1790 816 Christo

396 840 571 885 obviam
595 841 710 885 misit
726 841 885 885 amicos
908 856 1023 896 suos,
1041 841 1128 885 imo
1150 857 1250 886 vere
1268 841 1504 886 transituro
1520 842 1692 887 Christo
1713 841 1790 885 mi-

394 911 451 956 sit
482 912 640 956 amieos
663 932 673 967 3
701 920 745 955 et
768 911 935 971 rogavit
957 921 1007 956 ut
1028 920 1200 956 curaret
1222 928 1409 972 puerum
1433 913 1523 972 ejus
1542 948 1552 968 ,
1574 913 1650 973 qui
1672 912 1790 972 peri-

394 982 543 1026 culose
566 980 871 1026 infirmabatur
894 1002 902 1027 ;
924 992 967 1027 et
990 998 1092 1027 cum
1119 982 1252 1028 vellet
1271 983 1361 1042 ipse
1384 983 1591 1027 Dominus
1612 982 1786 1038 venire,

396 1052 480 1096 hoe
498 1053 537 1095 ei
555 1051 777 1097 mandavit
797 1072 805 1097 ε
830 1072 850 1095 «
865 1055 963 1097 Non
980 1068 1076 1097 sum
1099 1051 1256 1110 dignus
1278 1061 1328 1097 ut
1349 1053 1431 1097 sub
1454 1062 1619 1098 tectum
1641 1067 1790 1096 meum

401 1141 419 1162 »
455 1122 588 1166 intres
604 1157 615 1177 ‚
641 1122 717 1167 sed
733 1131 906 1166 tantum
928 1121 998 1167 die
1015 1123 1176 1178 verbo,
1203 1132 1246 1168 et
1268 1123 1492 1167 sanabitur
1514 1139 1624 1183 puer
1649 1138 1786 1167 meus.

402 1213 420 1234 η
455 1196 566 1239 Nam
598 1203 641 1238 et
662 1209 742 1252 ego
766 1194 899 1239 homo
921 1210 1019 1238 sum
1042 1195 1123 1239 sub
1150 1204 1364 1255 potestate
1392 1195 1673 1250 constitutus⁷
1709 1196 1792 1238 ha-

401 1282 419 1304 »
456 1264 562 1307 bens
597 1264 680 1307 sub
709 1279 778 1308 me
800 1264 972 1309 milites.
1019 1285 1036 1308 »
1070 1265 1226 1310 Videte
1253 1264 1626 1325 quemadmodum
1650 1265 1792 1309 tenuit

396 1335 596 1380 ordinem
631 1354 639 1380 ε
665 1335 790 1381 Prius
823 1337 1183 1380 commemoravit
1219 1335 1341 1396 quod
1364 1337 1445 1381 sub
1482 1335 1566 1380 alio
1595 1344 1726 1390 esset,
1752 1344 1796 1380 et

396 1415 544 1465 postea
566 1405 687 1466 quod
709 1406 780 1451 alii
810 1407 891 1451 sub
913 1406 989 1452 illo
1012 1417 1169 1451 essent.
1205 1407 1295 1452 Sub
1318 1416 1532 1467 potestate
1564 1422 1661 1451 sum
1685 1415 1728 1450 et
1749 1407 1794 1450 in

396 1485 610 1536 potestate
638 1492 759 1532 sum,
787 1487 830 1521 et
857 1477 939 1521 sub
969 1476 1116 1538 aliquo
1147 1492 1244 1521 sum
1275 1486 1319 1521 et
1337 1493 1466 1537 super
1487 1476 1655 1538 aliquos
1678 1492 1790 1521 sum.

397 1550 455 1592 Et
473 1547 571 1591 dieo
593 1548 695 1601 lulio
726 1567 735 1592 :
765 1566 781 1588 «
810 1546 932 1591 Vade
947 1583 958 1602 ,
992 1556 1035 1591 et
1051 1546 1173 1592 vadit
1192 1567 1201 1592 ε
1224 1556 1266 1591 et
1284 1546 1382 1602 alii,
1407 1548 1546 1602 Veni,
1573 1556 1615 1591 et
1635 1548 1756 1592 venit
1780 1566 1790 1593 ς

403 1638 420 1659 »
457 1628 500 1662 et
521 1634 643 1662 servo
672 1633 770 1662 meo
797 1638 804 1663 :
834 1622 866 1662 F
872 1635 921 1663 ac
942 1619 1052 1674 hoc,
1087 1628 1130 1662 et
1152 1617 1273 1663 facit.
1306 1639 1323 1660 »
1352 1622 1579 1679 Tanquam
1603 1618 1790 1664 diceret:

399 1690 443 1734 Si
473 1704 552 1747 ego
589 1689 670 1733 sub
698 1698 912 1749 potestate
938 1690 1200 1734 constitutus
1223 1689 1361 1750 jubeo
1396 1688 1480 1734 illis
1517 1689 1594 1749 qui
1622 1689 1702 1733 sub
1723 1704 1794 1733 me

397 1770 500 1804 sunt
520 1796 530 1814 ‚
556 1770 605 1804 tu
627 1761 704 1821 qui
736 1761 818 1805 sub
841 1759 1003 1804 nullius
1033 1769 1250 1820 potestate
1272 1761 1441 1820 positus
1463 1776 1532 1816 es,
1559 1776 1649 1805 non
1670 1770 1793 1820 potes

394 1832 550 1890 jubere
567 1841 776 1876 creaturae
797 1840 906 1885 tuae,
933 1831 1112 1890 quando
1135 1831 1280 1875 omnia
1303 1846 1381 1890 per
1402 1840 1446 1875 te
1464 1829 1578 1875 faeta
1599 1840 1725 1886 sunt,
1750 1840 1794 1876 et

399 1902 492 1945 sine
514 1910 556 1944 te
585 1901 750 1945 factum
772 1910 836 1945 est
857 1901 994 1945 nihil?
1016 1920 1032 1940 «
1060 1901 1133 1945 Die
1150 1916 1252 1959 ergo
1280 1901 1438 1956 verbo,
1462 1902 1631 1962 inquit,
1657 1911 1700 1946 et
1722 1916 1794 1947 sa·-

405 1992 422 2013 »
460 1970 637 2014 nabitur
658 1987 768 2030 puer
787 1986 924 2014 meus.
953 1990 969 2011 »
995 1974 1104 2015 Nam
1128 1980 1178 2014 ut
1200 1971 1245 2014 in
1265 1971 1447 2016 domum
1469 1986 1611 2015 meam
1633 1971 1789 2027 intres,

400 2058 489 2085 non
511 2057 607 2085 sum
624 2041 795 2098 dignus.
820 2040 1067 2100 Trepidavit
1088 2041 1312 2086 Christum
1330 2042 1502 2086 mittere
1519 2041 1632 2085 intra
1655 2042 1793 2101 parie-

399 2122 461 2156 tes
479 2128 598 2166 suos,
630 2121 673 2155 et
689 2112 779 2171 jam
800 2112 917 2155 intus
950 2121 1041 2155 erat
1062 2112 1107 2154 in
1130 2112 1261 2156 eorde
1282 2113 1374 2171 ejus
1397 2131 1405 2156 ε
1424 2113 1515 2172 jam
1539 2122 1632 2156 erat
1649 2113 1791 2157 anima

400 2185 490 2243 ejus
508 2183 629 2226 sedes
650 2182 766 2226 illius
781 2217 791 2236 ‚
813 2183 903 2241 jam
921 2182 981 2226 ibi
1004 2182 1182 2226 sedebat
1201 2182 1273 2227 ille
1299 2183 1376 2243 qui
1394 2182 1581 2227 humiles
1604 2184 1792 2243 require-

399 2255 488 2298 bat.
520 2273 537 2293 «
564 2256 807 2298 Conversus
833 2252 1022 2312 denique
1056 2253 1279 2308 Christus,
1318 2253 1500 2297 miratus
1523 2262 1615 2309 est,
1657 2263 1700 2298 et
1733 2254 1792 2298 ait

406 2344 423 2364 »
460 2322 742 2383 sequentibus
765 2338 809 2366 se
835 2342 843 2366 ι
870 2325 1009 2366 Amen
1031 2322 1128 2367 dico
1149 2323 1295 2375 vobis,
1333 2338 1424 2367 non
1454 2323 1602 2368 inveni
1626 2332 1791 2368 tantam

405 2413 423 2435 »
458 2394 590 2437 fidem
612 2394 658 2438 in
679 2393 810 2438 Israel
829 2396 858 2438 ¹.
889 2414 906 2435 »
944 2397 999 2438 Et
1021 2395 1131 2438 sieut
1153 2394 1259 2438 alius
1291 2394 1568 2453 Evangelista
1591 2394 1790 2439 eamdem

402 2478 493 2507 rem
516 2473 684 2519 narrat,
705 2464 900 2524 sequitur
922 2464 1127 2508 Dominus
1145 2499 1156 2518 ‚
1182 2473 1225 2509 et
1242 2464 1347 2509 dicit
1371 2483 1379 2508 :
1409 2483 1426 2504 ‹<
1455 2464 1560 2510 Ideo
1585 2464 1682 2511 dieo
1703 2480 1784 2509 vo-

453 2557 459 2571 ¹
477 2550 542 2580 Luc
572 2559 624 2590 vu,
639 2548 711 2590 (5-9.
