1841 3223
169 228 410 258 EnAnnAano
443 231 492 257 111
524 231 569 257 nv
601 229 802 257 PsALMnM
836 228 983 268 xxxvi,
1017 229 1142 256 sunm.
1179 231 1244 256 111.
1321 221 1401 259 109

19 309 110 341 non
121 304 320 340 occurrat
335 294 516 340 carnalis
531 293 963 354 cogitatioNidemus
974 294 1135 340 multos
1151 295 1260 340 filios
1268 296 1406 356 justo-

18 380 117 411 rum
139 364 254 410 fame
270 365 501 410 morientes
522 383 532 409 :
557 364 778 425 quomodo
800 380 901 423 ergo
922 384 942 408 «
969 368 1124 410 Semen
1142 366 1230 426 ejus
1256 367 1301 409 in
1323 366 1404 410 be-

21 453 43 478 »
59 435 305 480 nedictione
321 434 437 479 erit?
460 452 481 477 »
515 436 671 479 Semen
702 434 793 494 ejus
824 434 1018 494 reliquiae
1040 436 1132 495 ejus
1147 470 1158 490 ,
1182 435 1300 480 unde
1336 436 1408 481 hic
1458 477 1460 479 ,

19 505 216 561 seminat,
236 514 279 550 et
300 514 448 564 postea
468 512 616 549 metet.
632 506 829 564 Namque
849 504 1083 563 Apostolus
1108 505 1240 551 dicit:
1265 525 1282 547 «
1319 507 1407 552 Bo-

22 594 45 620 »
67 592 176 622 num
193 586 339 621 autem
359 574 564 620 facientes
596 590 686 620 non
721 574 972 618 deficiamus
1011 593 1020 620 :
1062 584 1258 635 tempore
1290 578 1407 622 enim

23 665 44 690 »
69 663 147 692 suo
158 655 370 691 metemus
383 645 688 705 infatigabiles.
707 648 860 706 Itaque
873 644 978 689 dum
992 652 1164 705 tempus
1178 647 1406 705 habemus,

23 736 44 760 »
69 718 128 762 ait
146 752 158 773 ,
195 732 424 777 operemur
454 717 623 761 bonum
655 715 712 760 ad
748 731 897 761 omnes
921 718 952 760 1.
980 734 1002 757 »
1042 719 1135 762 Hoc
1163 726 1227 761 est
1262 733 1410 763 semen

20 797 170 844 tuum,
195 788 316 849 quod
352 788 432 832 erit
464 788 512 832 in
544 787 862 832 benedictione.
890 790 1033 831 Terrae
1067 788 1323 844 committis,
1366 799 1411 834 et

19 868 142 904 tanto
165 857 350 918 amplius
369 856 532 916 colligis
555 858 751 903 :Christo
769 857 1023 913 committis,
1045 867 1088 902 et
1105 857 1278 917 perdis?
1301 859 1411 903 Vide

19 930 164 990 ipsum
185 945 332 974 semen
353 929 590 990 expressius
611 928 884 974 nominatum
908 929 964 973 ab
980 928 1189 989 Apostolo
1204 965 1215 985 ,
1233 945 1334 974 cum
1356 929 1412 975 de

20 999 308 1057 eleemosynis
332 1000 510 1044 diceret.
537 1002 630 1044 Hoc
653 999 768 1043 enim
791 999 873 1044 ait:
903 1018 922 1041 «
948 999 1033 1052 Qui
1049 1015 1178 1059 parce
1199 1002 1408 1056 seminat,

22 1088 44 1113 »
74 1085 205 1131 parce
226 1079 271 1114 et
291 1078 454 1128 metet3
479 1078 522 1113 et
533 1069 610 1130 qui
631 1069 814 1113 seminat
834 1069 881 1112 in
917 1069 1295 1115 benedictionibus
1311 1107 1322 1127 ,
1357 1071 1413 1116 de

22 1159 44 1184 »
76 1140 451 1185 benedictionibus
473 1149 516 1184 et
531 1150 666 1184 metet
679 1143 710 1183 ².
725 1158 745 1181 ))
762 1140 847 1184 Sed
862 1139 1033 1185 laboras
1054 1140 1165 1186 forte
1178 1158 1278 1186 cum
1292 1143 1413 1187 semi·

19 1227 112 1266 naS,
130 1220 173 1256 et
190 1209 311 1256 doles
335 1225 435 1255 cum
463 1210 703 1265 misereris,
735 1211 838 1270 quia
873 1211 1049 1256 miseros
1088 1212 1223 1256 vides.
1256 1213 1413 1257 Melius

20 1282 137 1326 enim
158 1280 394 1342 aliquando
406 1296 497 1325 non
518 1280 775 1325 habebimus
797 1282 957 1341 quibus
984 1282 1064 1326 ista
1099 1281 1266 1327 demus.
1300 1285 1413 1328 Cum

20 1367 170 1397 omnes
192 1352 238 1396 in
256 1351 631 1412 incorruptionem
654 1352 1066 1413 commutabuntur⁷
1091 1352 1238 1397 nullus
1253 1354 1414 1398 esuriet

20 1422 91 1468 cui
112 1423 304 1482 porrigas
330 1437 505 1482 panem,
526 1421 674 1466 nullus
701 1422 816 1466 sitiet
838 1423 908 1467 cui
946 1422 1020 1467 des
1042 1432 1197 1482 potum
1218 1459 1229 1479 ‚
1264 1423 1412 1469 nullus

15 1493 160 1538 nudus
182 1494 406 1554 eritquem
417 1493 588 1548 vestias,
609 1492 757 1537 nullus
766 1494 1020 1552 peregrinus
1033 1509 1164 1554 quem
1178 1495 1408 1555 suscipias:

18 1564 91 1609 hic
107 1573 256 1610 autem
277 1565 390 1608 inter
411 1578 642 1618 aerumnas,
665 1563 950 1618 tentationes,
978 1563 1148 1609 dolores
1167 1600 1177 1620 ,
1199 1566 1382 1623 gemitus
1398 1600 1409 1621 ,

20 1634 233 1678 mittimus
255 1639 417 1677 semen.
438 1631 524 1677 Sed
546 1633 709 1691 respice
731 1632 786 1676 ad
801 1631 1020 1677 Psalmum
1044 1634 1178 1678 alium
1207 1654 1216 1679 z
1245 1655 1265 1676 «
1286 1638 1412 1679 Eun-

23 1721 45 1746 »
70 1713 133 1748 tes
155 1704 294 1759 ibant,
317 1712 361 1747 et
382 1703 572 1757 flebant,
599 1702 819 1746 mittentes
846 1703 1009 1747 semina
1029 1719 1122 1748 sua.
1151 1723 1170 1745 »
1193 1704 1382 1749 Attende
1397 1739 1409 1761 ,

25 1794 47 1818 «
71 1775 183 1828 Quia
208 1789 354 1819 semen
377 1775 471 1834 ejus
489 1774 534 1817 in
552 1773 858 1818 benedictione
879 1775 958 1818 erit
985 1794 994 1819 :
1019 1775 1252 1819 Venientes
1265 1785 1412 1820 autem

25 1863 46 1886 »
70 1844 244 1889 venient
261 1858 361 1888 cum
377 1842 646 1887 exultatione
661 1877 673 1898 ‚
695 1852 918 1902 portantes
940 1844 1185 1903 manipulos
1207 1861 1306 1890 suos
1329 1847 1360 1889 ³.
1387 1865 1408 1887 »

81 1917 205 1959 VIII.
229 1913 339 1959 Vide
361 1929 465 1972 ergo
499 1912 621 1974 quod
661 1913 873 1973 sequitur,
915 1923 960 1958 et
999 1913 1090 1958 noli
1115 1930 1204 1958 esse
1237 1916 1359 1974 piger
1399 1936 1409 1962 ;

27 2003 48 2027 κ
66 1983 244 2029 Declina
267 1999 290 2028 a
307 1982 438 2038 malo,
464 1992 508 2027 et
529 1982 596 2028 fac
619 1984 785 2027 bonum
809 1984 840 2026 4.
858 1983 992 2028 »Noli
1018 1984 1098 2027 tibi
1118 1994 1271 2044 putare
1288 1986 1412 2029 sufli-

21 2069 140 2109 cere,
177 2053 211 2097 si
258 2069 349 2098 non
389 2052 577 2112 expolias
613 2053 832 2097 vestitum.
867 2055 966 2099 Non
998 2054 1258 2113 expoliando
1295 2057 1411 2100 enim

21 2124 242 2179 vestitum,
268 2122 528 2169 declinastia
548 2122 664 2167 malo
691 2142 700 2167 :
727 2123 800 2167 sed
824 2122 913 2167 noli
930 2140 1120 2168 arescere
1136 2160 1147 2180 ‚
1178 2135 1222 2169 et
1258 2126 1412 2171 sterilis

23 2210 126 2239 esse.
155 2194 223 2239 Sic
244 2192 335 2237 noli
362 2190 576 2252 expoliare
597 2193 819 2249 vestitum,
846 2202 896 2238 ut
916 2195 1070 2239 vestias
1100 2195 1283 2240 nudum.
1317 2193 1411 2242 Hoc

23 2274 88 2310 est
109 2264 225 2314 enim
247 2262 465 2308 declinare
487 2279 510 2307 a
527 2262 658 2318 malo,
684 2273 728 2307 et
747 2264 888 2308 facere
910 2265 1092 2309 bonum.
1114 2269 1169 2311 Et
1184 2267 1292 2327 quid
1310 2267 1412 2313 inde

22 2334 211 2389 habebo,
235 2333 432 2378 dicturus
453 2348 496 2377 es
519 2335 646 2377 PJam
669 2333 749 2377 tibi
771 2334 1091 2379 commendavit
1103 2335 1175 2379 ille
1189 2352 1319 2396 quem
1332 2336 1413 2382 foe-

23 2420 163 2460 ueras,
189 2403 298 2464 quid
318 2403 396 2448 tibi
413 2403 534 2448 dabit
561 2423 570 2449 z
594 2403 727 2448 vitam
755 2414 963 2449 aeternam
995 2404 1117 2450 dabit
1141 2407 1241 2461 tibi,
1268 2407 1323 2451 da
1348 2407 1412 2452 illi

24 2490 215 2520 securus.
237 2473 353 2519 Audi
376 2483 420 2518 et
448 2473 495 2518 id
515 2473 635 2534 quod
657 2475 852 2534 sequitur
874 2494 882 2518 :
913 2494 933 2516 «
958 2474 1135 2520 Declina
1157 2493 1178 2520 a
1201 2476 1342 2534 malo,
1367 2487 1412 2523 et

75 2566 82 2582 ¹
106 2558 172 2592 Gal.
195 2569 238 2600 vu,
256 2569 288 2600 ς).
311 2575 350 2580 -
371 2565 383 2580 2
402 2566 421 2590 2
439 2559 499 2590 Cos
529 2569 574 2599 lx,
591 2557 623 2590 6.
642 2573 680 2581 --
696 2556 709 2580 3
729 2557 809 2590 Psal.
830 2568 923 2599 cxxv,
943 2557 976 2590 6.
997 2576 1038 2582 —
1056 2558 1132 2592 41d.
1153 2571 1262 2604 xxxvi,
1278 2570 1333 2603 27.
