1841 3223
347 165 429 204 498
787 175 821 202 s.
857 176 1086 204 ,incusum
1119 177 1299 203 EPlSCOPl

346 260 366 282 »
402 249 504 284 sunt
525 241 604 284 ista
633 240 918 284 novissima1·.²
944 260 962 282 υ
997 246 1101 294 Quae
1118 278 1129 299 ,
1155 241 1235 285 nisi
1264 257 1364 301 quae
1391 242 1549 286 seimus
1565 243 1655 302 jani
1686 242 1732 285 in

342 309 580 368 Evangelio
602 310 919 369 praenuntiata?
933 331 953 352 «
971 313 1084 355 Cum
1107 312 1222 355 enim
1244 312 1412 356 venerit
1433 312 1568 356 Filius
1589 312 1731 357 homi-

348 401 365 422 »
402 381 467 424 nis
484 415 494 435 ,
527 380 914 439 congregabuntur
937 390 1037 425 ante
1060 397 1158 425 eum
1178 397 1327 426 omnes
1350 392 1522 441 gentes3
1548 393 1591 427 et
1606 399 1732 443 sepa-

344 470 365 492 »
401 452 516 496 rabit
537 467 630 506 eos,
661 452 773 496 sicut
808 462 953 512 pastor
983 462 1180 511 segregat
1217 469 1317 498 oves
1348 454 1403 498 ab
1438 454 1606 510 hoedis,
1632 470 1733 499 oves

342 539 364 564 »
400 531 534 581 ponet
555 520 611 565 ad
635 521 854 566 dexteram
870 558 880 578 ,
918 523 1072 567 hoedos
1102 523 1156 567 ad
1179 523 1440 569 sinist1-am2.
1469 543 1488 565 »
1513 527 1626 569 Ecce
1641 526 1733 585 jam

338 592 402 636 illi
423 593 589 652 Ziphaei
610 594 930 653 separabuntur
956 614 964 639 ;
985 595 1160 638 [lamma
1182 596 1381 656 sequitur
1398 596 1728 655 separationem.

339 663 424 708 [bi
447 673 510 708 est
542 664 620 708 flos
639 680 790 708 eorum
815 665 889 724 qui
916 666 1006 724 jam
1035 664 1089 708 ad
1111 665 1324 712 siz-Lstram
1347 667 1556 711 stabunt?
1576 669 1733 724 Nonne

337 743 444 778 tunc
461 734 767 792 ingemiscent:
781 738 936 780 Nonne
955 744 1060 779 tunc
1076 751 1167 779 sera
1182 737 1439 795 poenitentia
1457 737 1733 798 torquebun-

337 814 425 860 tur,
453 814 497 850 et
518 805 664 850 dicent
684 826 692 849 :
720 826 739 847 «
765 804 881 858 Quid
905 805 1029 849 nohis
1054 804 1219 865 profuit
1241 808 1469 866 superbia,
1495 817 1538 851 et
1560 806 1732 852 divitia-

340 894 361 917 »
399 891 493 920 rum
517 876 726 937 jactantia
754 875 860 935 quid
882 875 1069 920 contulit
1089 876 1246 921 nohis?
1277 878 1559 922 'l'ransierunt
1585 879 1731 923 omnia

340 965 360 988 »
396 946 468 991 illa
489 956 697 1007 tanquam
715 947 917 991 umhrass.
943 965 961 987 »
982 949 1019 990 O
1044 947 1208 1006 Ziphaei
1231 947 1286 991 ad
1309 949 1518 993 sinistram
1541 958 1727 1004 stantes,

335 1034 431 1063 sero
461 1019 646 1079 poenitet
667 1034 742 1063 vos
762 1019 806 1062 in
830 1018 985 1062 umbra
1008 1019 1218 1063 ssoruisse.
1245 1022 1389 1072 Quare
1414 1020 1573 1075 David,
1599 1036 1731 1080 quem

334 1089 585 1150 prodebatis
608 1090 722 1134 inter
743 1105 818 1134 vos
835 1089 969 1133 latere
986 1124 996 1144 ,
1020 1106 1110 1134 non
1128 1091 1451 1148 agnoscebatis?
1471 1094 1593 1136 Tunc
1614 1091 1731 1135 enim

334 1161 369 1205 si
400 1160 750 1220 corrigeremini,
785 1159 911 1204 dolor
934 1160 1012 1204 iste
1043 1161 1342 1206 infructuosus
1372 1177 1461 1206 non
1493 1171 1616 1206 esset.
1654 1163 1732 1206 Est

334 1232 451 1277 enim
473 1231 599 1277 dolor
615 1231 879 1286 stuctuoSUS‚
907 1241 970 1275 est
988 1231 1285 1276 infructuosus
1303 1252 1311 1277 :
1331 1232 1581 1278 fructuosus
1604 1233 1731 1278 dolor

333 1319 452 1348 nunc
475 1313 539 1348 est
565 1319 666 1348 cum
704 1313 744 1348 te
777 1318 972 1356 accusas,
997 1318 1099 1346 cum
1133 1303 1179 1346 in
1209 1313 1252 1347 te
1283 1303 1563 1363 reprehendis
1594 1303 1731 1349 malos

333 1389 475 1418 mores
499 1383 594 1418 tuos
609 1409 620 1429 ,
646 1389 747 1418 cum
766 1373 1048 1433 reprehensos
1072 1374 1341 1433 persequeris
1355 1409 1365 1428 ‚
1387 1383 1636 1433 persecutos
1654 1390 1729 1418 ex-

333 1445 473 1490 cludis
491 1481 502 1501 ,
528 1445 699 1506 illisque
722 1444 902 1489 exclusis
932 1445 1139 1500 mutaris,
1171 1460 1330 1489 exuens
1360 1454 1401 1490 te
1428 1454 1616 1489 veterem
1649 1446 1730 1490 ho-

332 1517 495 1561 minem
527 1527 571 1561 et
603 1516 790 1560 induens
817 1531 981 1560 novum
998 1551 1008 1570 ‚
1035 1515 1199 1574 eligens
1218 1516 1360 1575 potius
1383 1517 1544 1561 Christi
1566 1532 1729 1576 oppro-

334 1588 480 1633 brium
510 1603 643 1648 quam
671 1588 824 1632 ssorem
849 1587 1142 1646 Ziphaeorum.
1170 1591 1305 1632 Porro
1327 1588 1361 1631 si
1388 1587 1470 1631 tibi
1499 1589 1730 1647 contigerit

332 1659 515 1703 habenti
530 1659 576 1702 in
598 1657 770 1702 occulto
794 1657 960 1701 honum
980 1666 1105 1701 tuum
1129 1667 1172 1702 et
1194 1657 1348 1702 latenti
1371 1658 1482 1701 inter
1507 1658 1726 1717 ziphaeos,

332 1729 514 1774 habenti
536 1729 666 1773 etiam
688 1729 734 1771 in
751 1727 923 1772 occulto
946 1728 1277 1787 promissionem
1300 1727 1511 1772 mercedis
1534 1737 1636 1784 tuae,
1657 1727 1730 1772 ali-

332 1816 420 1860 qua
443 1799 686 1844 sublimitas
711 1797 882 1853 saeculi,
910 1797 1001 1842 noli
1021 1797 1167 1842 extolli
1189 1818 1198 1842 2
1234 1814 1334 1842 nam
1360 1799 1393 1842 si
1415 1797 1552 1842 elatus
1581 1813 1634 1842 ex
1655 1797 1730 1843 illa

332 1870 481 1925 fueris,
502 1870 630 1915 cades
647 1870 693 1913 in
715 1870 866 1913 ssorem
885 1869 1179 1928 Ziphaeorum.
1202 1868 1271 1913 Sic
1295 1868 1411 1912 enim
1428 1867 1584 1912 mulier
1606 1885 1728 1928 quae-

334 1942 436 1987 dam
458 1951 604 1986 sancta
640 1942 795 1985 Esther
826 1940 870 1984 in
899 1938 973 1984 illo
998 1949 1104 1984 tunc
1128 1938 1292 1999 populo
1317 1939 1574 1984 Judaeorum
1590 1975 1600 1995 ‚
1626 1956 1728 1985 cum

333 2023 443 2058 esset
469 2029 579 2057 uxor
597 2012 706 2071 regis
730 2011 1005 2069 alienigenae,
1025 2020 1206 2055 ventum
1230 2020 1294 2055 est
1319 2010 1374 2054 ad
1397 2009 1640 2070 perieulum
1662 2012 1726 2055 ei-

332 2087 469 2141 vium,
486 2095 536 2130 ut
549 2084 855 2144 deprecaretur
870 2098 1015 2141 regem
1030 2098 1109 2142 pro
1126 2082 1294 2126 civibus
1312 2083 1397 2127 suis
1410 2103 1420 2139 3
1435 2082 1568 2142 coepit
1585 2098 1723 2139 orare,

333 2167 377 2203 et
400 2158 446 2202 in
467 2158 556 2218 ipsa
579 2156 775 2201 oratione
796 2154 991 2199 confessa
1019 2164 1081 2198 est
1102 2154 1176 2198 illa
1195 2155 1341 2198 onmia
1362 2154 1544 2212 insignia
1566 2154 1725 2214 regalia

332 2229 392 2273 sic
419 2227 501 2272 sihi
523 2243 612 2272 esse
633 2226 754 2272 velut
777 2240 971 2286 pannum
993 2234 1272 2269 menstruatae
1286 2226 1317 2268 4.
1347 2225 1389 2270 Si
1407 2225 1501 2269 haec
1523 2223 1724 2270 mulieres

332 2309 530 2360 possunt,
546 2299 627 2343 viri
649 2313 737 2343 non
753 2297 960 2357 possunt?
978 2296 1083 2340 Etsi
1105 2297 1197 2340 haec
1220 2295 1532 2356 potuitmulier
1549 2298 1573 2340 J
1581 2295 1720 2352 udaea,

333 2385 422 2415 non
444 2369 606 2430 poterit
632 2368 824 2414 Ecclesia
846 2366 1107 2412 christiana?
1124 2369 1218 2411 Hoc
1241 2382 1343 2426 ergo
1363 2365 1545 2411 dixerim
1567 2366 1722 2412 Chari-

382 2475 390 2490 ¹
414 2467 491 2499 psal.
513 2478 610 2508 mxu,
631 2477 722 2508 1-15.
745 2473 806 2487 —2
821 2464 1027 2504 Ma1111.xw,
1048 2463 1165 2495 31-33.
1185 2481 1217 2485 —-
1241 2461 1254 2486 3
1269 2466 1341 2505 Sap.
1365 2475 1397 2505 v,
1420 2463 1451 2504 8,
1467 2474 1499 2506 9.
1523 2460 1588 2493 —25
1608 2463 1722 2497 Esther

333 2535 397 2564 xlv,
427 2524 476 2556 16.
