1841 3223
351 184 434 225 254
786 195 819 221 S.
856 194 1088 223 Aucusnm
1120 195 1303 223 Eriscom

349 261 512 306 lentem
533 261 602 304 vel
626 269 895 319 gementem,
911 259 980 303 vel
1002 258 1223 303 lzetantem
1246 260 1290 303 in
1312 275 1402 319 spe,
1428 258 1496 304 vel
1518 260 1739 319 suspiran-

350 342 437 377 tem
460 331 505 375 in
530 346 575 374 re
591 365 601 385 ,
628 330 893 374 notissimam
910 330 999 389 jam
1023 339 1065 373 et
1087 329 1461 374 familiarissimam
1485 330 1646 374 habere
1669 329 1739 374 de-

350 402 518 455 bemus,
543 409 754 460 tanquam
767 409 973 445 nostram.
992 402 1089 444 Non
1114 416 1216 459 ergo
1231 399 1307 445 diu
1317 400 1712 445 estimmorandum
1725 436 1737 457 ,

351 482 401 517 ut
436 472 705 516 insinuemus
733 470 856 515 vobis
889 471 984 531 quis
1024 470 1329 531 loquaturzsit
1362 472 1661 533 unusquisque
1696 471 1742 515 in

352 544 513 589 Christi
529 558 711 603 corpore
726 578 736 598 ,
759 552 802 587 et
820 541 1027 603 loquetur
1048 543 1134 586 hie.

416 617 474 658 ΙΙ.
494 614 636 661 Nostis
647 623 793 659 autem
817 629 966 658 omnes
988 613 1064 673 qui
1085 613 1338 672 proficiunt,
1354 614 1485 674 etqui
1501 612 1667 659 coelesti
1681 612 1744 658 illi

353 686 516 731 civitati
541 685 858 745 ingemiscunt,
883 685 959 745 qui
981 684 1372 744 peregrinationem
1398 701 1520 730 suam
1550 694 1714 730 norunt
1730 720 1742 741 ‚

354 758 430 818 qui
451 758 564 802 viam
581 767 746 811 tenent,
771 757 847 818 qui
872 757 918 800 in
941 754 1153 801 desiderio
1175 765 1301 801 terrae
1322 756 1439 801 illius
1461 756 1746 802 stabilissimae

355 844 475 889 spem
500 838 707 889 tanquam
727 842 928 872 ancoram
948 827 1252 886 praefixerunt:
1271 828 1404 872 nostis
1425 843 1527 887 ergo
1543 827 1645 888 quia
1662 828 1747 872 1100

357 915 493 958 genus
525 899 756 944 hominum
773 934 783 953 ,
818 898 903 942 hoe
937 912 1085 941 semen
1119 897 1287 942 bonum
1305 933 1315 954 ,
1359 898 1442 943 hoc
1477 897 1749 942 frumentum

357 969 518 1015 Christi
549 969 662 1013 inter
685 968 846 1012 zizania
869 968 1000 1027 gemit
1020 988 1032 1026 ⁸,
1055 977 1098 1012 et
1129 967 1213 1012 hoc
1241 967 1381 1013 donec
1403 969 1550 1013 veniat
1577 977 1750 1028 tempus

357 1041 504 1084 messis
520 1076 530 1094 ,
554 1039 600 1085 id
621 1050 710 1091 est,
738 1055 876 1100 usque
904 1040 948 1083 in
976 1039 1108 1083 finem
1137 1040 1305 1095 saeculi,
1333 1040 1633 1100 sicutexponit
1650 1056 1750 1100 quae

358 1127 449 1155 non
478 1110 645 1155 fallitur
667 1111 824 1156 veritas
844 1113 877 1154 1.
900 1112 1087 1154 Gemens
1110 1125 1212 1169 ergo
1248 1110 1361 1155 inter
1383 1111 1565 1166 zizania,
1591 1109 1636 1155 id
1658 1119 1747 1166 est,

360 1181 472 1226 inter
490 1182 625 1227 malos
646 1182 866 1237 homines,
894 1182 1007 1226 inter
1025 1181 1196 1226 dolosos
1216 1192 1260 1227 et
1282 1182 1529 1227 seductores
1547 1218 1557 1238 ,
1588 1191 1664 1226 aut
1689 1182 1752 1226 ira

360 1253 641 1297 turbulentos
659 1287 671 1308 ,
698 1261 774 1296 aut
792 1252 956 1296 insidiis
978 1261 1229 1308 venenatOS,
1255 1253 1605 1313 circumspiciens
1622 1252 1754 1297 simul

360 1339 461 1367 eum
480 1321 563 1366 illis
581 1339 670 1367 esse
693 1338 736 1366 se
759 1332 967 1383 tanquam
986 1322 1030 1366 in
1045 1339 1133 1367 uno
1154 1339 1256 1382 agro
1272 1340 1346 1383 per
1363 1334 1501 1368 totum
1515 1323 1750 1379 mundum,

361 1410 495 1438 unam
529 1394 723 1454 pluviam
755 1394 974 1454 excipere,
1008 1394 1169 1454 pariter
1194 1396 1391 1454 perflari,
1418 1396 1665 1456 pariterque
1684 1411 1754 1440 se-

362 1481 462 1510 cum
486 1466 598 1510 inter
620 1464 798 1510 adversa
821 1465 1000 1520 nutriri,
1037 1465 1198 1509 habere
1230 1465 1360 1510 simul
1387 1467 1466 1511 ista
1503 1466 1755 1512 communia

362 1536 475 1580 dona
513 1535 613 1590 Dei,
645 1535 767 1579 malis
797 1535 1009 1596 bonisque
1039 1551 1241 1580 concessa
1273 1537 1564 1582 communiter
1592 1537 1647 1581 ab
1676 1535 1754 1581 illo

367 1625 388 1648 ι(
421 1606 506 1659 Qui
532 1605 638 1650 facit
663 1604 800 1650 solem
834 1621 963 1650 suum
993 1606 1094 1650 oriri
1123 1621 1253 1666 super
1281 1607 1421 1652 bonos
1450 1618 1493 1652 et
1519 1607 1656 1653 malos
1673 1643 1684 1663 ,
1712 1616 1756 1652 et

365 1696 385 1719 »
422 1677 535 1737 pluit
566 1693 696 1737 super
724 1678 862 1737 justos
894 1686 938 1721 et
968 1677 1150 1737 injustos
1167 1681 1198 1720 2.
1231 1696 1250 1718 »
1277 1678 1440 1722 Videns
1474 1694 1574 1737 ergo
1608 1694 1756 1723 semen

362 1749 578 1803 Abrahae,
615 1763 762 1791 semen
791 1755 1016 1802 sanctum,
1049 1756 1212 1808 quanta
1247 1764 1349 1793 cum
1377 1748 1499 1793 malis
1533 1765 1557 1794 a
1595 1749 1756 1810 quibus

362 1818 631 1879 quandoque
648 1817 939 1878 separandum
955 1827 1017 1862 est
1030 1833 1147 1861 nune
1157 1817 1316 1862 habeat
1330 1818 1592 1876 communia,
1609 1836 1757 1880 aequa-

362 1891 461 1934 liter
482 1889 625 1945 nasci,
651 1888 849 1933 eamdem
872 1888 1168 1933 conditionem
1192 1889 1359 1947 generis
1376 1889 1557 1934 humani
1580 1891 1721 1936 sortiri
1741 1926 1753 1948 ,

362 1962 526 2022 pariter
546 1959 744 2005 mortalia
774 1959 886 2004 ferre
909 1976 1112 2020 corpora,
1145 1959 1274 2005 simul
1301 1961 1364 2005 uti
1387 1960 1504 2018 luce,
1531 1962 1726 2008 fontibus
1742 1999 1753 2020 ,

366 2032 601 2086 fructibus,
615 2031 976 2091 prosperitatibus
1001 2040 1131 2092 atque
1142 2030 1475 2077 adversitatibus
1492 2033 1653 2089 saeeuli,
1670 2035 1758 2080 sive

363 2102 507 2158 fame,
529 2102 617 2147 sive
634 2100 903 2146 abundantia
921 2135 931 2156 ,
958 2101 1045 2145 sive
1067 2116 1195 2160 pace,
1216 2101 1303 2146 sive
1319 2101 1460 2158 bello,
1483 2104 1570 2148 sive
1592 2103 1754 2160 salute,

364 2173 454 2218 sive
475 2181 620 2233 peste,
644 2171 794 2217 videns
817 2180 980 2231 quanta
1008 2171 1167 2215 habeat
1194 2173 1443 2217 communia
1475 2189 1575 2218 eum
1599 2173 1722 2218 malis
1741 2208 1754 2231 ,

364 2259 465 2289 cum
479 2243 637 2304 quibus
660 2251 807 2286 tamen
828 2257 917 2286 non
939 2241 1071 2286 habet
1094 2257 1266 2286 causam
1280 2259 1584 2300 communem,
1617 2260 1760 2289 erum-

365 2315 486 2374 pitin
502 2315 616 2359 hanc
627 2329 779 2359 vocem
798 2333 809 2361 ς
825 2313 1013 2358 »Judica
1034 2328 1104 2357 me
1126 2316 1264 2370 Deus,
1291 2324 1334 2360 et
1365 2314 1560 2360 discerne
1585 2331 1759 2361 causam

366 2403 387 2427 »
422 2401 564 2430 meam
582 2384 637 2430 de
656 2394 784 2444 gente
795 2400 884 2429 non
903 2393 1050 2428 saneta
1065 2386 1096 2427 ³.
1120 2387 1143 2428 J
1148 2384 1290 2437 udica,
1316 2385 1481 2446 inquit,
1495 2402 1564 2430 me
1577 2390 1691 2431 Deus
1708 2404 1753 2431 ε»

312 2459 319 2471 ‘
364 2471 454 2502 non
472 2457 604 2504 timeo
614 2455 830 2517 judicium
846 2465 973 2500 tuum
991 2490 1001 2512 ,
1023 2455 1125 2516 quia
1149 2456 1251 2500 novi
1267 2456 1602 2504 misericordiam
1615 2467 1751 2503 tuam.

418 2547 428 2564 ¹
446 2540 560 2575 Matth.
587 2552 652 2583 xm,
674 2541 722 2573 18.
740 2558 782 2564 —
804 2540 878 2573 ²1d.
898 2551 931 2582 v,
950 2538 1005 2582 45.
1029 2553 1070 2564 --
1091 2538 1200 2573 ³Psal.
1218 2552 1291 2582 un,
1315 2552 1342 2572 1.
