1841 3223
394 209 479 250 406
820 220 853 248 S.
893 220 1123 249 Acocs‘nm
1155 222 1351 249 Emscorr.

394 304 415 327 »
451 284 687 329 descendat
701 285 755 328 de
777 288 945 329 c1·ucc¹.
966 304 985 327 »
1003 285 1212 331 Occultus
1226 301 1327 345 ergo
1341 295 1433 331 erat
1445 289 1559 331 Deus
1579 287 1780 342 deorum,

392 365 434 400 et
455 370 581 399 voces
612 354 770 399 edebat
804 355 940 414 magis
967 372 1019 399 ex
1045 357 1343 416 compassione
1374 366 1545 412 nostra,
1577 372 1709 416 quam
1734 371 1785 400 ex

391 426 613 484 majestate
641 440 732 469 sua.
770 424 895 469 Unde
923 426 1038 470 enim
1069 426 1154 470 illae
1183 442 1336 482 voces,
1366 427 1446 471 nisi
1478 442 1529 471 ex
1554 426 1680 470 nobis
1714 442 1784 471 as-

391 505 577 555 sumptae
598 516 606 541 :
632 514 651 537 «
673 498 808 550 Deus,
834 498 948 540 Deus
969 511 1113 552 meuS,
1139 496 1299 557 utquid
1323 512 1393 541 me
1415 496 1744 557 dereliquisti2?
1760 515 1781 539 »

390 566 579 621 Quando
593 576 738 611 autem
753 571 880 612 Pater
894 568 1055 612 Filium
1070 567 1320 627 dereliquit,
1337 576 1412 611 aut
1430 566 1565 611 Filius
1583 571 1754 612 Patrem
1767 570 1786 609 ‘?

391 642 546 685 Nonne
567 655 682 683 unus
712 642 825 683 Deus
843 674 854 694 ,
884 638 1019 683 Filius
1042 647 1086 682 et
1117 642 1244 682 Pater
1257 641 1275 681 ⁶?
1299 642 1454 684 Nonne
1479 638 1751 683 verissimum
1773 658 1781 682 ε

395 730 416 752 «
451 713 543 768 Ego
565 719 609 754 ct
628 714 754 754 Pater
775 725 913 753 unum
930 711 1120 753 sumus3.
1140 727 1159 750 »
1189 708 1313 753 Unde
1335 725 1461 769 ergo,
1483 712 1649 764 «Deus,
1672 712 1786 753 Deus

394 799 416 823 »
451 796 595 836 meus,
616 779 775 841 utquid
802 795 871 823 me
898 778 1190 839 dereliquisti:
1212 798 1230 821 »
1254 780 1334 824 nisi
1359 780 1461 840 quia
1492 780 1537 824 in
1565 795 1694 825 carne
1715 779 1785 824 in-

392 853 608 897 firmitatis
641 852 955 909 agnoscebatur
975 867 1059 895 vox
1083 852 1356 911 peccatoris?
1382 852 1467 905 Qui
1494 852 1611 895 enim
1639 867 1786 896 susec-

392 925 457 983 pit
487 922 816 967 similitudinem
851 921 990 966 carnis
1013 922 1224 980 pcccati4,
1250 938 1329 966 cur
1351 938 1441 967 non
1463 922 1698 982 susciperet
1729 922 1786 966 si-

392 993 686 1038 militudinem
716 992 833 1036 vocis
860 993 1055 1051 peccati?
1079 991 1288 1037 Occultus
1313 1007 1414 1051 ergo
1437 996 1552 1037 Deus
1576 992 1758 1037 deorum
1773 1027 1785 1048 ,

394 1074 439 1109 et
459 1080 561 1109 cum
578 1064 691 1108 inter
708 1064 906 1109 homines
923 1063 1180 1119 ambulavit,
1202 1073 1246 1108 et
1265 1079 1367 1108 cum
1383 1064 1562 1108 esurivit
1581 1073 1624 1107 et
1637 1063 1784 1119 sitivit,

393 1145 555 1181 etcum
578 1134 782 1193 fatigatus
808 1133 944 1190 sedit,
970 1144 1014 1179 et
1034 1150 1135 1179 cum
1158 1135 1313 1180 lassato
1341 1150 1523 1195 corpore
1552 1134 1785 1189 dormivit,

395 1217 555 1252 etcum
584 1207 900 1266 apprehenSUS,
927 1215 970 1250 et
986 1221 1086 1250 cum
1115 1205 1379 1265 flagellatus,
1402 1216 1446 1251 et
1470 1221 1571 1251 cum
1596 1214 1696 1250 ante
1710 1206 1787 1265 ju-

394 1279 537 1324 dicem
560 1279 725 1338 positus
741 1313 751 1332 ,
779 1287 822 1321 et
843 1293 945 1321 cum
969 1277 1237 1337 superbienti
1260 1276 1484 1337 respondit
1503 1293 1511 1318 ε
1541 1296 1560 1318 «
1586 1278 1683 1322 Non
1706 1276 1788 1319 ha—

397 1368 418 1392 »
454 1349 578 1394 beres
594 1350 640 1393 in
662 1364 732 1392 me
755 1357 1036 1407 potestatem,
1058 1348 1139 1392 nisi
1160 1347 1262 1392 data
1282 1347 1432 1392 fuisset
1453 1347 1663 1406 desuper⁵
1683 1366 1690 1391 :
1709 1364 1728 1386 n
1745 1355 1789 1390 et

392 1421 514 1482 quod
535 1421 693 1465 ductus
715 1419 771 1464 ad
792 1420 1030 1474 victimam,
1053 1435 1198 1464 coram
1222 1419 1435 1464 tondente
1458 1434 1501 1463 se
1515 1434 1604 1463 non
1619 1417 1790 1478 aperuit

394 1509 441 1538 os
467 1508 595 1537 suum
609 1494 642 1547 ⁶,
669 1501 712 1536 et
736 1490 855 1552 quod
882 1491 1135 1546 crucifixus,
1162 1501 1206 1535 et
1233 1491 1354 1552 quod
1376 1490 1571 1550 sepultus
1586 1525 1596 1545 ,
1620 1504 1790 1548 semper

393 1564 592 1610 occultus
617 1566 732 1608 Deus
763 1563 962 1607 deorum.
985 1562 1098 1616 Quid
1119 1572 1403 1623 posteaquam
1427 1561 1683 1606 resurrexit?
1706 1560 1791 1604 Mi-

393 1637 474 1680 rati
497 1634 720 1694 Discipuli,
747 1643 790 1678 et
812 1634 952 1693 primo
975 1649 1064 1678 non
1087 1633 1386 1689 crediderunt,
1403 1633 1542 1678 donec
1562 1641 1790 1690 tangerent

393 1716 524 1767 atque
545 1705 813 1765 palparenff.
835 1704 919 1749 Sed
932 1720 1032 1749 caro
1051 1714 1354 1758 resurrexerat,
1374 1704 1475 1764 quia
1501 1719 1600 1748 caro
1617 1711 1790 1746 mortua

392 1787 513 1822 erat:
548 1775 752 1819 divinitas
785 1791 885 1835 quae
914 1776 1025 1819 mori
1059 1791 1149 1819 non
1180 1784 1377 1833 poterat,
1408 1775 1552 1819 adhuc
1584 1773 1714 1817 etiam
1743 1772 1789 1815 in

391 1863 521 1893 carne
537 1847 799 1905 resurgentis
816 1845 996 1890 latebat.
1012 1846 1161 1889 Videri
1174 1846 1313 1890 forma
1331 1845 1492 1903 potuit,
1507 1845 1644 1888 teneri
1657 1859 1792 1887 mem-

391 1919 487 1971 bra,
501 1916 666 1976 palpari
679 1915 921 1959 cicatrices:
942 1913 1136 1957 verbum
1152 1929 1230 1972 per
1245 1913 1365 1973 quod
1380 1913 1492 1957 facta
1511 1922 1613 1957 sunt
1624 1913 1786 1968 omnia,

392 1988 489 2049 quis
516 1984 664 2029 videt?
693 1984 789 2044 quis
815 1985 957 2027 tenet?
980 1983 1076 2042 quis
1099 1982 1279 2042 palpat?
1303 1986 1359 2028 Et
1381 1992 1527 2027 tamen
1550 2002 1569 2024 «
1594 1982 1789 2026 Verbum

394 2078 416 2102 »
451 2073 551 2103 caro
565 2057 730 2100 factum
754 2064 832 2109 est,
854 2064 898 2098 et
918 2055 1133 2099 habitavit
1153 2055 1197 2100 in
1216 2055 1381 2099 nobisss.
1405 2073 1423 2096 »
1443 2057 1500 2098 Et
1521 2054 1597 2114 qui
1612 2054 1790 2098 tenebat

390 2129 614 2175 hominem
639 2127 842 2181 Thomas,
865 2124 1139 2184 intelligebat
1162 2134 1211 2168 ut
1233 2134 1405 2185 poterat
1429 2128 1582 2169 Deum.
1603 2123 1790 2184 Palpatis

392 2200 507 2244 enim
533 2197 828 2251 cicatricibus,
855 2194 1111 2239 exclamavit
1137 2215 1145 2240 :
1174 2214 1196 2238 (ε
1221 2195 1433 2239 Dominus
1457 2210 1579 2239 meus
1603 2203 1647 2238 et
1674 2198 1789 2238 Deus

393 2290 415 2313 »
450 2271 613 2314 meus⁹.
649 2287 668 2310 »
705 2266 976 2312 Ostendebat
1016 2275 1164 2310 tamen
1196 2266 1407 2311 Dominus
1441 2280 1536 2309 eam
1574 2263 1758 2309 formam
1774 2299 1784 2318 ,

391 2355 577 2401 eamque
599 2354 795 2393 carnem,
821 2352 955 2398 quam
981 2337 1027 2380 in
1051 2352 1178 2381 cruce
1198 2336 1422 2392 viderant,
1448 2351 1549 2396 quae
1573 2336 1618 2380 in
1637 2334 1786 2394 sepul-

438 2461 447 2477 ¹
480 2455 603 2488 Matth.
630 2465 740 2495 xxvn,
761 2453 814 2496 39.
836 2470 878 2475 -—
898 2459 911 2475 ²
939 2452 1018 2484 Psat.
1044 2463 1109 2492 xxi,
1134 2461 1168 2493 2,
1188 2456 1222 2485 et
1255 2452 1371 2485 Matth.
1392 2463 1496 2492 xxvn,
1519 2450 1574 2493 46.
1599 2467 1640 2472 —
1661 2448 1673 2472 3
1691 2451 1782 2481 Joan.

390 2522 432 2553 x,
454 2511 507 2543 30.
527 2528 569 2533 —
589 2509 605 2539 4
630 2513 723 2542 Rom.
744 2521 822 2548 vm,
853 2509 883 2540 3.
903 2526 944 2531 -
963 2508 977 2532 ⁵
996 2511 1087 2540 Joan.
1110 2519 1185 2549 xm,
1205 2521 1255 2542 11.
1280 2526 1321 2532 --
1339 2507 1353 2530 6
1379 2510 1440 2541 Isai'
1457 2519 1531 2548 un,
1554 2518 1585 2548 7.
1607 2523 1649 2529 —-
1673 2513 1686 2539 7
1704 2508 1781 2538 Luc.

390 2578 474 2608 xxlv,
490 2566 543 2608 37.
567 2583 607 2588 —
627 2564 641 2588 8
665 2569 755 2597 Joan.
776 2577 801 2606 1,
825 2565 936 2607 144-
952 2565 1028 2596 91d.
1050 2575 1106 2605 xx,
1122 2564 1178 2596 28.
