<?xml version="1.0" encoding="UTF-8"?>
<!DOCTYPE html PUBLIC "-//W3C//DTD XHTML 1.0 Transitional//EN"
    "http://www.w3.org/TR/xhtml1/DTD/xhtml1-transitional.dtd">
<html xmlns="http://www.w3.org/1999/xhtml" xml:lang="en" lang="en">
 <head>
  <title>
</title>
<meta http-equiv="Content-Type" content="text/html;charset=utf-8" />
  <meta name='ocr-system' content='tesseract 3.04.00' />
  <meta name='ocr-capabilities' content='ocr_page ocr_carea ocr_par ocr_line ocrx_word'/>
</head>
<body>
  <div class='ocr_page' id='page_1' title='image "./operaomniaaccura08auguuoft_0354.png"; bbox 0 0 1841 3223; ppageno 0'>
   <div class='ocr_carea' id='block_1_1' title="bbox 371 188 1327 228">
    <p class='ocr_par' dir='ltr' id='par_1_1' title="bbox 371 188 1327 228">
     <span class='ocr_line' id='line_1_1' title="bbox 371 188 1327 228; baseline -0.002 0"><span class='ocrx_word' id='word_1_1' title='bbox 371 188 456 228; x_wconf 77' lang='lat'><strong>340</strong></span> <span class='ocrx_word' id='word_1_2' title='bbox 810 197 843 224; x_wconf 89' lang='lat' dir='ltr'><strong>s.</strong></span> <span class='ocrx_word' id='word_1_3' title='bbox 882 197 1111 225; x_wconf 69' lang='lat' dir='ltr'><strong>Ace-cs&#39;mm</strong></span> <span class='ocrx_word' id='word_1_4' title='bbox 1146 200 1327 227; x_wconf 80' lang='lat' dir='ltr'><strong>EPlSCOP1</strong></span> 
     </span>
    </p>
   </div>
   <div class='ocr_carea' id='block_1_2' title="bbox 364 261 1773 2442">
    <p class='ocr_par' dir='ltr' id='par_1_2' title="bbox 364 261 1768 1311">
     <span class='ocr_line' id='line_1_2' title="bbox 366 261 1759 322; baseline -0.003 -14"><span class='ocrx_word' id='word_1_5' title='bbox 366 264 486 308; x_wconf 84' lang='lat' dir='ltr'><strong>vobis</strong></span> <span class='ocrx_word' id='word_1_6' title='bbox 511 263 640 321; x_wconf 78' lang='lat' dir='ltr'><strong>pedes</strong></span> <span class='ocrx_word' id='word_1_7' title='bbox 655 296 665 315; x_wconf 94' lang='lat'><strong>,</strong></span> <span class='ocrx_word' id='word_1_8' title='bbox 696 277 784 321; x_wconf 80' lang='lat' dir='ltr'><strong>quo</strong></span> <span class='ocrx_word' id='word_1_9' title='bbox 807 262 947 306; x_wconf 87' lang='lat' dir='ltr'><strong>occiso</strong></span> <span class='ocrx_word' id='word_1_10' title='bbox 970 271 1013 305; x_wconf 84' lang='lat' dir='ltr'><strong>et</strong></span> <span class='ocrx_word' id='word_1_11' title='bbox 1040 261 1211 322; x_wconf 82' lang='lat' dir='ltr'><strong>sepulto</strong></span> <span class='ocrx_word' id='word_1_12' title='bbox 1233 278 1353 322; x_wconf 86' lang='lat' dir='ltr'><strong>spem</strong></span> <span class='ocrx_word' id='word_1_13' title='bbox 1380 263 1504 307; x_wconf 83' lang='lat' dir='ltr'><strong>vobis</strong></span> <span class='ocrx_word' id='word_1_14' title='bbox 1526 261 1759 322; x_wconf 69' lang='lat' dir='ltr'>perdidisse</span> 
     </span>
     <span class='ocr_line' id='line_1_3' title="bbox 366 333 1761 393; baseline -0.001 -17"><span class='ocrx_word' id='word_1_15' title='bbox 366 333 608 393; x_wconf 66' lang='lat' dir='ltr'><strong>putabatis,</strong></span> <span class='ocrx_word' id='word_1_16' title='bbox 629 348 728 376; x_wconf 89' lang='lat' dir='ltr'><strong>ecce</strong></span> <span class='ocrx_word' id='word_1_17' title='bbox 745 333 835 391; x_wconf 87' lang='lat' dir='ltr'><strong>ipse</strong></span> <span class='ocrx_word' id='word_1_18' title='bbox 849 342 912 376; x_wconf 81' lang='lat' dir='ltr'><strong>est</strong></span> <span class='ocrx_word' id='word_1_19' title='bbox 933 335 1070 377; x_wconf 89' lang='lat' dir='ltr'><strong>Jesus.</strong></span> <span class='ocrx_word' id='word_1_20' title='bbox 1098 333 1303 377; x_wconf 73' lang='lat' dir='ltr'><strong>Ascendit</strong></span> <span class='ocrx_word' id='word_1_21' title='bbox 1325 343 1426 377; x_wconf 82' lang='lat' dir='ltr'><strong>ante</strong></span> <span class='ocrx_word' id='word_1_22' title='bbox 1447 349 1538 388; x_wconf 77' lang='lat' dir='ltr'><strong>vos,</strong></span> <span class='ocrx_word' id='word_1_23' title='bbox 1556 353 1574 375; x_wconf 88' lang='lat'>«</span> <span class='ocrx_word' id='word_1_24' title='bbox 1601 333 1668 377; x_wconf 87' lang='lat' dir='ltr'><strong>Sic</strong></span> <span class='ocrx_word' id='word_1_25' title='bbox 1686 346 1761 375; x_wconf 90' lang='lat' dir='ltr'><strong>vc-</strong></span> 
     </span>
     <span class='ocr_line' id='line_1_4' title="bbox 369 401 1757 462; baseline 0 -17"><span class='ocrx_word' id='word_1_26' title='bbox 369 423 388 445; x_wconf 90' lang='lat'>»</span> <span class='ocrx_word' id='word_1_27' title='bbox 415 404 504 446; x_wconf 87' lang='lat' dir='ltr'><strong>niet</strong></span> <span class='ocrx_word' id='word_1_28' title='bbox 521 401 892 462; x_wconf 81' lang='lat' dir='ltr'><strong>quemadmodum</strong></span> <span class='ocrx_word' id='word_1_29' title='bbox 915 418 1016 447; x_wconf 85' lang='lat' dir='ltr'><strong>eum</strong></span> <span class='ocrx_word' id='word_1_30' title='bbox 1039 402 1194 448; x_wconf 86' lang='lat' dir='ltr'><strong>videtis</strong></span> <span class='ocrx_word' id='word_1_31' title='bbox 1215 414 1390 448; x_wconf 88' lang='lat' dir='ltr'><strong>euntem</strong></span> <span class='ocrx_word' id='word_1_32' title='bbox 1414 404 1459 447; x_wconf 89' lang='lat' dir='ltr'><strong>in</strong></span> <span class='ocrx_word' id='word_1_33' title='bbox 1481 402 1643 447; x_wconf 88' lang='lat' dir='ltr'><strong>coelum</strong></span> <span class='ocrx_word' id='word_1_34' title='bbox 1658 403 1671 427; x_wconf 85' lang='lat'><strong>¹</strong></span> <span class='ocrx_word' id='word_1_35' title='bbox 1698 421 1707 446; x_wconf 73' lang='grc' dir='ltr'>ε</span> <span class='ocrx_word' id='word_1_36' title='bbox 1736 419 1757 442; x_wconf 82' lang='grc'><strong>))</strong></span> 
     </span>
     <span class='ocr_line' id='line_1_5' title="bbox 367 471 1762 533; baseline -0.001 -16"><span class='ocrx_word' id='word_1_37' title='bbox 367 471 534 517; x_wconf 86' lang='lat' dir='ltr'><strong>tollitur</strong></span> <span class='ocrx_word' id='word_1_38' title='bbox 551 471 730 532; x_wconf 86' lang='lat' dir='ltr'><strong>quidem</strong></span> <span class='ocrx_word' id='word_1_39' title='bbox 752 487 908 532; x_wconf 88' lang='lat' dir='ltr'><strong>corpus</strong></span> <span class='ocrx_word' id='word_1_40' title='bbox 922 472 977 517; x_wconf 88' lang='lat' dir='ltr'><strong>ab</strong></span> <span class='ocrx_word' id='word_1_41' title='bbox 1001 472 1137 518; x_wconf 83' lang='lat' dir='ltr'><strong>oculis</strong></span> <span class='ocrx_word' id='word_1_42' title='bbox 1149 473 1322 528; x_wconf 83' lang='lat' dir='ltr'><strong>vestris,</strong></span> <span class='ocrx_word' id='word_1_43' title='bbox 1343 474 1419 518; x_wconf 87' lang='lat' dir='ltr'><strong>sed</strong></span> <span class='ocrx_word' id='word_1_44' title='bbox 1438 488 1526 518; x_wconf 93' lang='lat' dir='ltr'><strong>non</strong></span> <span class='ocrx_word' id='word_1_45' title='bbox 1541 480 1762 533; x_wconf 83' lang='lat' dir='ltr'><strong>separatur</strong></span> 
     </span>
     <span class='ocr_line' id='line_1_6' title="bbox 364 541 1763 598; baseline -0.003 -10"><span class='ocrx_word' id='word_1_46' title='bbox 364 546 478 588; x_wconf 91' lang='lat' dir='ltr'><strong>Deus</strong></span> <span class='ocrx_word' id='word_1_47' title='bbox 501 559 524 586; x_wconf 83' lang='lat' dir='ltr'>a</span> <span class='ocrx_word' id='word_1_48' title='bbox 546 541 750 587; x_wconf 83' lang='lat' dir='ltr'>cordibus</span> <span class='ocrx_word' id='word_1_49' title='bbox 772 543 924 587; x_wconf 88' lang='lat' dir='ltr'><strong>vestris</strong></span> <span class='ocrx_word' id='word_1_50' title='bbox 955 563 964 588; x_wconf 73' lang='grc' dir='ltr'>ε</span> <span class='ocrx_word' id='word_1_51' title='bbox 985 541 1130 587; x_wconf 79' lang='lat' dir='ltr'><strong>videte</strong></span> <span class='ocrx_word' id='word_1_52' title='bbox 1163 542 1493 598; x_wconf 80' lang='lat' dir='ltr'><strong>ascendentem,</strong></span> <span class='ocrx_word' id='word_1_53' title='bbox 1521 541 1686 588; x_wconf 85' lang='lat' dir='ltr'><strong>credite</strong></span> <span class='ocrx_word' id='word_1_54' title='bbox 1717 541 1763 584; x_wconf 88' lang='lat' dir='ltr'><strong>in</strong></span> 
     </span>
     <span class='ocr_line' id='line_1_7' title="bbox 364 611 1765 673; baseline -0.001 -16"><span class='ocrx_word' id='word_1_55' title='bbox 364 613 586 657; x_wconf 81' lang='lat' dir='ltr'><strong>absentem</strong></span> <span class='ocrx_word' id='word_1_56' title='bbox 596 648 606 667; x_wconf 93' lang='lat'><strong>,</strong></span> <span class='ocrx_word' id='word_1_57' title='bbox 622 623 789 673; x_wconf 79' lang='lat' dir='ltr'><strong>sperate</strong></span> <span class='ocrx_word' id='word_1_58' title='bbox 802 614 1050 658; x_wconf 88' lang='lat' dir='ltr'><strong>venientem</strong></span> <span class='ocrx_word' id='word_1_59' title='bbox 1063 634 1074 670; x_wconf 73' lang='lat'>3</span> <span class='ocrx_word' id='word_1_60' title='bbox 1089 612 1164 657; x_wconf 87' lang='lat' dir='ltr'><strong>sed</strong></span> <span class='ocrx_word' id='word_1_61' title='bbox 1178 622 1323 657; x_wconf 80' lang='lat' dir='ltr'><strong>tamen</strong></span> <span class='ocrx_word' id='word_1_62' title='bbox 1336 629 1413 672; x_wconf 89' lang='lat' dir='ltr'><strong>per</strong></span> <span class='ocrx_word' id='word_1_63' title='bbox 1424 611 1765 657; x_wconf 79' lang='lat' dir='ltr'><strong>misericordiam</strong></span> 
     </span>
     <span class='ocr_line' id='line_1_8' title="bbox 365 681 1764 743; baseline -0.001 -15"><span class='ocrx_word' id='word_1_64' title='bbox 365 683 582 729; x_wconf 82' lang='lat' dir='ltr'><strong>occultam</strong></span> <span class='ocrx_word' id='word_1_65' title='bbox 603 685 732 728; x_wconf 86' lang='lat' dir='ltr'><strong>etiam</strong></span> <span class='ocrx_word' id='word_1_66' title='bbox 751 685 906 728; x_wconf 85' lang='lat' dir='ltr'><strong>sentite</strong></span> <span class='ocrx_word' id='word_1_67' title='bbox 930 692 1206 743; x_wconf 62' lang='lat' dir='ltr'><strong>praesentem.</strong></span> <span class='ocrx_word' id='word_1_68' title='bbox 1232 682 1311 726; x_wconf 88' lang='lat' dir='ltr'><strong>Ille</strong></span> <span class='ocrx_word' id='word_1_69' title='bbox 1333 683 1451 726; x_wconf 89' lang='lat' dir='ltr'><strong>enim</strong></span> <span class='ocrx_word' id='word_1_70' title='bbox 1473 683 1551 743; x_wconf 92' lang='lat' dir='ltr'><strong>qui</strong></span> <span class='ocrx_word' id='word_1_71' title='bbox 1568 681 1764 735; x_wconf 77' lang='lat' dir='ltr'><strong>ascendit</strong></span> 
     </span>
     <span class='ocr_line' id='line_1_9' title="bbox 364 751 1765 813; baseline -0.004 -14"><span class='ocrx_word' id='word_1_72' title='bbox 364 755 411 799; x_wconf 88' lang='lat' dir='ltr'><strong>in</strong></span> <span class='ocrx_word' id='word_1_73' title='bbox 432 753 621 810; x_wconf 84' lang='lat' dir='ltr'><strong>coelum,</strong></span> <span class='ocrx_word' id='word_1_74' title='bbox 647 764 699 798; x_wconf 87' lang='lat' dir='ltr'><strong>ut</strong></span> <span class='ocrx_word' id='word_1_75' title='bbox 723 754 947 799; x_wconf 78' lang='lat' dir='ltr'><strong>tolleretur</strong></span> <span class='ocrx_word' id='word_1_76' title='bbox 976 753 1031 797; x_wconf 86' lang='lat' dir='ltr'><strong>ab</strong></span> <span class='ocrx_word' id='word_1_77' title='bbox 1051 752 1187 798; x_wconf 86' lang='lat' dir='ltr'><strong>oculis</strong></span> <span class='ocrx_word' id='word_1_78' title='bbox 1209 753 1360 798; x_wconf 89' lang='lat' dir='ltr'><strong>vestris</strong></span> <span class='ocrx_word' id='word_1_79' title='bbox 1375 789 1385 808; x_wconf 93' lang='lat'><strong>,</strong></span> <span class='ocrx_word' id='word_1_80' title='bbox 1416 753 1615 813; x_wconf 86' lang='lat' dir='ltr'><strong>promisit</strong></span> <span class='ocrx_word' id='word_1_81' title='bbox 1641 751 1765 797; x_wconf 88' lang='lat' dir='ltr'><strong>vobis</strong></span> 
     </span>
     <span class='ocr_line' id='line_1_10' title="bbox 364 823 1767 885; baseline -0.001 -17"><span class='ocrx_word' id='word_1_82' title='bbox 364 824 514 870; x_wconf 87' lang='lat' dir='ltr'><strong>diceus</strong></span> <span class='ocrx_word' id='word_1_83' title='bbox 537 844 545 869; x_wconf 91' lang='lat'>:</span> <span class='ocrx_word' id='word_1_84' title='bbox 576 844 595 866; x_wconf 87' lang='lat'>«</span> <span class='ocrx_word' id='word_1_85' title='bbox 613 828 725 869; x_wconf 92' lang='lat' dir='ltr'><strong>Ecce</strong></span> <span class='ocrx_word' id='word_1_86' title='bbox 746 839 828 882; x_wconf 80' lang='lat' dir='ltr'><strong>ego</strong></span> <span class='ocrx_word' id='word_1_87' title='bbox 849 825 1075 869; x_wconf 83' lang='lat' dir='ltr'><strong>vobiscum</strong></span> <span class='ocrx_word' id='word_1_88' title='bbox 1089 840 1184 869; x_wconf 78' lang='lat' dir='ltr'><strong>suni</strong></span> <span class='ocrx_word' id='word_1_89' title='bbox 1203 840 1341 885; x_wconf 85' lang='lat' dir='ltr'><strong>usque</strong></span> <span class='ocrx_word' id='word_1_90' title='bbox 1363 825 1408 868; x_wconf 90' lang='lat' dir='ltr'><strong>in</strong></span> <span class='ocrx_word' id='word_1_91' title='bbox 1430 823 1767 869; x_wconf 83' lang='lat' dir='ltr'><strong>consummatio-</strong></span> 
     </span>
     <span class='ocr_line' id='line_1_11' title="bbox 369 894 1762 957; baseline 0.001 -19"><span class='ocrx_word' id='word_1_92' title='bbox 369 914 389 938; x_wconf 83' lang='lat'>»</span> <span class='ocrx_word' id='word_1_93' title='bbox 412 911 513 940; x_wconf 89' lang='lat' dir='ltr'><strong>nem</strong></span> <span class='ocrx_word' id='word_1_94' title='bbox 534 896 680 940; x_wconf 78' lang='lat' dir='ltr'><strong>saeculi</strong></span> <span class='ocrx_word' id='word_1_95' title='bbox 694 900 726 939; x_wconf 53' lang='grc' dir='ltr'><strong>Ἰ.</strong></span> <span class='ocrx_word' id='word_1_96' title='bbox 748 915 765 936; x_wconf 84' lang='lat'>»</span> <span class='ocrx_word' id='word_1_97' title='bbox 783 895 940 940; x_wconf 86' lang='lat' dir='ltr'><strong>Merito</strong></span> <span class='ocrx_word' id='word_1_98' title='bbox 958 905 1002 940; x_wconf 87' lang='lat' dir='ltr'><strong>et</strong></span> <span class='ocrx_word' id='word_1_99' title='bbox 1014 894 1246 956; x_wconf 82' lang='lat' dir='ltr'><strong>Apostolus</strong></span> <span class='ocrx_word' id='word_1_100' title='bbox 1262 896 1321 940; x_wconf 86' lang='lat' dir='ltr'><strong>sic</strong></span> <span class='ocrx_word' id='word_1_101' title='bbox 1340 911 1418 941; x_wconf 91' lang='lat' dir='ltr'><strong>nos</strong></span> <span class='ocrx_word' id='word_1_102' title='bbox 1434 895 1762 957; x_wconf 80' lang='lat' dir='ltr'><strong>alloquebatur:</strong></span> 
     </span>
     <span class='ocr_line' id='line_1_12' title="bbox 370 966 1767 1028; baseline 0 -17"><span class='ocrx_word' id='word_1_103' title='bbox 370 988 390 1011; x_wconf 73' lang='grc' dir='ltr'><strong>(ι</strong></span> <span class='ocrx_word' id='word_1_104' title='bbox 410 969 621 1013; x_wconf 86' lang='lat' dir='ltr'><strong>Dominus</strong></span> <span class='ocrx_word' id='word_1_105' title='bbox 643 969 688 1013; x_wconf 87' lang='lat' dir='ltr'><strong>in</strong></span> <span class='ocrx_word' id='word_1_106' title='bbox 711 968 910 1028; x_wconf 78' lang='lat' dir='ltr'><strong>proximo</strong></span> <span class='ocrx_word' id='word_1_107' title='bbox 932 978 1017 1022; x_wconf 86' lang='lat' dir='ltr'><strong>est,</strong></span> <span class='ocrx_word' id='word_1_108' title='bbox 1044 967 1155 1012; x_wconf 91' lang='lat' dir='ltr'><strong>nihil</strong></span> <span class='ocrx_word' id='word_1_109' title='bbox 1168 967 1340 1013; x_wconf 89' lang='lat' dir='ltr'><strong>solliciti</strong></span> <span class='ocrx_word' id='word_1_110' title='bbox 1355 966 1521 1013; x_wconf 87' lang='lat' dir='ltr'><strong>fueritis</strong></span> <span class='ocrx_word' id='word_1_111' title='bbox 1537 970 1568 1012; x_wconf 78' lang='grc'><strong>3.</strong></span> <span class='ocrx_word' id='word_1_112' title='bbox 1594 987 1613 1010; x_wconf 87' lang='lat'>»</span> <span class='ocrx_word' id='word_1_113' title='bbox 1639 967 1767 1013; x_wconf 85' lang='lat' dir='ltr'><strong>Sedet</strong></span> 
     </span>
     <span class='ocr_line' id='line_1_13' title="bbox 366 1037 1766 1099; baseline -0.003 -15"><span class='ocrx_word' id='word_1_114' title='bbox 366 1054 497 1099; x_wconf 84' lang='lat' dir='ltr'><strong>super</strong></span> <span class='ocrx_word' id='word_1_115' title='bbox 518 1038 653 1084; x_wconf 85' lang='lat' dir='ltr'><strong>coelos</strong></span> <span class='ocrx_word' id='word_1_116' title='bbox 672 1039 893 1092; x_wconf 84' lang='lat' dir='ltr'><strong>Christus,</strong></span> <span class='ocrx_word' id='word_1_117' title='bbox 920 1047 963 1082; x_wconf 85' lang='lat' dir='ltr'><strong>et</strong></span> <span class='ocrx_word' id='word_1_118' title='bbox 984 1037 1115 1097; x_wconf 76' lang='lat' dir='ltr'><strong>longe</strong></span> <span class='ocrx_word' id='word_1_119' title='bbox 1143 1048 1245 1082; x_wconf 87' lang='lat' dir='ltr'><strong>sunt</strong></span> <span class='ocrx_word' id='word_1_120' title='bbox 1266 1038 1391 1093; x_wconf 85' lang='lat' dir='ltr'><strong>coeli,</strong></span> <span class='ocrx_word' id='word_1_121' title='bbox 1419 1048 1462 1083; x_wconf 91' lang='lat' dir='ltr'><strong>et</strong></span> <span class='ocrx_word' id='word_1_122' title='bbox 1489 1039 1579 1098; x_wconf 90' lang='lat' dir='ltr'><strong>ipse</strong></span> <span class='ocrx_word' id='word_1_123' title='bbox 1609 1037 1686 1099; x_wconf 81' lang='lat' dir='ltr'><strong>qui</strong></span> <span class='ocrx_word' id='word_1_124' title='bbox 1705 1037 1766 1081; x_wconf 87' lang='lat' dir='ltr'><strong>ibi</strong></span> 
     </span>
     <span class='ocr_line' id='line_1_14' title="bbox 366 1109 1766 1170; baseline 0 -16"><span class='ocrx_word' id='word_1_125' title='bbox 366 1111 508 1165; x_wconf 85' lang='lat' dir='ltr'><strong>sedet,</strong></span> <span class='ocrx_word' id='word_1_126' title='bbox 534 1125 669 1170; x_wconf 80' lang='lat' dir='ltr'><strong>prope</strong></span> <span class='ocrx_word' id='word_1_127' title='bbox 699 1119 777 1153; x_wconf 87' lang='lat' dir='ltr'><strong>est.</strong></span> <span class='ocrx_word' id='word_1_128' title='bbox 812 1129 832 1152; x_wconf 86' lang='lat'>«</span> <span class='ocrx_word' id='word_1_129' title='bbox 861 1109 1074 1153; x_wconf 87' lang='lat' dir='ltr'><strong>Dominus</strong></span> <span class='ocrx_word' id='word_1_130' title='bbox 1105 1109 1151 1152; x_wconf 86' lang='lat' dir='ltr'><strong>in</strong></span> <span class='ocrx_word' id='word_1_131' title='bbox 1179 1124 1286 1154; x_wconf 87' lang='lat' dir='ltr'><strong>voce</strong></span> <span class='ocrx_word' id='word_1_132' title='bbox 1315 1110 1451 1153; x_wconf 75' lang='lat' dir='ltr'><strong>tubae.</strong></span> <span class='ocrx_word' id='word_1_133' title='bbox 1488 1128 1507 1150; x_wconf 85' lang='lat'>»</span> <span class='ocrx_word' id='word_1_134' title='bbox 1541 1113 1658 1168; x_wconf 82' lang='lat' dir='ltr'><strong>Ergo</strong></span> <span class='ocrx_word' id='word_1_135' title='bbox 1691 1124 1766 1154; x_wconf 90' lang='lat' dir='ltr'><strong>vos</strong></span> 
     </span>
     <span class='ocr_line' id='line_1_15' title="bbox 367 1178 1768 1240; baseline 0 -16"><span class='ocrx_word' id='word_1_136' title='bbox 367 1180 445 1224; x_wconf 86' lang='lat' dir='ltr'><strong>filii</strong></span> <span class='ocrx_word' id='word_1_137' title='bbox 464 1183 597 1235; x_wconf 89' lang='lat' dir='ltr'><strong>Core,</strong></span> <span class='ocrx_word' id='word_1_138' title='bbox 624 1181 714 1240; x_wconf 84' lang='lat' dir='ltr'><strong>jam</strong></span> <span class='ocrx_word' id='word_1_139' title='bbox 739 1180 773 1224; x_wconf 90' lang='lat' dir='ltr'><strong>si</strong></span> <span class='ocrx_word' id='word_1_140' title='bbox 794 1178 1064 1223; x_wconf 78' lang='lat' dir='ltr'><strong>intellexistis</strong></span> <span class='ocrx_word' id='word_1_141' title='bbox 1087 1195 1163 1223; x_wconf 84' lang='lat' dir='ltr'><strong>vos</strong></span> <span class='ocrx_word' id='word_1_142' title='bbox 1178 1215 1188 1235; x_wconf 89' lang='lat'><strong>,</strong></span> <span class='ocrx_word' id='word_1_143' title='bbox 1214 1189 1257 1225; x_wconf 85' lang='lat' dir='ltr'><strong>et</strong></span> <span class='ocrx_word' id='word_1_144' title='bbox 1279 1179 1489 1240; x_wconf 85' lang='lat' dir='ltr'><strong>inspicitis</strong></span> <span class='ocrx_word' id='word_1_145' title='bbox 1512 1181 1583 1224; x_wconf 87' lang='lat' dir='ltr'><strong>hic</strong></span> <span class='ocrx_word' id='word_1_146' title='bbox 1606 1196 1703 1235; x_wconf 88' lang='lat' dir='ltr'><strong>vos,</strong></span> <span class='ocrx_word' id='word_1_147' title='bbox 1723 1188 1768 1224; x_wconf 87' lang='lat' dir='ltr'><strong>et</strong></span> 
     </span>
     <span class='ocr_line' id='line_1_16' title="bbox 367 1250 1202 1311; baseline -0.004 -14"><span class='ocrx_word' id='word_1_148' title='bbox 367 1268 443 1297; x_wconf 84' lang='lat' dir='ltr'><strong>vos</strong></span> <span class='ocrx_word' id='word_1_149' title='bbox 466 1251 683 1309; x_wconf 75' lang='lat' dir='ltr'><strong>gaudetis,</strong></span> <span class='ocrx_word' id='word_1_150' title='bbox 710 1250 813 1311; x_wconf 79' lang='lat' dir='ltr'><strong>quia</strong></span> <span class='ocrx_word' id='word_1_151' title='bbox 844 1250 998 1296; x_wconf 83' lang='lat' dir='ltr'><strong>videtis</strong></span> <span class='ocrx_word' id='word_1_152' title='bbox 1019 1251 1091 1296; x_wconf 89' lang='lat' dir='ltr'><strong>hic</strong></span> <span class='ocrx_word' id='word_1_153' title='bbox 1112 1267 1202 1296; x_wconf 86' lang='lat' dir='ltr'><strong>vos.</strong></span> 
     </span>
    </p>

    <p class='ocr_par' dir='ltr' id='par_1_3' title="bbox 367 1322 1773 2442">
     <span class='ocr_line' id='line_1_17' title="bbox 426 1322 1767 1383; baseline 0.001 -17"><span class='ocrx_word' id='word_1_154' title='bbox 426 1325 550 1368; x_wconf 77' lang='lat' dir='ltr'>VIII.</span> <span class='ocrx_word' id='word_1_155' title='bbox 581 1343 600 1364; x_wconf 76' lang='lat'><strong>‹&lt;</strong></span> <span class='ocrx_word' id='word_1_156' title='bbox 627 1322 799 1367; x_wconf 80' lang='lat' dir='ltr'><strong>Psallite</strong></span> <span class='ocrx_word' id='word_1_157' title='bbox 815 1325 903 1367; x_wconf 92' lang='lat' dir='ltr'><strong>Deo</strong></span> <span class='ocrx_word' id='word_1_158' title='bbox 926 1332 1097 1378; x_wconf 87' lang='lat' dir='ltr'><strong>nostro,</strong></span> <span class='ocrx_word' id='word_1_159' title='bbox 1118 1322 1333 1382; x_wconf 64' lang='lat' dir='ltr'><strong>psallite-⁴.</strong></span> <span class='ocrx_word' id='word_1_160' title='bbox 1355 1341 1374 1364; x_wconf 81' lang='lat'><strong>&gt;›</strong></span> <span class='ocrx_word' id='word_1_161' title='bbox 1394 1326 1536 1376; x_wconf 89' lang='lat' dir='ltr'><strong>Quem</strong></span> <span class='ocrx_word' id='word_1_162' title='bbox 1558 1332 1767 1383; x_wconf 77' lang='lat' dir='ltr'><strong>tanquam</strong></span> 
     </span>
     <span class='ocr_line' id='line_1_18' title="bbox 367 1392 1769 1452; baseline -0.001 -14"><span class='ocrx_word' id='word_1_163' title='bbox 367 1393 590 1438; x_wconf 86' lang='lat' dir='ltr'><strong>hominem</strong></span> <span class='ocrx_word' id='word_1_164' title='bbox 624 1393 870 1448; x_wconf 84' lang='lat' dir='ltr'><strong>irriserunt,</strong></span> <span class='ocrx_word' id='word_1_165' title='bbox 907 1393 983 1452; x_wconf 87' lang='lat' dir='ltr'><strong>qui</strong></span> <span class='ocrx_word' id='word_1_166' title='bbox 1005 1409 1028 1437; x_wconf 89' lang='lat' dir='ltr'>a</span> <span class='ocrx_word' id='word_1_167' title='bbox 1059 1396 1147 1437; x_wconf 87' lang='lat' dir='ltr'><strong>Deo</strong></span> <span class='ocrx_word' id='word_1_168' title='bbox 1181 1392 1355 1437; x_wconf 81' lang='lat' dir='ltr'><strong>alienati</strong></span> <span class='ocrx_word' id='word_1_169' title='bbox 1393 1403 1496 1437; x_wconf 88' lang='lat' dir='ltr'><strong>sunt</strong></span> <span class='ocrx_word' id='word_1_170' title='bbox 1511 1429 1521 1448; x_wconf 91' lang='lat'><strong>,</strong></span> <span class='ocrx_word' id='word_1_171' title='bbox 1554 1413 1571 1434; x_wconf 89' lang='lat'>«</span> <span class='ocrx_word' id='word_1_172' title='bbox 1612 1392 1769 1437; x_wconf 81' lang='lat' dir='ltr'><strong>Psalite</strong></span> 
     </span>
     <span class='ocr_line' id='line_1_19' title="bbox 371 1463 1769 1518; baseline 0 -12"><span class='ocrx_word' id='word_1_173' title='bbox 371 1483 391 1506; x_wconf 87' lang='lat'>»</span> <span class='ocrx_word' id='word_1_174' title='bbox 409 1466 499 1508; x_wconf 90' lang='lat' dir='ltr'><strong>Deo</strong></span> <span class='ocrx_word' id='word_1_175' title='bbox 517 1472 680 1507; x_wconf 85' lang='lat' dir='ltr'><strong>nostro.</strong></span> <span class='ocrx_word' id='word_1_176' title='bbox 701 1482 720 1503; x_wconf 70' lang='lat' dir='ltr'><strong>n</strong></span> <span class='ocrx_word' id='word_1_177' title='bbox 739 1466 836 1508; x_wconf 89' lang='lat' dir='ltr'><strong>Non</strong></span> <span class='ocrx_word' id='word_1_178' title='bbox 850 1463 966 1506; x_wconf 90' lang='lat' dir='ltr'><strong>enim</strong></span> <span class='ocrx_word' id='word_1_179' title='bbox 979 1463 1112 1507; x_wconf 87' lang='lat' dir='ltr'><strong>homo</strong></span> <span class='ocrx_word' id='word_1_180' title='bbox 1129 1472 1316 1518; x_wconf 78' lang='lat' dir='ltr'><strong>tantum,</strong></span> <span class='ocrx_word' id='word_1_181' title='bbox 1333 1463 1408 1507; x_wconf 86' lang='lat' dir='ltr'><strong>sed</strong></span> <span class='ocrx_word' id='word_1_182' title='bbox 1424 1473 1466 1508; x_wconf 89' lang='lat' dir='ltr'><strong>et</strong></span> <span class='ocrx_word' id='word_1_183' title='bbox 1480 1467 1608 1507; x_wconf 90' lang='lat' dir='ltr'><strong>Deus.</strong></span> <span class='ocrx_word' id='word_1_184' title='bbox 1626 1466 1769 1507; x_wconf 89' lang='lat' dir='ltr'><strong>Homo</strong></span> 
     </span>
     <span class='ocr_line' id='line_1_20' title="bbox 370 1532 1769 1589; baseline -0.001 -11"><span class='ocrx_word' id='word_1_185' title='bbox 370 1550 422 1578; x_wconf 77' lang='lat' dir='ltr'><strong>ex</strong></span> <span class='ocrx_word' id='word_1_186' title='bbox 438 1535 600 1578; x_wconf 88' lang='lat' dir='ltr'><strong>semine</strong></span> <span class='ocrx_word' id='word_1_187' title='bbox 616 1533 752 1578; x_wconf 80' lang='lat' dir='ltr'><strong>David</strong></span> <span class='ocrx_word' id='word_1_188' title='bbox 766 1536 780 1560; x_wconf 82' lang='lat'>⁵</span> <span class='ocrx_word' id='word_1_189' title='bbox 793 1569 803 1589; x_wconf 89' lang='lat'><strong>,</strong></span> <span class='ocrx_word' id='word_1_190' title='bbox 828 1540 936 1578; x_wconf 88' lang='lat' dir='ltr'><strong>Deus</strong></span> <span class='ocrx_word' id='word_1_191' title='bbox 954 1535 1164 1578; x_wconf 87' lang='lat' dir='ltr'><strong>Dominus</strong></span> <span class='ocrx_word' id='word_1_192' title='bbox 1180 1532 1331 1589; x_wconf 81' lang='lat' dir='ltr'><strong>David,</strong></span> <span class='ocrx_word' id='word_1_193' title='bbox 1349 1549 1399 1578; x_wconf 83' lang='lat' dir='ltr'><strong>ex</strong></span> <span class='ocrx_word' id='word_1_194' title='bbox 1413 1534 1578 1578; x_wconf 77' lang='lat' dir='ltr'><strong>Judaeis</strong></span> <span class='ocrx_word' id='word_1_195' title='bbox 1593 1549 1769 1578; x_wconf 84' lang='lat' dir='ltr'><strong>carnem</strong></span> 
     </span>
     <span class='ocr_line' id='line_1_21' title="bbox 371 1603 1770 1664; baseline -0.001 -15"><span class='ocrx_word' id='word_1_196' title='bbox 371 1605 538 1650; x_wconf 80' lang='lat' dir='ltr'><strong>habens</strong></span> <span class='ocrx_word' id='word_1_197' title='bbox 565 1624 573 1649; x_wconf 90' lang='lat'>:</span> <span class='ocrx_word' id='word_1_198' title='bbox 600 1624 619 1646; x_wconf 86' lang='lat'>«</span> <span class='ocrx_word' id='word_1_199' title='bbox 644 1607 842 1657; x_wconf 85' lang='lat' dir='ltr'><strong>Quorum</strong></span> <span class='ocrx_word' id='word_1_200' title='bbox 864 1614 1027 1664; x_wconf 81' lang='lat' dir='ltr'><strong>patres,</strong></span> <span class='ocrx_word' id='word_1_201' title='bbox 1062 1605 1146 1660; x_wconf 84' lang='lat' dir='ltr'><strong>ait,</strong></span> <span class='ocrx_word' id='word_1_202' title='bbox 1181 1603 1438 1664; x_wconf 81' lang='lat' dir='ltr'><strong>Apostolus,</strong></span> <span class='ocrx_word' id='word_1_203' title='bbox 1463 1614 1506 1648; x_wconf 91' lang='lat' dir='ltr'><strong>et</strong></span> <span class='ocrx_word' id='word_1_204' title='bbox 1529 1620 1581 1648; x_wconf 77' lang='lat' dir='ltr'><strong>ex</strong></span> <span class='ocrx_word' id='word_1_205' title='bbox 1609 1604 1770 1664; x_wconf 89' lang='lat' dir='ltr'><strong>quibus</strong></span> 
     </span>
     <span class='ocr_line' id='line_1_22' title="bbox 376 1674 1767 1733; baseline 0.001 -16"><span class='ocrx_word' id='word_1_206' title='bbox 376 1694 397 1717; x_wconf 93' lang='lat'>»</span> <span class='ocrx_word' id='word_1_207' title='bbox 418 1676 614 1720; x_wconf 86' lang='lat' dir='ltr'><strong>Christus</strong></span> <span class='ocrx_word' id='word_1_208' title='bbox 633 1674 875 1719; x_wconf 84' lang='lat' dir='ltr'><strong>secundum</strong></span> <span class='ocrx_word' id='word_1_209' title='bbox 895 1690 1086 1719; x_wconf 87' lang='lat' dir='ltr'><strong>carnem.</strong></span> <span class='ocrx_word' id='word_1_210' title='bbox 1116 1694 1135 1716; x_wconf 95' lang='lat'>»</span> <span class='ocrx_word' id='word_1_211' title='bbox 1162 1679 1228 1720; x_wconf 73' lang='lat' dir='ltr'><strong>Ex</strong></span> <span class='ocrx_word' id='word_1_212' title='bbox 1246 1678 1268 1718; x_wconf 89' lang='lat' dir='ltr'>J</span> <span class='ocrx_word' id='word_1_213' title='bbox 1275 1675 1408 1719; x_wconf 81' lang='lat' dir='ltr'><strong>udaeis</strong></span> <span class='ocrx_word' id='word_1_214' title='bbox 1431 1690 1531 1733; x_wconf 81' lang='lat' dir='ltr'><strong>ergo</strong></span> <span class='ocrx_word' id='word_1_215' title='bbox 1554 1676 1767 1731; x_wconf 85' lang='lat' dir='ltr'><strong>Christus,</strong></span> 
     </span>
     <span class='ocr_line' id='line_1_23' title="bbox 373 1744 1772 1805; baseline -0.001 -15"><span class='ocrx_word' id='word_1_216' title='bbox 373 1745 450 1790; x_wconf 81' lang='lat' dir='ltr'><strong>sed</strong></span> <span class='ocrx_word' id='word_1_217' title='bbox 473 1744 716 1790; x_wconf 88' lang='lat' dir='ltr'><strong>seeundum</strong></span> <span class='ocrx_word' id='word_1_218' title='bbox 731 1760 920 1789; x_wconf 82' lang='lat' dir='ltr'><strong>carnem.</strong></span> <span class='ocrx_word' id='word_1_219' title='bbox 948 1745 1053 1798; x_wconf 89' lang='lat' dir='ltr'><strong>Quis</strong></span> <span class='ocrx_word' id='word_1_220' title='bbox 1082 1754 1228 1790; x_wconf 81' lang='lat' dir='ltr'><strong>autem</strong></span> <span class='ocrx_word' id='word_1_221' title='bbox 1255 1745 1335 1788; x_wconf 87' lang='lat' dir='ltr'><strong>iste</strong></span> <span class='ocrx_word' id='word_1_222' title='bbox 1359 1745 1556 1789; x_wconf 88' lang='lat' dir='ltr'><strong>Christus</strong></span> <span class='ocrx_word' id='word_1_223' title='bbox 1573 1780 1584 1800; x_wconf 87' lang='lat'><strong>,</strong></span> <span class='ocrx_word' id='word_1_224' title='bbox 1615 1745 1692 1805; x_wconf 85' lang='lat' dir='ltr'><strong>qui</strong></span> <span class='ocrx_word' id='word_1_225' title='bbox 1709 1754 1772 1790; x_wconf 88' lang='lat' dir='ltr'><strong>est</strong></span> 
     </span>
     <span class='ocr_line' id='line_1_24' title="bbox 375 1814 1772 1875; baseline -0.001 -14"><span class='ocrx_word' id='word_1_226' title='bbox 375 1831 426 1861; x_wconf 79' lang='lat' dir='ltr'><strong>ex</strong></span> <span class='ocrx_word' id='word_1_227' title='bbox 440 1819 463 1860; x_wconf 90' lang='lat' dir='ltr'>J</span> <span class='ocrx_word' id='word_1_228' title='bbox 471 1815 603 1860; x_wconf 81' lang='lat' dir='ltr'><strong>udaeis</strong></span> <span class='ocrx_word' id='word_1_229' title='bbox 625 1814 867 1860; x_wconf 87' lang='lat' dir='ltr'><strong>secundum</strong></span> <span class='ocrx_word' id='word_1_230' title='bbox 881 1817 1084 1859; x_wconf 80' lang='lat' dir='ltr'><strong>carnem?</strong></span> <span class='ocrx_word' id='word_1_231' title='bbox 1112 1835 1131 1857; x_wconf 71' lang='grc' dir='ltr'>α</span> <span class='ocrx_word' id='word_1_232' title='bbox 1155 1815 1238 1867; x_wconf 88' lang='lat' dir='ltr'><strong>Qui</strong></span> <span class='ocrx_word' id='word_1_233' title='bbox 1257 1824 1321 1859; x_wconf 86' lang='lat' dir='ltr'><strong>est</strong></span> <span class='ocrx_word' id='word_1_234' title='bbox 1342 1831 1471 1875; x_wconf 89' lang='lat' dir='ltr'><strong>super</strong></span> <span class='ocrx_word' id='word_1_235' title='bbox 1491 1814 1638 1860; x_wconf 82' lang='lat' dir='ltr'><strong>onmia</strong></span> <span class='ocrx_word' id='word_1_236' title='bbox 1658 1819 1772 1860; x_wconf 88' lang='lat' dir='ltr'><strong>Deus</strong></span> 
     </span>
     <span class='ocr_line' id='line_1_25' title="bbox 379 1886 1772 1945; baseline 0.001 -15"><span class='ocrx_word' id='word_1_237' title='bbox 379 1907 399 1930; x_wconf 92' lang='lat'>»</span> <span class='ocrx_word' id='word_1_238' title='bbox 437 1886 695 1932; x_wconf 88' lang='lat' dir='ltr'><strong>benedictus</strong></span> <span class='ocrx_word' id='word_1_239' title='bbox 728 1887 774 1930; x_wconf 86' lang='lat' dir='ltr'><strong>in</strong></span> <span class='ocrx_word' id='word_1_240' title='bbox 801 1886 1003 1931; x_wconf 65' lang='lat' dir='ltr'><strong>saeculass.</strong></span> <span class='ocrx_word' id='word_1_241' title='bbox 1037 1905 1055 1927; x_wconf 92' lang='lat'>»</span> <span class='ocrx_word' id='word_1_242' title='bbox 1089 1889 1203 1931; x_wconf 86' lang='lat' dir='ltr'><strong>Deus</strong></span> <span class='ocrx_word' id='word_1_243' title='bbox 1233 1895 1332 1930; x_wconf 82' lang='lat' dir='ltr'><strong>ante</strong></span> <span class='ocrx_word' id='word_1_244' title='bbox 1350 1902 1556 1945; x_wconf 62' lang='lat' dir='ltr'><strong>carnem,</strong></span> <span class='ocrx_word' id='word_1_245' title='bbox 1582 1890 1696 1931; x_wconf 84' lang='lat' dir='ltr'><strong>Deus</strong></span> <span class='ocrx_word' id='word_1_246' title='bbox 1725 1886 1772 1931; x_wconf 90' lang='lat' dir='ltr'><strong>in</strong></span> 
     </span>
     <span class='ocr_line' id='line_1_26' title="bbox 375 1956 1773 2013; baseline -0.001 -10"><span class='ocrx_word' id='word_1_247' title='bbox 375 1974 506 2003; x_wconf 85' lang='lat' dir='ltr'><strong>carne</strong></span> <span class='ocrx_word' id='word_1_248' title='bbox 521 1993 532 2013; x_wconf 92' lang='lat'><strong>,</strong></span> <span class='ocrx_word' id='word_1_249' title='bbox 553 1962 666 2002; x_wconf 86' lang='lat' dir='ltr'><strong>Deus</strong></span> <span class='ocrx_word' id='word_1_250' title='bbox 689 1972 789 2002; x_wconf 85' lang='lat' dir='ltr'><strong>cum</strong></span> <span class='ocrx_word' id='word_1_251' title='bbox 808 1973 950 2002; x_wconf 84' lang='lat' dir='ltr'><strong>carne.</strong></span> <span class='ocrx_word' id='word_1_252' title='bbox 968 1959 1056 2002; x_wconf 79' lang='lat' dir='ltr'><strong>Nec</strong></span> <span class='ocrx_word' id='word_1_253' title='bbox 1070 1957 1212 2001; x_wconf 85' lang='lat' dir='ltr'><strong>solum</strong></span> <span class='ocrx_word' id='word_1_254' title='bbox 1226 1966 1325 2001; x_wconf 83' lang='lat' dir='ltr'><strong>ante</strong></span> <span class='ocrx_word' id='word_1_255' title='bbox 1340 1972 1514 2001; x_wconf 84' lang='lat' dir='ltr'><strong>carnem</strong></span> <span class='ocrx_word' id='word_1_256' title='bbox 1539 1960 1675 2012; x_wconf 87' lang='lat' dir='ltr'><strong>Deus,</strong></span> <span class='ocrx_word' id='word_1_257' title='bbox 1696 1956 1773 2002; x_wconf 87' lang='lat' dir='ltr'><strong>sed</strong></span> 
     </span>
     <span class='ocr_line' id='line_1_27' title="bbox 377 2027 1772 2083; baseline -0.002 -9"><span class='ocrx_word' id='word_1_258' title='bbox 377 2038 479 2074; x_wconf 83' lang='lat' dir='ltr'><strong>ante</strong></span> <span class='ocrx_word' id='word_1_259' title='bbox 502 2037 661 2073; x_wconf 80' lang='lat' dir='ltr'><strong>terram</strong></span> <span class='ocrx_word' id='word_1_260' title='bbox 684 2031 818 2083; x_wconf 89' lang='lat' dir='ltr'><strong>Deus,</strong></span> <span class='ocrx_word' id='word_1_261' title='bbox 844 2027 962 2072; x_wconf 86' lang='lat' dir='ltr'><strong>unde</strong></span> <span class='ocrx_word' id='word_1_262' title='bbox 984 2028 1098 2072; x_wconf 81' lang='lat' dir='ltr'><strong>facta</strong></span> <span class='ocrx_word' id='word_1_263' title='bbox 1125 2037 1189 2072; x_wconf 85' lang='lat' dir='ltr'><strong>est</strong></span> <span class='ocrx_word' id='word_1_264' title='bbox 1210 2043 1310 2072; x_wconf 81' lang='lat' dir='ltr'><strong>caro</strong></span> <span class='ocrx_word' id='word_1_265' title='bbox 1337 2046 1344 2071; x_wconf 94' lang='lat'>:</span> <span class='ocrx_word' id='word_1_266' title='bbox 1377 2044 1458 2072; x_wconf 90' lang='lat' dir='ltr'><strong>nee</strong></span> <span class='ocrx_word' id='word_1_267' title='bbox 1479 2036 1653 2071; x_wconf 80' lang='lat' dir='ltr'><strong>tantum</strong></span> <span class='ocrx_word' id='word_1_268' title='bbox 1672 2037 1772 2072; x_wconf 83' lang='lat' dir='ltr'><strong>ante</strong></span> 
     </span>
     <span class='ocr_line' id='line_1_28' title="bbox 376 2097 1772 2155; baseline -0.001 -11"><span class='ocrx_word' id='word_1_269' title='bbox 376 2109 537 2144; x_wconf 85' lang='lat' dir='ltr'><strong>terram</strong></span> <span class='ocrx_word' id='word_1_270' title='bbox 555 2103 688 2153; x_wconf 86' lang='lat' dir='ltr'><strong>Deus,</strong></span> <span class='ocrx_word' id='word_1_271' title='bbox 715 2097 833 2142; x_wconf 85' lang='lat' dir='ltr'><strong>unde</strong></span> <span class='ocrx_word' id='word_1_272' title='bbox 855 2114 955 2142; x_wconf 82' lang='lat' dir='ltr'><strong>caro</strong></span> <span class='ocrx_word' id='word_1_273' title='bbox 979 2097 1092 2142; x_wconf 80' lang='lat' dir='ltr'><strong>facta</strong></span> <span class='ocrx_word' id='word_1_274' title='bbox 1124 2108 1212 2155; x_wconf 67' lang='lat' dir='ltr'><strong>est,</strong></span> <span class='ocrx_word' id='word_1_275' title='bbox 1237 2097 1313 2142; x_wconf 86' lang='lat' dir='ltr'><strong>sed</strong></span> <span class='ocrx_word' id='word_1_276' title='bbox 1335 2099 1464 2142; x_wconf 79' lang='lat' dir='ltr'><strong>etiam</strong></span> <span class='ocrx_word' id='word_1_277' title='bbox 1490 2107 1590 2142; x_wconf 81' lang='lat' dir='ltr'><strong>ante</strong></span> <span class='ocrx_word' id='word_1_278' title='bbox 1608 2098 1772 2142; x_wconf 88' lang='lat' dir='ltr'><strong>coelum</strong></span> 
     </span>
     <span class='ocr_line' id='line_1_29' title="bbox 377 2168 1772 2230; baseline -0.002 -14"><span class='ocrx_word' id='word_1_279' title='bbox 377 2174 516 2226; x_wconf 90' lang='lat' dir='ltr'><strong>Deus,</strong></span> <span class='ocrx_word' id='word_1_280' title='bbox 542 2169 663 2230; x_wconf 87' lang='lat' dir='ltr'><strong>quod</strong></span> <span class='ocrx_word' id='word_1_281' title='bbox 681 2169 797 2229; x_wconf 88' lang='lat' dir='ltr'><strong>prius</strong></span> <span class='ocrx_word' id='word_1_282' title='bbox 816 2168 979 2213; x_wconf 78' lang='lat' dir='ltr'><strong>facturn</strong></span> <span class='ocrx_word' id='word_1_283' title='bbox 1002 2177 1065 2213; x_wconf 89' lang='lat' dir='ltr'><strong>est</strong></span> <span class='ocrx_word' id='word_1_284' title='bbox 1093 2188 1100 2213; x_wconf 93' lang='lat'><strong>:</strong></span> <span class='ocrx_word' id='word_1_285' title='bbox 1123 2178 1223 2213; x_wconf 88' lang='lat' dir='ltr'><strong>ante</strong></span> <span class='ocrx_word' id='word_1_286' title='bbox 1246 2168 1360 2212; x_wconf 89' lang='lat' dir='ltr'><strong>diem</strong></span> <span class='ocrx_word' id='word_1_287' title='bbox 1377 2173 1490 2213; x_wconf 84' lang='lat' dir='ltr'><strong>Deus</strong></span> <span class='ocrx_word' id='word_1_288' title='bbox 1508 2169 1585 2229; x_wconf 84' lang='lat' dir='ltr'><strong>qui</strong></span> <span class='ocrx_word' id='word_1_289' title='bbox 1609 2169 1772 2228; x_wconf 86' lang='lat' dir='ltr'><strong>primus</strong></span> 
     </span>
     <span class='ocr_line' id='line_1_30' title="bbox 377 2239 1769 2299; baseline -0.001 -13"><span class='ocrx_word' id='word_1_290' title='bbox 377 2241 519 2287; x_wconf 85' lang='lat' dir='ltr'><strong>factus</strong></span> <span class='ocrx_word' id='word_1_291' title='bbox 541 2250 625 2296; x_wconf 90' lang='lat' dir='ltr'><strong>est,</strong></span> <span class='ocrx_word' id='word_1_292' title='bbox 647 2249 746 2285; x_wconf 80' lang='lat' dir='ltr'><strong>ante</strong></span> <span class='ocrx_word' id='word_1_293' title='bbox 763 2255 912 2285; x_wconf 87' lang='lat' dir='ltr'><strong>omnes</strong></span> <span class='ocrx_word' id='word_1_294' title='bbox 935 2239 1124 2298; x_wconf 77' lang='lat' dir='ltr'><strong>Angelos</strong></span> <span class='ocrx_word' id='word_1_295' title='bbox 1142 2243 1275 2294; x_wconf 89' lang='lat' dir='ltr'><strong>Deus,</strong></span> <span class='ocrx_word' id='word_1_296' title='bbox 1302 2240 1392 2299; x_wconf 84' lang='lat' dir='ltr'><strong>ipse</strong></span> <span class='ocrx_word' id='word_1_297' title='bbox 1412 2240 1610 2284; x_wconf 86' lang='lat' dir='ltr'><strong>Christus</strong></span> <span class='ocrx_word' id='word_1_298' title='bbox 1629 2243 1743 2284; x_wconf 88' lang='lat' dir='ltr'><strong>Deus</strong></span> <span class='ocrx_word' id='word_1_299' title='bbox 1760 2259 1769 2285; x_wconf 92' lang='lat'>:</span> 
     </span>
     <span class='ocr_line' id='line_1_31' title="bbox 377 2310 1772 2372; baseline -0.001 -16"><span class='ocrx_word' id='word_1_300' title='bbox 377 2312 587 2372; x_wconf 84' lang='lat' dir='ltr'><strong>quoniam</strong></span> <span class='ocrx_word' id='word_1_301' title='bbox 631 2330 651 2353; x_wconf 89' lang='lat'>«</span> <span class='ocrx_word' id='word_1_302' title='bbox 687 2315 738 2355; x_wconf 86' lang='lat' dir='ltr'><strong>In</strong></span> <span class='ocrx_word' id='word_1_303' title='bbox 766 2310 977 2371; x_wconf 83' lang='lat' dir='ltr'><strong>principio</strong></span> <span class='ocrx_word' id='word_1_304' title='bbox 1012 2319 1103 2353; x_wconf 80' lang='lat' dir='ltr'><strong>crat</strong></span> <span class='ocrx_word' id='word_1_305' title='bbox 1134 2310 1356 2365; x_wconf 75' lang='lat' dir='ltr'><strong>Verbum,</strong></span> <span class='ocrx_word' id='word_1_306' title='bbox 1382 2318 1426 2353; x_wconf 93' lang='lat' dir='ltr'><strong>ct</strong></span> <span class='ocrx_word' id='word_1_307' title='bbox 1452 2310 1645 2353; x_wconf 74' lang='lat' dir='ltr'><strong>Verbum</strong></span> <span class='ocrx_word' id='word_1_308' title='bbox 1679 2319 1772 2354; x_wconf 79' lang='lat' dir='ltr'><strong>erat</strong></span> 
     </span>
     <span class='ocr_line' id='line_1_32' title="bbox 383 2380 1772 2442; baseline 0.001 -19"><span class='ocrx_word' id='word_1_309' title='bbox 383 2401 404 2424; x_wconf 82' lang='lat'><strong>&gt;›</strong></span> <span class='ocrx_word' id='word_1_310' title='bbox 421 2382 539 2442; x_wconf 81' lang='lat' dir='ltr'><strong>apud</strong></span> <span class='ocrx_word' id='word_1_311' title='bbox 554 2386 710 2438; x_wconf 89' lang='lat' dir='ltr'><strong>Deum,</strong></span> <span class='ocrx_word' id='word_1_312' title='bbox 726 2391 768 2427; x_wconf 87' lang='lat' dir='ltr'><strong>et</strong></span> <span class='ocrx_word' id='word_1_313' title='bbox 783 2386 896 2427; x_wconf 86' lang='lat' dir='ltr'><strong>Deus</strong></span> <span class='ocrx_word' id='word_1_314' title='bbox 908 2390 999 2426; x_wconf 81' lang='lat' dir='ltr'><strong>erat</strong></span> <span class='ocrx_word' id='word_1_315' title='bbox 1014 2381 1208 2425; x_wconf 85' lang='lat' dir='ltr'><strong>Verbum</strong></span> <span class='ocrx_word' id='word_1_316' title='bbox 1225 2401 1233 2427; x_wconf 73' lang='grc' dir='ltr'><em>ι</em></span> <span class='ocrx_word' id='word_1_317' title='bbox 1249 2381 1392 2426; x_wconf 82' lang='lat' dir='ltr'><strong>omnia</strong></span> <span class='ocrx_word' id='word_1_318' title='bbox 1409 2396 1486 2440; x_wconf 89' lang='lat' dir='ltr'><strong>per</strong></span> <span class='ocrx_word' id='word_1_319' title='bbox 1501 2381 1645 2440; x_wconf 85' lang='lat' dir='ltr'><strong>ipsum</strong></span> <span class='ocrx_word' id='word_1_320' title='bbox 1657 2380 1772 2426; x_wconf 83' lang='lat' dir='ltr'><strong>facta</strong></span> 
     </span>
    </p>
   </div>
   <div class='ocr_carea' id='block_1_3' title="bbox 385 2476 1766 2577">
    <p class='ocr_par' dir='ltr' id='par_1_4' title="bbox 385 2476 1766 2577">
     <span class='ocr_line' id='line_1_33' title="bbox 432 2476 1766 2521; baseline -0.001 -9"><span class='ocrx_word' id='word_1_321' title='bbox 432 2487 440 2502; x_wconf 89' lang='lat'>¹</span> <span class='ocrx_word' id='word_1_322' title='bbox 458 2482 531 2512; x_wconf 74' lang='lat' dir='ltr'><strong>Act.</strong></span> <span class='ocrx_word' id='word_1_323' title='bbox 552 2492 574 2521; x_wconf 83' lang='lat'><strong>1,</strong></span> <span class='ocrx_word' id='word_1_324' title='bbox 598 2492 648 2512; x_wconf 87' lang='lat'><strong>11.</strong></span> <span class='ocrx_word' id='word_1_325' title='bbox 665 2497 707 2503; x_wconf 87' lang='lat'><strong>—-</strong></span> <span class='ocrx_word' id='word_1_326' title='bbox 724 2488 736 2503; x_wconf 75' lang='lat'><strong>2</strong></span> <span class='ocrx_word' id='word_1_327' title='bbox 755 2479 992 2519; x_wconf 68' lang='lat' dir='ltr'><strong>Matili.xxv111,</strong></span> <span class='ocrx_word' id='word_1_328' title='bbox 1017 2488 1069 2512; x_wconf 77' lang='lat'><strong>20.</strong></span> <span class='ocrx_word' id='word_1_329' title='bbox 1094 2496 1131 2501; x_wconf 90' lang='lat'><strong>—-</strong></span> <span class='ocrx_word' id='word_1_330' title='bbox 1152 2477 1164 2501; x_wconf 84' lang='lat'><strong>3</strong></span> <span class='ocrx_word' id='word_1_331' title='bbox 1185 2479 1296 2521; x_wconf 77' lang='lat' dir='ltr'><strong>Philip.</strong></span> <span class='ocrx_word' id='word_1_332' title='bbox 1318 2489 1362 2520; x_wconf 78' lang='lat' dir='ltr'><strong>iv,</strong></span> <span class='ocrx_word' id='word_1_333' title='bbox 1383 2477 1415 2510; x_wconf 88' lang='grc'><strong>5.</strong></span> <span class='ocrx_word' id='word_1_334' title='bbox 1436 2495 1478 2501; x_wconf 91' lang='grc'>-</span> <span class='ocrx_word' id='word_1_335' title='bbox 1496 2476 1512 2508; x_wconf 75' lang='grc'>4</span> <span class='ocrx_word' id='word_1_336' title='bbox 1530 2479 1610 2511; x_wconf 83' lang='lat' dir='ltr'><strong>Psal.</strong></span> <span class='ocrx_word' id='word_1_337' title='bbox 1631 2489 1715 2520; x_wconf 67' lang='lat' dir='ltr'><strong>xxm,</strong></span> <span class='ocrx_word' id='word_1_338' title='bbox 1737 2489 1766 2519; x_wconf 83' lang='lat'><strong>7.</strong></span> 
     </span>
     <span class='ocr_line' id='line_1_34' title="bbox 385 2533 937 2577; baseline -0.002 -8"><span class='ocrx_word' id='word_1_339' title='bbox 385 2554 426 2560; x_wconf 90' lang='lat'><strong>—-</strong></span> <span class='ocrx_word' id='word_1_340' title='bbox 448 2533 463 2559; x_wconf 84' lang='lat'><em>5</em></span> <span class='ocrx_word' id='word_1_341' title='bbox 480 2539 570 2569; x_wconf 85' lang='lat' dir='ltr'><strong>Rom.</strong></span> <span class='ocrx_word' id='word_1_342' title='bbox 587 2548 608 2577; x_wconf 82' lang='lat'><strong>1,</strong></span> <span class='ocrx_word' id='word_1_343' title='bbox 630 2537 660 2567; x_wconf 91' lang='lat'><strong>3.</strong></span> <span class='ocrx_word' id='word_1_344' title='bbox 682 2553 723 2558; x_wconf 91' lang='lat'>—</span> <span class='ocrx_word' id='word_1_345' title='bbox 740 2534 755 2559; x_wconf 75' lang='grc'>6</span> <span class='ocrx_word' id='word_1_346' title='bbox 774 2536 821 2568; x_wconf 88' lang='lat' dir='ltr'><strong>Id.</strong></span> <span class='ocrx_word' id='word_1_347' title='bbox 841 2547 887 2577; x_wconf 77' lang='lat' dir='ltr'><strong>ix,</strong></span> <span class='ocrx_word' id='word_1_348' title='bbox 904 2535 937 2568; x_wconf 79' lang='lat'><strong>5.</strong></span> 
     </span>
    </p>
   </div>
  </div>
 </body>
</html>
