1841 3223
245 226 485 255 munuli-110
516 228 531 253 1
563 227 609 254 IN
640 224 842 254 PsALMUM
875 227 1034 264 xum,
1069 225 1194 252 SERM.
1231 228 1261 253 1.
1370 215 1452 253 365

73 291 377 336 rectitudinem
391 291 615 348 corrigere.
629 294 732 335 Haee
750 300 814 335 est
830 291 944 334 enim
962 291 1008 334 in
1025 290 1275 335 hominibus
1296 306 1454 349 magna

73 371 117 407 et
137 363 294 406 usitata
314 361 581 422 perversitas,
594 361 694 420 quia
708 377 808 405 cum
825 361 1014 405 debeant
1031 362 1172 405 vivere
1193 361 1275 420 ipsi
1296 376 1454 404 seeun-

73 432 180 477 dum
195 432 467 478 voluntatem
484 431 588 485 Dei,
615 434 753 475 Deum
773 430 929 475 volunt
949 434 1094 475 vivere
1111 430 1351 475 seeundum
1375 446 1455 474 vo-

71 503 287 548 luntatem
306 516 427 546 suam
455 519 464 545 :
489 509 532 544 et
553 515 653 545 eum
676 501 756 560 ipsi
779 499 938 544 nolunt
955 501 1132 559 corrigi,
1158 499 1283 544 illum
1299 498 1456 545 volunt

72 572 319 633 depravari3
350 580 518 616 rectum
548 586 638 615 non
666 570 924 614 arbitrantes
957 569 1078 630 quod
1110 568 1183 613 ille
1217 569 1342 624 vult,
1381 568 1454 614 sed

72 643 193 705 quod
223 643 304 704 ipsi
330 642 500 688 volunt.
535 641 731 687 Solemus
765 650 911 686 autem
933 641 1082 685 audire
1104 641 1300 684 homines
1334 656 1456 685 mur-

72 723 293 759 murantes
330 712 532 758 adversus
554 716 695 757 Deum
711 747 722 768 ,
750 711 870 773 quod
890 711 1012 756 malis
1053 711 1099 755 in
1120 712 1200 755 hae
1221 711 1308 755 vita
1344 711 1457 755 bene

73 785 147 838 sit,
180 793 224 829 et
249 783 450 829 laborent
476 783 581 828 boni
607 802 615 828 ε
646 783 768 843 quasi
789 781 863 826 ille
886 796 1109 841 perversus
1131 781 1208 836 sit,
1231 789 1273 825 et
1295 782 1458 826 neseiat

73 855 181 916 quid
198 864 320 914 agat,
342 863 417 900 aut
438 855 616 899 omnino
639 853 840 898 averterit
862 852 1010 897 oculos
1029 868 1052 896 a
1077 852 1208 896 rebus
1230 852 1454 907 humanis,

75 926 145 972 vel
156 926 429 972 securitatem
442 941 563 970 suam
576 924 822 985 perturbari
836 923 960 979 nolit,
972 933 1022 967 ut
1033 924 1126 967 hcee
1138 939 1227 968 non
1241 923 1454 977 attendat,

75 997 177 1058 quia
211 1012 313 1041 cum
335 995 486 1040 labore
510 995 589 1039 ista
614 998 727 1040 Deus
748 1003 824 1038 aut
849 993 992 1038 videat
1010 1002 1085 1037 aut
1106 993 1303 1052 corrigat.
1332 996 1456 1038 Mur-

76 1075 253 1111 murant
273 1081 376 1125 ergo
397 1065 607 1120 homines,
623 1065 699 1125 qui
716 1073 944 1124 propterea
966 1063 1120 1108 volunt
1143 1067 1281 1108 Deum
1298 1062 1454 1119 colere,

77 1145 126 1180 ut
153 1136 223 1180 hic
241 1135 324 1180 illis
352 1136 464 1179 bene
493 1135 567 1190 sit,
599 1133 776 1195 quando
798 1134 985 1178 viderint
1007 1149 1078 1178 eos
1108 1134 1183 1194 qui
1204 1136 1343 1178 Deum
1369 1149 1459 1177 non

77 1207 228 1253 colunt
255 1206 419 1267 pollere
456 1215 586 1266 atque
616 1206 769 1251 florere
791 1204 996 1249 felicitate
1030 1214 1222 1262 terrena3
1247 1221 1290 1249 se
1312 1214 1458 1248 autem

75 1278 265 1324 colentes
283 1282 422 1323 Deum
437 1277 636 1322 laborare
658 1278 703 1320 in
725 1276 953 1334 angustiis,
977 1276 1023 1319 in
1045 1276 1395 1330 necessitatibus,
1414 1276 1459 1319 in

74 1365 290 1405 aerumna,
315 1348 568 1408 eaeterisque
590 1346 922 1392 difficultatibus
941 1346 1213 1391 mortalitatis
1235 1347 1453 1390 humanae.

75 1423 237 1466 Contra
264 1420 386 1464 istam
414 1435 567 1464 vocem
598 1427 641 1463 et
667 1427 815 1463 eontra
846 1417 922 1461 has
946 1417 1234 1477 blasphemias
1257 1432 1458 1461 murmu-

75 1493 288 1547 rantium,
313 1492 506 1535 incantat
521 1506 689 1550 semper
710 1505 850 1536 sermo
873 1488 1066 1545 divinus,
1092 1504 1248 1533 curans
1270 1504 1293 1533 a
1311 1504 1459 1533 morsu

75 1563 296 1623 serpentis.
329 1561 542 1606 Venenati
567 1562 681 1605 enim
703 1560 843 1606 cordis
864 1570 928 1605 est
960 1561 1039 1604 ista
1061 1560 1197 1604 sanies
1214 1595 1224 1615 ‚
1262 1569 1460 1604 eructans

76 1633 122 1678 in
139 1637 277 1678 Deum
293 1642 496 1693 putorem
514 1632 796 1692 blasphemiae
812 1667 822 1687 ,
843 1641 887 1676 et
912 1631 1032 1691 quod
1051 1632 1172 1691 pejus
1194 1639 1279 1685 est,
1305 1645 1459 1674 manus

75 1704 266 1749 curantis
288 1701 520 1762 repellens,
546 1717 738 1746 morsum
760 1701 970 1760 serpentis
992 1716 1081 1744 non
1109 1698 1334 1759 repellens.
1366 1703 1459 1744 Hoc

76 1774 186 1828 dixi,
217 1773 389 1834 repellit
416 1789 440 1817 a
463 1788 507 1817 se
540 1788 614 1817 eor
636 1772 823 1816 hominis
851 1772 970 1815 verbi
993 1771 1069 1815 Dei
1087 1771 1358 1815 severitatem
1376 1806 1387 1826 ,
1417 1779 1461 1814 et

77 1844 269 1890 admittit
295 1842 351 1887 ad
384 1858 428 1887 se
459 1841 573 1887 male
593 1841 813 1886 suadentis
835 1841 1044 1901 serpentis
1066 1840 1313 1885 blanditias.
1339 1844 1458 1886 Con-

78 1923 144 1958 tra
172 1914 251 1958 hos
275 1928 377 1973 ergo
400 1920 547 1957 cantat
567 1927 707 1956 sermo
739 1911 910 1956 divinus
925 1947 935 1965 ,
957 1921 999 1955 et
1011 1912 1098 1971 jam
1119 1911 1166 1954 in
1186 1911 1266 1955 isto
1289 1911 1460 1956 Psalmo

78 1984 273 2045 loquitur
291 1983 430 2028 nobis.
457 1981 526 2027 Ad
544 1997 674 2042 quem
695 1981 915 2026 Psalmum
936 1982 1149 2025 intentam
1171 1997 1251 2040 ego
1273 1982 1460 2026 facerem

82 2053 362 2100 Sanctitatem
387 2055 586 2096 Vestram
606 2086 616 2107 ,
642 2051 724 2096 nisi
745 2051 836 2111 ipse
860 2068 937 2096 nos
958 2052 1122 2096 faceret
1150 2067 1299 2096 omnes
1322 2051 1461 2096 inten-

79 2128 176 2171 tos?
211 2128 299 2170 Nec
320 2139 399 2169 nos
431 2123 565 2178 solos,
591 2122 667 2167 sed
690 2131 831 2168 totum
856 2123 1007 2168 orbem
1040 2132 1267 2167 terrarum.
1299 2121 1460 2167 Audite

81 2197 198 2242 enim
219 2194 592 2257 quemadmodum
614 2194 763 2254 coepit.

141 2271 200 2313 ΙΙ.
238 2287 258 2310 «
283 2266 441 2312 Audite
461 2267 556 2310 haec
588 2280 736 2310 omnes
763 2267 950 2323 gente31.
980 2283 1000 2305 >›
1032 2267 1129 2310 Non
1152 2279 1254 2323 ergo
1279 2279 1354 2309 vos
1382 2263 1461 2309 soli

82 2339 159 2400 qui
179 2339 251 2382 hic
281 2338 395 2382 estis.
419 2339 528 2382 Nam
549 2352 633 2382 vox
654 2347 801 2382 nostra
823 2345 986 2397 quanta
1003 2345 1094 2391 est,
1125 2344 1175 2380 ut
1211 2335 1269 2379 sie
1301 2336 1462 2380 elame-

82 2425 178 2454 mus
193 2443 205 2464 ,
230 2417 281 2452 ut
301 2407 481 2452 audiant
497 2423 645 2452 omnes
662 2417 824 2465 gentes.
852 2406 1064 2451 Clamavit
1086 2405 1201 2449 enim
1222 2421 1300 2465 per
1321 2409 1460 2466 Apos-

85 2480 196 2526 tolos
216 2479 424 2524 Dominus
440 2488 586 2524 noster
607 2481 730 2524 Jesus
752 2478 971 2533 Christus,
996 2475 1197 2522 clamavit
1218 2485 1284 2522 tot
1303 2476 1460 2536 linguis

134 2572 142 2589 ¹
165 2564 244 2597 Psal.
264 2575 373 2606 xnvm,
392 2573 423 2597 2.
