1841 3223
407 274 649 305 ENARRA'rlo
677 278 724 304 IN
755 276 958 305 PSALMUM
990 277 1145 305 xxmx.
1387 264 1470 302 183

82 342 265 386 stabit1?
279 344 466 388 Tantum
480 349 624 385 autem
639 340 755 386 valet
767 343 974 402 junctura
989 340 1226 396 charitatis,
1243 348 1295 384 ut
1311 355 1473 400 quam-s

83 412 145 457 vis
166 411 294 456 multi
309 410 475 471 lapides
496 411 582 456 vivi
602 411 649 454 in
670 420 888 456 structura
911 412 1063 472 templi
1084 413 1163 457 Dei
1184 412 1472 466 conveniant,

83 498 198 525 unus
233 481 341 541 lapis
362 496 413 524 ex
439 480 642 525 omnibus
671 481 761 525 fiat.
795 484 860 525 Tu
889 497 1035 526 autem
1063 482 1272 527 discidisti
1306 490 1377 538 te,
1420 482 1475 526 ab

86 550 374 597 aedificatione
395 566 592 607 revocas,
623 550 680 596 ad
701 552 872 596 ruinam
902 567 1028 597 vocas
1045 587 1056 607 ,
1081 561 1124 596 ct
1155 551 1384 597 abundant
1404 553 1474 596 hae

89 622 279 679 insidiae,
304 631 348 666 et
368 638 458 667 non
479 623 738 683 quiescunt:
769 632 814 668 et
833 622 1054 679 videmus,
1081 633 1125 668 et
1155 623 1408 679 toleramus,
1434 633 1477 669 et

89 703 303 755 quantum
316 704 546 754 possumus
563 695 795 754 reprimere
812 711 1038 750 conamur,
1060 694 1323 755 disputando
1337 731 1348 750 ,
1370 711 1477 740 con-

88 763 326 819 vincendo,
354 765 668 819 conveniendo,
683 765 902 820 terrendo,
927 775 1074 810 tamen
1088 766 1133 810 in
1155 765 1358 810 omnibus
1379 764 1479 809 dili-

89 834 246 893 gendo.
268 838 325 880 Et
343 851 446 880 cum
467 836 560 880 haec
581 836 708 880 nobis
730 837 958 895 agentibus
974 844 1251 897 perseverant
1265 836 1312 880 in
1334 836 1448 880 malo
1462 871 1474 891 ,

88 916 133 950 et
152 921 227 951 cor
257 915 455 951 nostrum
479 906 534 951 de
567 905 765 952 fraternis
793 908 1007 953 mortibus
1040 907 1333 962 contabescit,
1378 923 1479 951 cum

87 992 160 1021 eos
183 977 260 1037 qui
273 976 376 1023 foris
399 986 502 1022 sunt
519 977 640 1022 dolet
654 1013 664 1032 ,
685 979 750 1022 his
771 979 846 1038 qui
870 979 987 1023 intus
1004 987 1106 1022 sunt
1132 979 1273 1034 timet,
1296 993 1374 1038 per
1396 993 1476 1022 an-

87 1047 246 1106 gustias
282 1047 570 1094 multiformes
605 1058 648 1093 et
677 1048 951 1093 incessabiles
984 1049 1246 1093 tentationes
1260 1084 1271 1105 ,
1317 1049 1478 1109 quibus

86 1116 284 1162 abundat
301 1118 398 1164 haec
422 1119 535 1174 vita,
563 1118 671 1179 quid
703 1117 861 1163 facturi
891 1121 1076 1163 sumus?
1106 1122 1171 1163 Ex
1209 1117 1479 1164 abundantia

85 1189 203 1232 enim
227 1189 465 1249 iniquitatis
500 1190 550 1233 fit
569 1189 749 1250 quidam
769 1198 920 1249 torpor
938 1190 1157 1234 charitatis
1175 1225 1186 1244 ,
1215 1209 1235 1231 «
1259 1190 1477 1243 Quoniam

86 1277 108 1300 »
143 1258 384 1305 abundavit
406 1259 611 1320 iniquitas
629 1295 640 1315 ,
658 1259 898 1319 refrigescit
911 1260 1098 1304 charitas
1127 1259 1371 1304 multorum
1390 1262 1422 1304 ².
1450 1279 1470 1301 n

85 1333 142 1374 Et
163 1329 271 1390 quid
284 1346 432 1375 sumus
454 1331 640 1386 facturi,
666 1332 747 1375 nisi
772 1331 892 1392 quod
909 1332 1120 1392 sequitur,
1153 1332 1187 1375 si
1215 1340 1361 1375 tamen
1382 1331 1476 1390 ipso

85 1400 317 1461 adjuvante
334 1402 546 1461 possimus
568 1423 577 1447 2
601 1422 622 1445 «
648 1403 733 1456 Qui
755 1404 1092 1462 perseveraverit
1105 1418 1242 1463 usque
1260 1403 1304 1446 in
1316 1403 1471 1457 finem,

92 1490 110 1513 »
146 1472 216 1516 hic
237 1472 380 1517 salvus
398 1474 478 1517 erit
494 1474 509 1498 3
533 1475 552 1517 Ρ
576 1491 596 1514 »

144 1545 202 1586 ΙΙ.
219 1545 337 1601 Ergo
350 1542 546 1587 dicamus
564 1543 685 1604 quod
701 1545 779 1589 iste
794 1544 1005 1599 Psalmus,
1021 1564 1041 1586 «
1058 1544 1281 1590 Sustinens
1292 1543 1477 1587 sustinui

86 1630 107 1654 »
133 1614 411 1658 Dominum&
438 1634 456 1656 »
479 1615 704 1659 Sustinens
719 1616 926 1671 sustinui,
951 1632 1041 1660 non
1067 1615 1310 1676 quemlibet
1330 1614 1474 1659 homi-

83 1698 184 1728 nem
204 1684 509 1742 promissorem
524 1719 535 1740 ,
560 1685 636 1745 qui
667 1686 801 1744 possit
822 1684 972 1749 fallere
990 1696 1032 1730 et
1066 1686 1181 1737 falli3
1208 1701 1296 1730 non
1319 1699 1475 1743 quem-

27 1809 30 1811 ,
82 1752 189 1801 libet
209 1754 432 1798 hominem
454 1754 771 1800 consolatorem
788 1791 798 1806 ,
825 1758 900 1812 qui
926 1763 1068 1812 potest
1090 1754 1258 1797 tristitia
1280 1768 1355 1797 sua
1375 1762 1475 1796 ante

82 1824 315 1877 tabescere,
331 1837 464 1882 quam
478 1837 548 1866 me
563 1823 753 1867 reficere.
771 1823 1032 1868 Consolctur
1051 1839 1136 1878 me,
1154 1822 1320 1878 fratres,
1340 1824 1475 1868 homo

82 1909 184 1938 cum
209 1893 336 1937 tristis
363 1901 428 1937 est
449 1908 623 1937 mecum
639 1928 650 1947 ,
681 1893 809 1937 simul
832 1909 1054 1953 gemamus
1072 1929 1082 1948 ,
1115 1893 1242 1938 simul
1263 1894 1444 1938 fleamus
1459 1929 1472 1948 ,

82 1964 212 2009 simul
233 1979 429 2019 oremus,
454 1964 584 2008 simul
611 1965 913 2009 sustineamus.
941 1968 1081 2019 Quem
1097 2001 1107 2021 ,
1133 1966 1214 2010 nisi
1239 1967 1475 2010 Dominum

81 2035 158 2096 qui
174 2035 382 2095 promissa
404 2050 494 2079 non
516 2035 680 2089 aufert,
700 2034 775 2079 sed
789 2035 967 2080 differt?
986 2036 1226 2081 Exhibebit
1245 2037 1441 2096 profecto
1459 2071 1471 2092 ‚

82 2106 302 2150 exhibebit
317 2126 327 2162 3
342 2106 446 2166 quia
463 2105 600 2150 multa
616 2107 707 2167 jam
729 2106 924 2151 exhibuit
950 2126 958 2152 :
986 2116 1030 2150 et
1052 2106 1161 2150 nihil
1182 2106 1236 2150 de
1259 2107 1335 2151 Dei
1356 2107 1472 2151 veri-

82 2185 170 2221 tate
191 2175 424 2221 formidare
446 2175 726 2232 deberemus,
747 2177 915 2221 etiamsi
937 2176 1045 2222 nihil
1064 2178 1207 2222 adhuc
1230 2177 1468 2222 exhiberet.

81 2250 195 2291 Ecce
210 2248 300 2306 jam
323 2255 525 2306 putemus
542 2246 601 2291 ita
618 2282 629 2302 ,
656 2247 799 2292 omnia
826 2248 1022 2308 promisit
1044 2283 1054 2303 ,
1081 2247 1279 2292 nondum
1303 2248 1470 2308 aliquid

82 2316 204 2361 dedit
228 2336 236 2361 :
257 2318 440 2362 idoneus
462 2318 694 2377 promissor
717 2328 780 2362 est
800 2354 810 2374 ,
836 2318 974 2363 fidelis
992 2319 1211 2376 redditor,
1232 2328 1280 2363 tu
1301 2328 1471 2365 tantum

83 2397 174 2432 esto
194 2388 290 2447 pius
318 2397 514 2443 exactor,
539 2391 618 2433 etsi
643 2389 873 2448 parvulus,
894 2390 973 2433 etsi
994 2390 1192 2434 infirmus
1212 2425 1223 2445 ‚
1249 2390 1371 2449 exige
1391 2391 1473 2434 mi-

83 2457 371 2502 sericordiam.
408 2461 506 2504 Non
527 2458 646 2503 vides
673 2468 846 2504 teneros
878 2476 1011 2519 agnos
1049 2460 1262 2520 capitibus
1296 2461 1469 2521 pulsare

83 2528 217 2572 ubera
239 2537 450 2585 matrum,
476 2538 526 2574 ut
556 2529 668 2573 lacte
694 2532 929 2575 satientur?
954 2550 973 2572 «
1010 2531 1261 2586 Sustinens,
1296 2532 1439 2592 inquit
1455 2567 1465 2587 ,

132 2619 140 2633 ¹
158 2612 268 2644 Matth.
289 2623 377 2653 xxiv,
397 2622 429 2644 2.
451 2630 491 2635 --
513 2620 525 2636 ²
544 2613 626 2645 Ibid.
656 2621 708 2645 12.
730 2611 900 2646 -311›i‹J.
925 2613 973 2645 13.
997 2630 1037 2638 —·
1057 2612 1071 2642 4
1092 2614 1171 2648 Psal.
1189 2621 1298 2657 xxxix,
1313 2625 1345 2647 ⁴2.
