1841 3223
464 262 705 290 ENARRATIO
739 264 782 289 IN
815 262 1018 289 PSALMUM
1050 262 1120 287 XL.
1379 251 1462 287 227

84 335 213 386 gente
235 341 313 371 nos
341 325 546 371 vivificati
569 342 718 370 sumus
741 345 750 371 ι
781 325 957 371 diabolo
976 335 1123 370 tamen
1142 333 1184 368 ct
1207 323 1333 369 Judae
1355 340 1472 368 mer-

81 411 150 441 ces
172 396 296 440 malae
313 395 544 441 voluntatis
567 394 790 452 redditur,
816 411 905 440 non
925 405 1083 441 nostrae
1105 395 1267 440 salutis.
1292 398 1400 440 Nam
1416 403 1467 439 ut

81 467 286 511 noveritis
299 481 350 510 ex
364 465 508 510 animo
527 480 746 526 quemque
763 465 1044 525 pendendum
1062 465 1116 509 ad
1134 465 1469 510 retributionem

81 533 338 597 vel'praemii
357 535 428 582 vel
447 552 612 596 poenae,
637 536 883 581 invenimus
908 536 1106 580 homines
1127 537 1293 580 bonum
1316 535 1470 580 dixisse

82 606 279 663 cuidam,
300 615 344 652 et
363 606 449 650 tale
466 606 633 651 bonum
650 605 779 667 quale
800 621 878 651 nos
900 615 1100 666 optamus
1114 641 1125 661 ‚
1151 615 1194 650 et
1210 615 1357 651 tamen
1376 622 1470 650 ma-

81 676 245 723 ledicos
268 676 521 738 appellatos,
542 677 730 731 Quando
751 693 774 722 a
796 693 911 722 caeco
930 677 1006 722 illo
1035 676 1259 738 quondam
1275 713 1285 733 ,
1300 678 1391 737 jam
1411 676 1468 721 il-

81 748 297 794 luminato
334 757 378 792 et
409 763 590 808 corpore
624 758 668 793 et
709 747 862 804 corde,
895 749 1269 793 convincebantur
1305 751 1328 792 J
1333 748 1464 803 udaei,

81 819 278 865 videntes
297 835 478 880 corpore
497 855 509 876 ,
533 820 637 865 caeei
658 819 790 865 corde
812 841 824 879 3
848 821 906 865 ait
927 820 1009 864 illis
1037 819 1154 864 idem
1180 821 1270 881 jam
1291 819 1465 865 videns:

86 909 107 932 «
130 889 358 950 Numquid
388 899 432 935 et
457 905 533 935 vos
567 890 768 951 discipuli
795 892 887 951 ejus
917 890 1043 935 vultis
1061 893 1176 935 esse?
1206 894 1264 935 Et
1285 890 1369 946 illi,
1400 891 1469 936 in-

85 979 106 1002 »
138 960 236 1021 quit
268 959 584 1019 Evangelium‚
624 960 943 1006 maledixerunt
976 961 1014 1005 ei
1045 960 1236 1006 dicentes
1263 981 1272 1006 ε
1311 963 1376 1005 Tu
1409 962 1464 1005 sis

85 1049 106 1073 n
131 1030 368 1091 discipulus
388 1032 524 1091 ejus².
552 1049 572 1072 »
611 1034 705 1076 Hoc
727 1031 852 1075 nobis
885 1032 1089 1076 omnibus
1124 1032 1315 1087 eveniat,
1348 1031 1470 1092 quod

81 1101 144 1146 illi
164 1101 464 1146 maledicendo
482 1102 698 1146 dixerunt.
721 1101 969 1147 Maledictio
991 1102 1070 1147 ista
1093 1101 1307 1162 appellata
1332 1112 1395 1147 est
1416 1119 1469 1147 ex

83 1171 297 1217 malevolo
311 1187 455 1216 errore
467 1170 722 1228 dicentium,
743 1188 831 1217 non
849 1188 899 1216 ex
917 1172 1061 1233 aliquo
1073 1173 1186 1217 malo
1205 1174 1441 1218 verborum
1457 1192 1470 1221 ς

83 1258 173 1303 quo
201 1242 346 1287 animo
375 1240 562 1286 dixerint
595 1257 685 1286 non
706 1241 814 1302 quid
834 1243 1024 1288 dixerint
1052 1242 1260 1299 attendit,
1294 1243 1370 1304 qui
1398 1259 1470 1288 eos

83 1313 352 1358 maledixisse
383 1314 586 1359 narravit.
631 1333 652 1357 «
684 1314 928 1359 Adversum
966 1330 1036 1358 me
1067 1314 1316 1374 cogitabant
1353 1314 1469 1359 mala

85 1402 106 1427 »
120 1385 244 1429 mihi.
260 1388 349 1430 »Et
364 1401 464 1446 quae
476 1384 780 1441 malaChristo‚
804 1401 905 1447 quae
917 1385 1030 1431 mala
1042 1386 1340 1444 Martyribus‘?
1361 1387 1464 1431 Om-

81 1457 156 1501 nia
179 1457 226 1501 in
258 1457 426 1502 bonum
453 1457 583 1502 vertit
601 1460 731 1502 Deus.

140 1529 198 1571 X.
235 1545 257 1569 «
280 1527 477 1571 Verbum
505 1526 708 1587 iniquum
728 1527 1037 1587 disposuerunt
1065 1529 1268 1574 adversus
1295 1544 1365 1573 me
1378 1533 1410 1573 ².
1446 1548 1467 1572 »

83 1596 222 1651 Quale
241 1597 424 1642 verbum
446 1596 680 1658 iniquum?
701 1600 848 1657 Ipsum
864 1607 995 1658 caput
1010 1598 1187 1643 attende
1213 1619 1222 1644 :
1249 1619 1269 1642 «
1287 1602 1471 1646 Occida-

68 1686 106 1709 -»
132 1682 229 1712 mus
248 1683 372 1723 eum,
392 1676 436 1712 et
457 1677 603 1713 nostra
624 1668 707 1712 erit
725 1668 997 1714 haereditas³.
1026 1688 1046 1710 »
1067 1670 1196 1714 Stulti
1211 1706 1222 1725 ,
1247 1673 1470 1731 quomodo

83 1747 224 1784 vestra
254 1738 336 1782 erit
355 1737 615 1782 haereditas?
640 1738 744 1799 quia
765 1739 980 1784 occidistis
1002 1743 1131 1785 eum?
1154 1745 1268 1786 Ecce
1294 1753 1336 1787 et
1354 1745 1474 1788 occi-

83 1808 206 1853 distis
233 1823 333 1852 eum
348 1843 359 1864 ,
390 1817 435 1852 et
455 1817 595 1853 vestra
611 1824 701 1853 non
724 1809 806 1853 erit
830 1809 1072 1855 haereditas.
1094 1831 1114 1853 «
1137 1814 1363 1873 Numquid
1393 1816 1472 1875 qui

88 1897 109 1920 ιο
133 1878 295 1924 dormit
315 1893 405 1923 non
442 1877 613 1938 adjiciet
643 1888 695 1923 ut
715 1881 938 1939 resurgat?
964 1899 984 1922 »
1017 1882 1203 1935 Quando
1232 1899 1307 1928 vos
1345 1885 1471 1929 exul-

85 1949 204 1994 tastis
227 1949 432 1994 occidisse
451 1964 554 1993 eum
570 1984 581 2005 ,
611 1949 685 1994 ille
705 1949 910 1995 dormivit
939 1970 948 1996 ε
984 1950 1088 1997 dicit
1115 1954 1231 1998 enim
1257 1965 1300 2000 et
1321 1955 1367 1999 in
1385 1956 1470 2001 alio

87 2020 275 2065 Psalmo:
296 2022 426 2078 «Ego
445 2018 644 2064 dormivi.
668 2038 688 2062 n
710 2020 778 2065 Illi
793 2021 1040 2078 saevierunt,
1057 2033 1101 2068 et
1110 2025 1307 2070 occidere
1323 2027 1469 2071 volue-

83 2101 215 2136 runt:
239 2110 259 2134 ι(
278 2093 373 2150 Ego
388 2090 626 2157 dormivi.»
647 2093 756 2136 Nam
774 2091 808 2136 si
828 2092 1082 2150 noluissem,
1102 2111 1183 2140 nec
1197 2095 1466 2143 dormissem.

87 2181 109 2205 «
131 2165 225 2220 Ego
245 2160 464 2206 dormivi:
489 2154 592 2220 quia
611 2170 870 2221 potestatem
897 2163 1038 2208 habeo
1065 2166 1257 2224 ponendi
1281 2167 1472 2212 animam

85 2249 107 2274 »
127 2229 298 2286 meam,
334 2241 378 2276 et
413 2234 671 2293 potestatem
704 2232 846 2277 habeo
879 2233 1038 2278 iterum
1072 2236 1272 2280 sumendi
1321 2238 1464 2282 eam&

86 2321 108 2345 »
125 2306 219 2361 Ego
232 2301 416 2346 dormivi
443 2310 487 2346 et
513 2316 714 2345 somnum
735 2296 877 2370 coepi,
908 2313 951 2348 et
967 2306 1161 2349 exurrexi
1177 2307 1206 2350 ⁵.
1231 2325 1251 2347 »
1280 2308 1467 2374 Saeviant

84 2384 188 2432 ergo
219 2371 526 2428 Judaei,ter1a
553 2371 788 2416 tradatur
776 2389 823 2417 m
844 2389 997 2418 manus
1027 2375 1177 2434 impii⁰
1198 2412 1208 2431 ‚
1243 2393 1342 2422 caro
1363 2393 1459 2438 per-

85 2444 284 2487 mittatur
306 2442 507 2486 manibus
534 2443 909 2502 persequentium,
935 2444 1202 2503 suspendant
1233 2447 1279 2491 in
1314 2414 1460 2507 ligino⁷

135 2549 144 2565 ¹
163 2544 320 2582 Joan.1x,
338 2550 394 2583 27,
413 2541 467 2572 28.
484 2558 526 2563 -
543 2539 647 2572 arsat.
664 2552 716 2580 n,
735 2552 767 2583 9.
789 2558 829 2563 —-
847 2539 859 2563 3
877 2541 1073 2583 Mattl2.xx1‚
1095 2543 1147 2575 38.
1161 2542 1227 2574 -4
1245 2547 1337 2578 joan.
1358 2558 1390 2588 x,
1409 2550 1461 2580 18.

89 2614 131 2621 -—
150 2595 164 2621 ⁵
180 2596 257 2630 Psal.
278 2607 327 2639 m,
345 2596 378 2629 6.
397 2613 438 2619 -
456 2594 471 2619 ⁶
489 2595 562 2628 Job.
584 2607 630 2636 xx,
649 2596 702 2638 24.

1272 2656 1289 2666 ν

1245 2657 1307 2696 1ο.
