1841 3223
411 197 495 235 382
862 205 896 233 s.
933 203 1163 233 AUGUSTINI
1195 207 1376 234 Eriscom

411 293 430 315 »
467 273 522 316 de
545 270 785 315 Jerusalem
813 269 1106 315 descendebat
1134 271 1308 316 Jericho
1335 290 1344 315 2
1368 271 1536 315 transiit
1569 270 1793 325 sacerdOS,

412 362 432 384 »
469 351 511 385 ct
533 340 767 400 proeteriit,
792 340 961 384 transiit
995 341 1162 384 Levites
1180 376 1190 396 ,
1221 350 1263 385 ct
1290 341 1499 401 praeteriit
1519 341 1650 385 etiam
1680 340 1794 399 ipse,

411 431 430 454 »
466 410 663 456 transivit
683 409 862 470 quidam
888 410 1199 466 Samaritanus,
1223 412 1518 456 Samaritanus
1538 410 1683 455 neseio
1700 410 1798 470 quis

411 502 431 524 »
466 491 696 526 extraneus
726 490 843 536 erat,
880 480 970 541 ipse
996 481 1052 524 ad
1079 480 1204 526 illum
1238 483 1434 538 accessit,
1460 481 1646 541 inspexit
1667 481 1798 525 mise-

410 572 430 595 »
466 553 573 597 riam
597 553 689 612 ejus
706 586 716 606 ,
748 560 791 595 et
820 550 1114 596 misericordia
1138 553 1305 597 curavit
1325 552 1504 597 vulnera
1520 588 1530 608 ,
1564 551 1724 597 levavit
1752 551 1800 596 in

410 641 431 664 »
462 621 734 683 jumentum,
760 630 803 665 et
823 620 947 665 duxit
963 622 1008 665 in
1030 621 1252 666 stabulum
1268 657 1280 677 ,
1303 622 1626 668 commendavit
1647 622 1799 667 stabu-

410 712 430 735 »
466 693 589 738 lario.
619 711 639 733 »
675 694 782 745 Quae
808 691 854 735 in
876 692 1083 749 mysterio
1109 691 1224 736 dicta
1246 701 1347 736 sunt
1364 728 1375 748 ,
1403 702 1447 737 et
1472 692 1527 737 ad
1559 693 1800 739 discutien-

407 765 514 810 dum
534 780 653 809 nunc
672 764 901 823 prolixiora
922 763 1128 808 videntur
1154 783 1164 809 :
1190 773 1337 809 tamen
1359 774 1538 824 propter
1559 762 1680 826 quod
1696 780 1800 825 pro-

406 837 554 897 posui,
595 835 747 880 fratres
762 869 772 884 ,
824 835 883 878 ait
911 835 1123 879 Dominus
1168 854 1177 879 ;
1222 855 1242 878 «
1273 834 1379 889 Quis
1418 845 1481 880 est
1520 835 1696 880 illorum
1734 834 1799 879 illi

409 927 430 950 »
466 907 656 952 sauciato
678 906 926 965 proximus?
947 906 1188 966 Respondit
1204 905 1304 951 ille:
1327 906 1485 962 Credo,
1509 907 1587 967 qui
1605 922 1705 950 cum
1723 904 1799 950 illo

410 997 431 1020 »
466 977 570 1022 fecit
592 975 942 1021 misericordiam.
961 978 1097 1032 Vade,
1114 977 1274 1038 inquit,
1295 986 1336 1021 et
1359 986 1408 1022 tu
1429 976 1498 1022 fac
1515 977 1709 1022 similiter
1724 979 1755 1021 1.
1775 994 1795 1019 »

407 1049 487 1094 Cui
512 1046 849 1092 misericordiam
874 1046 976 1091 facis
993 1048 1242 1107 ,proximus
1265 1048 1345 1091 tibi
1363 1057 1441 1092 est.
1471 1048 1514 1092 Si
1531 1063 1633 1106 ergo
1656 1056 1799 1092 extra-

407 1134 516 1163 neus
540 1118 832 1163 Samaritanus
855 1116 1056 1162 faciendo
1074 1117 1412 1162 misericordiam
1434 1128 1478 1162 et
1499 1116 1799 1162 subveniendo

408 1190 629 1250 proximus
650 1188 790 1233 factus
815 1198 900 1246 est,
937 1189 1205 1249 quicumque
1227 1189 1307 1233 tibi
1323 1189 1369 1233 in
1391 1188 1674 1233 tribulatione
1691 1189 1800 1233 sub-

407 1262 554 1307 venire
576 1276 665 1305 non
688 1268 869 1320 possunt
885 1295 896 1315 ,
921 1258 1048 1303 alieni
1082 1275 1105 1303 a
1128 1269 1170 1303 te
1198 1258 1300 1304 sacti
1329 1269 1446 1304 sunt.
1471 1262 1568 1304 Jam
1597 1258 1800 1305 attenda-

408 1348 505 1376 mus
523 1331 619 1376 illos
635 1330 803 1386 divites,
828 1330 904 1391 qui
930 1329 1043 1374 male
1057 1330 1275 1385 vixerunt,
1296 1331 1372 1391 qui
1394 1331 1581 1390 superbe
1598 1339 1796 1388 egerunt,

408 1403 572 1447 mortui
607 1411 730 1457 sunt,
761 1410 805 1445 et
838 1400 1137 1460 reliquerunt,
1169 1417 1259 1445 non
1296 1400 1394 1445 dico
1429 1404 1668 1457 extraneis,
1702 1401 1800 1446 siliis

408 1474 496 1519 suis
518 1472 791 1533 reliquerunt
813 1470 984 1515 divitias
1001 1505 1012 1526 ,
1045 1480 1088 1514 et
1117 1469 1194 1514 filii
1218 1471 1412 1530 ipsorum
1433 1471 1549 1516 viam
1570 1481 1801 1532 parentum

409 1559 588 1589 suorum
606 1551 850 1603 sequuntur
877 1561 885 1585 :
917 1550 960 1585 et
981 1541 1093 1585 sicut
1115 1540 1177 1584 illi
1200 1541 1401 1601 superbi,
1426 1541 1485 1586 ita
1507 1551 1551 1586 ct
1571 1542 1668 1599 isti,
1689 1542 1801 1586 sicut

409 1613 473 1659 illi
492 1629 691 1673 rapaces,
716 1613 773 1656 ita
792 1621 835 1656 et
856 1611 954 1668 isti,
982 1620 1031 1655 ut
1054 1609 1116 1654 illi
1137 1611 1274 1667 avari,
1299 1620 1343 1655 et
1364 1612 1432 1656 isti
1459 1631 1467 1656 ε
1494 1611 1622 1657 alieni
1644 1612 1700 1656 ab
1717 1611 1800 1656 illis

408 1695 526 1730 sunt.
551 1688 660 1730 Nam
690 1692 740 1727 ut
767 1683 974 1727 noveritis
998 1683 1100 1742 quia
1124 1682 1254 1726 alieni
1275 1692 1377 1727 sunt
1392 1718 1402 1738 ,
1427 1683 1710 1728 subvenirent
1737 1681 1800 1728 illi

409 1756 561 1811 diviti,
587 1755 664 1815 qui
688 1753 868 1798 ardebat
885 1753 931 1796 in
952 1753 1148 1808 flamma,
1173 1769 1436 1798 successores
1459 1753 1709 1798 divitiarum
1730 1755 1800 1814 ip-

409 1827 510 1871 sius.
539 1825 624 1871 Sed
646 1824 759 1869 forte
776 1839 866 1867 non
888 1823 1065 1878 habuit,
1089 1823 1166 1882 qui
1185 1822 1247 1867 illi
1269 1824 1581 1879 succederent,
1607 1833 1650 1868 et
1670 1824 1800 1871 alieni

408 1896 695 1956 possederunt
726 1893 896 1937 divitias
916 1892 1075 1952 ipsius?
1099 1893 1350 1937 Invenimus
1372 1894 1417 1937 in
1445 1894 1537 1953 ipso
1564 1893 1800 1952 Evangelio

406 1967 512 2027 quia
526 1965 682 2010 habuit
697 1963 899 2021 ,aitenim
913 1982 919 2006 :
937 1963 1114 2007 «Habeo
1122 1963 1318 2023 quinque
1332 1962 1529 2008 fratres.»
1549 1967 1720 2009 Fratres
1732 1965 1800 2025 ip-

408 2038 495 2082 sius
511 2035 742 2081 subvenire
764 2033 827 2077 illi
849 2033 1018 2077 ardenti
1039 2033 1085 2076 in
1103 2034 1276 2078 flamma
1297 2050 1386 2079 non
1406 2043 1660 2094 potuerunt.
1681 2036 1800 2089 Quid

409 2107 489 2152 tibi
509 2106 673 2151 diceret
687 2104 834 2148 dives?
860 2103 1045 2147 «Habeo
1069 2104 1266 2163 quinque
1282 2103 1435 2149 fratres
1449 2108 1466 2132 ²
1487 2123 1531 2150 2»
1555 2121 1693 2150 unum
1716 2105 1800 2151 fra-

408 2188 520 2223 trem
535 2176 643 2221 mihi
665 2175 853 2219 amicum
875 2189 965 2221 non
981 2171 1085 2228 feci,
1111 2174 1186 2234 qui
1204 2175 1379 2234 jacebat
1393 2184 1493 2219 ante
1509 2177 1690 2236 januam
1712 2176 1799 2222 :illi

408 2246 681 2295 mihifratres
699 2244 931 2290 subvenire
954 2260 1043 2288 non
1063 2254 1267 2304 possunt,
1292 2246 1368 2306 qui
1386 2246 1608 2305 possident
1627 2247 1797 2293 divitias

408 2336 524 2364 meas
539 2355 551 2375 ,
577 2318 707 2363 alieni
726 2333 749 2362 a
767 2332 837 2360 me
855 2315 957 2360 facti
979 2325 1095 2361 sunt.
1116 2316 1280 2361 Videtis
1302 2316 1403 2376 quia
1420 2333 1569 2364 omnes
1585 2318 1663 2379 qui
1682 2318 1796 2364 male

407 2393 578 2446 vivunt,
605 2389 754 2434 alienis
771 2387 1026 2448 relinquunt
1048 2386 1218 2432 divitias
1239 2403 1352 2433 suas.

466 2465 566 2507 XV.
603 2460 689 2507 Sed
707 2459 836 2520 plane
858 2468 1066 2519 praestant
1084 2458 1167 2504 illis
1196 2459 1277 2520 ipsi
1307 2459 1461 2516 alieni,
1487 2461 1563 2521 qui
1583 2470 1795 2508 vocantur

456 2554 465 2572 ¹
483 2549 559 2581 Luc.
581 2557 614 2588 x,
634 2544 744 2587 27-37.
765 2560 807 2567 —
825 2550 839 2567 ²
858 2543 905 2576 Id.
928 2553 992 2585 xvi,
1013 2534 1066 2576 28.
