1841 3223
384 209 466 246 ‘200
795 217 829 246 s.
866 217 1095 246 Arensnm
1129 219 1308 247 Er1scor1

377 287 421 329 in
440 285 824 330 eruet-Dominum.
848 283 932 327 Alii
952 299 1038 327 non
1059 293 1359 343 coguoverunt
1380 281 1587 328 miracula
1606 282 1763 328 facien-

381 366 465 400 tem
482 392 492 410 ,
524 355 698 413 agnovit
734 353 806 397 ille
836 353 882 397 in
904 353 1022 413 ligno
1044 353 1324 414 pendentem.
1352 357 1456 398 Erat
1477 353 1550 398 ille
1572 354 1765 398 confixus

378 426 581 471 omnibus
604 424 825 479 membris,
847 439 999 468 manus
1022 423 1152 468 clavis
1170 424 1458 479 inhaerebant,
1485 423 1613 484 pedes
1633 433 1769 467 trans-

378 497 452 539 fixi
472 504 593 539 erant
610 530 620 548 ,
644 503 786 538 totum
807 509 963 554 corpus
984 494 1049 555 adj
1059 495 1459 554 ungebaturligno3
1483 509 1638 554 corpus
1656 493 1767 538 illud

379 581 467 609 non
485 565 669 609 vacabat
689 565 853 609 caeteris
871 580 983 608 mem
993 566 1092 620 bris,
1109 564 1258 623 lingua
1271 565 1453 610 vacabat
1466 574 1506 610 et
1521 581 1595 609 cor
1611 583 1619 609 :
1637 563 1768 608 eorde

377 635 585 690 credidit,
618 651 691 680 ore
710 634 931 680 confessus
954 645 1031 679 est.
1064 638 1318 680 «Memento
1354 636 1464 691 mei,
1491 635 1657 695 inquit,
1682 638 1772 679 Do-

381 726 401 749 »
439 708 576 761 mine,
603 722 704 751 cnm
727 707 894 750 veneris
916 707 960 749 in
984 721 1168 764 regnum
1201 714 1344 749 tuum.
1374 724 1393 747 »
1428 704 1619 750 Salutem
1649 715 1772 749 suam

379 778 510 836 longe
527 777 722 821 futuram
744 776 966 835 sperabat,
995 784 1037 819 et
1060 785 1158 834 post
1178 774 1358 834 longum
1382 785 1554 835 tempus
1577 776 1772 834 accipere

378 857 610 893 contentus
634 856 723 901 erat
747 867 754 891 :
775 847 821 889 in
843 845 1024 904 longum
1043 846 1266 906 sperabat,
1293 846 1383 891 dies
1401 862 1491 891 non
1513 855 1577 890 est
1595 845 1768 890 dilatus.

380 920 461 964 llle
473 920 582 963 dixit
610 939 617 963 :
644 939 663 960 «
683 922 904 964 Memento
927 918 1029 972 mei,
1051 933 1149 962 cum
1166 919 1332 962 veneris
1352 918 1397 961 in
1412 932 1597 977 regnum
1618 927 1767 961 tuum:
1830 936 1832 941 ·

382 1008 403 1031 >›
440 989 512 1033 ille
537 988 760 1049 respondit
787 1008 795 1033 :
827 1007 845 1030 «
864 992 1005 1033 Amen
1027 988 1126 1033 (lico
1146 988 1225 1032 tibi
1242 1023 1253 1043 ,
1276 987 1407 1032 hodic
1429 1003 1603 1031 mecum
1626 988 1706 1031 eris
1728 987 1774 1031 in

381 1078 402 1101 >›
438 1060 636 1119 paradiso
656 1063 686 1103 1.
725 1059 889 1113 Hodie,
923 1059 1093 1119 inquit,
1120 1074 1292 1103 meeum
1328 1059 1408 1101 eris
1433 1058 1478 1102 in
1506 1056 1720 1118 paradiso.
1749 1074 1770 1098 >›

378 1130 604 1175 Paradisus
627 1130 762 1174 hahet
783 1129 898 1188 ligna
922 1129 1063 1174 felicia
1090 1149 1099 1174 ;
1128 1129 1259 1174 hodie
1276 1118 1450 1173 ineeum
1467 1129 1512 1172 in
1533 1129 1653 1188 ligno
1676 1143 1776 1172 eru-

379 1203 459 1257 cis,
481 1201 614 1246 hodie
636 1217 806 1246 meeum
834 1202 878 1244 in
903 1200 1023 1260 ligno
1047 1200 1210 1245 salutis.

438 1276 559 1317 xw.
601 1292 620 1315 «
647 1275 760 1316 Eece
793 1272 906 1316 labia
942 1288 1037 1316 mea
1066 1288 1155 1316 non
1180 1271 1424 1331 prohibebo
1445 1306 1456 1327 ,
1496 1271 1701 1325 Domine,
1727 1278 1777 1314 tu

382 1363 403 1386 n
440 1344 682 1403 cognovisti
700 1363 707 1388 :
724 1362 743 1384 »
766 1359 820 1387 ne
839 1343 987 1388 credat
1004 1343 1156 1399 corde,
1183 1353 1227 1387 et
1247 1359 1337 1402 prae
1366 1343 1520 1387 timore
1542 1342 1658 1386 labia
1679 1357 1779 1402 pro-

378 1416 528 1460 hibeat
550 1415 809 1458 annuntiare
835 1414 955 1475 quod
984 1414 1183 1459 credidit.
1222 1417 1332 1459 Sunt
1363 1414 1479 1458 enim
1517 1413 1775 1468 Christiani,

379 1487 546 1531 hahent
569 1487 700 1530 fidem
729 1486 774 1529 in
807 1486 960 1541 corde,
985 1492 1035 1531 'et
1057 1488 1169 1531 inter
1195 1502 1384 1547 paganos
1414 1503 1605 1542 amaros,
1626 1486 1780 1530 misere

382 1558 595 1612 urbanos,
633 1555 832 1600 sordidos
849 1592 860 1612 ,
902 1557 1126 1613 infideles,
1166 1559 1336 1617 ineptos
1353 1593 1363 1613 ,
1404 1557 1679 1602 insultatores
1696 1592 1707 1611 ,
1746 1556 1781 1600 si

383 1628 584 1686 exagitari
610 1627 851 1687 coeperint,
876 1628 977 1687 quia
996 1628 1230 1672 Christiani
1253 1638 1376 1686 sunt,
1399 1629 1566 1672 habent
1584 1629 1627 1672 in
1650 1626 1782 1683 eorde

382 1699 535 1752 fidem,
575 1707 618 1742 et
648 1698 804 1742 timent
824 1698 1022 1741 confiteri
1041 1713 1117 1757 per
1145 1697 1256 1741 labia
1274 1733 1284 1752 ,
1310 1698 1547 1757 prohibent
1569 1697 1681 1742 labia
1705 1713 1782 1742 sua

383 1784 536 1814 sonare
559 1769 677 1829 quod
702 1777 892 1823 norunt,
924 1784 1076 1812 sonare
1093 1768 1213 1828 quod
1235 1768 1353 1812 intus
1376 1768 1557 1812 habent.
1593 1766 1675 1813 Sed
1711 1783 1782 1812 re·

383 1840 616 1902 prehendit
635 1841 712 1884 hos
735 1841 945 1884 Dominus
974 1859 982 1883 :
1021 1840 1133 1892 «Qui
1156 1855 1224 1882 mc
1254 1839 1463 1883 confusus
1486 1838 1618 1883 fuerit
1635 1855 1783 1884 coram

387 1931 407 1954 »
443 1911 718 1965 hominibus,
746 1909 993 1954 confundar
1021 1909 1076 1953 (le
1097 1909 1172 1954 illo
1190 1926 1336 1954 coram
1360 1914 1487 1954 Patre
1509 1926 1606 1954 meo
1619 1913 1654 1965 ²,
1681 1928 1701 1951 »
1737 1908 1784 1954 id

384 1992 473 2038 est,
497 1998 587 2025 non
610 1997 709 2025 cuin
735 1996 995 2038 cognoscam
1021 2000 1030 2025 :
1056 1981 1158 2040 quia
1184 1981 1363 2024 erubuit
1389 1996 1459 2024 me
1483 1980 1679 2024 confiteri
1710 1996 1784 2025 eo-

385 2068 477 2097 ram
508 2052 784 2106 hominibus,
811 2066 899 2095 non
935 2066 1036 2093 eum
1059 2051 1302 2095 confitebor
1325 2066 1471 2094 coram
1505 2054 1630 2094 Patre
1666 2066 1780 2095 meo.

384 2124 541 2168 Dicant
564 2137 664 2179 ergo
702 2120 818 2166 labia
841 2119 961 2181 quod
985 2120 1117 2164 habet
1141 2135 1216 2164 cor
1242 2140 1251 2165 ε
1279 2121 1363 2165 hoe
1389 2130 1540 2164 eontra
1563 2120 1780 2165 timorem.

387 2194 559 2238 Habeat
581 2209 655 2237 eor
679 2191 798 2253 quod
824 2191 977 2235 dieunt
999 2190 1114 2234 labia
1142 2211 1150 2235 :
1171 2191 1255 2235 hoc
1279 2201 1428 2235 contra
1444 2190 1780 2235 simulationem.

386 2262 638 2324 Aliquando
659 2262 774 2306 enim
789 2262 918 2305 timor
935 2270 1014 2316 est,
1036 2270 1078 2304 et
1100 2277 1190 2305 non
1213 2261 1345 2306 audes
1365 2263 1509 2306 dicere
1527 2260 1647 2321 quod
1670 2261 1784 2305 nosti

388 2334 509 2394 quod
533 2335 696 2378 credis:
724 2333 960 2394 aliquando
975 2331 1193 2376 simulatio
1216 2342 1279 2377 est
1294 2369 1304 2389 ,
1328 2332 1450 2388 dicis,
1478 2341 1520 2376 et
1542 2349 1631 2377 non
1649 2333 1784 2377 habes

387 2406 432 2448 in
462 2405 607 2448 eorde.
635 2404 922 2448 Consentiant
954 2402 1067 2446 labia
1099 2412 1173 2447 tua
1206 2403 1326 2448 cordi
1356 2413 1446 2448 tuo.
1474 2407 1680 2456 Quoerens
1703 2418 1782 2462 pa-

389 2490 481 2518 cem
514 2490 537 2518 a
561 2478 675 2530 Deo,
704 2474 780 2518 tibi
803 2475 892 2533 ipse
915 2482 1005 2518 esto
1024 2483 1202 2532 pacatus
1229 2493 1235 2518 :
1265 2490 1354 2519 non
1371 2474 1425 2518 sit
1448 2474 1561 2518 inter
1582 2489 1628 2519 os
1651 2482 1778 2517 tuum

438 2562 529 2591 ¹11u⁴7
563 2571 651 2600 x‘zui,
673 2559 727 2601 sse,
750 2558 864 2600 41—
886 2567 898 2581 ²
918 2562 1012 2591 Mai-c.
1034 2571 1104 2599 vni,
1125 2559 1177 2590 38.

1834 0 1841 280 ³
