1841 3223
342 192 426 230 560
777 198 810 227 S.
847 201 1078 228 Auousnm
1113 202 1293 229 EPISCOPI

340 266 490 311 ecdem
508 264 798 324 consequeris
821 265 1100 309 Amatoribus
1115 267 1201 309 suis
1216 267 1427 310 Dominus
1447 275 1593 310 noster
1606 269 1728 311 Jesus

339 336 537 381 Christus
559 334 666 394 quid
691 334 826 379 dicit?
852 354 871 376 «
898 335 983 388 Qui
1005 334 1148 393 diligit
1165 351 1235 379 me
1252 371 1263 391 ,
1289 336 1493 380 mandata
1512 352 1606 380 mea
1630 352 1729 381 cus-

343 425 362 447 »
402 405 534 463 todit3
560 415 602 449 et
625 405 702 465 qui
723 404 864 464 diligit
893 422 983 460 me,
1011 405 1217 465 diligetur
1235 423 1257 450 a
1279 409 1405 451 Patre
1434 422 1530 451 meo
1546 442 1557 461 ‚
1582 416 1626 451 et
1652 422 1731 465 ego

341 495 362 517 »
398 476 573 534 diligam
597 491 712 519 eum.
742 494 761 516 »
785 475 901 528 Quid
919 475 980 519 illi
999 491 1101 534 ergo
1125 476 1273 520 dabis?
1296 496 1315 518 «
1340 480 1397 521 Et
1418 476 1646 521 ostendam
1663 493 1732 521 me

344 565 364 588 »
399 546 541 605 ipsum
570 545 632 590 illi
648 548 677 589 1.
705 564 723 587 n
749 545 792 590 Si
814 562 904 590 non
921 562 1037 590 amas
1054 582 1066 602 ‚
1092 562 1247 606 parum
1270 562 1336 591 es:
1362 548 1395 590 si
1418 562 1534 591 amas
1555 582 1566 601 ‚
1591 547 1625 592 si
1647 562 1734 591 sus-

341 617 483 678 piras,
515 617 550 661 si
586 617 716 676 gratis
740 615 844 661 eolis
871 632 970 660 eum
995 652 1006 673 ,
1039 633 1062 661 a
1087 633 1176 677 quo
1199 617 1329 674 gratis
1351 627 1523 677 emptus
1546 633 1610 673 es,
1644 633 1735 662 non

342 689 458 733 enim
482 704 583 732 011111
601 704 901 748 promerueras
925 697 974 732 ut
990 697 1031 732 te
1056 688 1314 743 redimeret,
1336 688 1370 732 si
1388 688 1669 733 consideratis
1689 688 1736 734 in

345 768 384 803 te
403 759 622 803 benefieiis
636 774 726 818 ejus
744 758 944 817 suspiraS‚
963 768 1007 802 et
1021 758 1267 819 inquietum
1280 759 1414 802 habes
1430 774 1503 803 eor
1522 757 1735 804 desiderio

342 831 461 890 ejus3
488 828 578 873 noli
601 838 720 872 extra
743 844 844 873 eum
867 827 1033 888 aliquid
1055 828 1108 873 ab
1131 845 1181 873 eo
1204 845 1416 889 quaerere⁷
1442 829 1533 889 ipse
1555 829 1634 873 tibi
1651 828 1737 873 sui-

343 901 449 945 ficit.
476 899 814 953 Quantumlibet
835 901 888 944 sis
913 915 1090 956 avarus,
1128 900 1290 945 suflicit
1307 900 1387 944 tibi
1407 903 1535 944 Deus.
1563 901 1738 944 Etenim

343 972 520 1016 avaritia
537 982 698 1016 terram
716 972 942 1032 quaerebat
959 971 1177 1031 possidere
1193 981 1346 1027 totam⁷
1363 970 1475 1015 adde
1490 981 1534 1016 et
1548 971 1708 1016 coelum
1725 990 1735 1016 2

343 1042 441 1103 plus
464 1052 528 1087 est
548 1043 625 1102 qui
647 1041 751 1086 fecit
783 1041 946 1087 coelum
980 1051 1023 1086 et
1051 1052 1225 1086 terram.
1262 1042 1439 1097 Dicam,
1470 1041 1624 1087 fratres
1651 1061 1659 1086 2
1686 1045 1739 1085 In

342 1114 432 1158 istis
461 1114 662 1157 humanis
697 1114 911 1174 conjugiis
940 1112 1211 1157 considerate
1234 1129 1308 1158 cor
1331 1122 1498 1157 eastum
1526 1113 1656 1173 quale
1685 1113 1740 1157 sit

344 1184 400 1228 ad
423 1188 563 1229 Deum
590 1200 598 1226 2
623 1194 739 1229 certe
760 1185 953 1228 humana
977 1184 1176 1244 conjugia
1200 1193 1302 1228 sunt
1320 1220 1330 1240 ‚
1357 1200 1446 1229 11011
1469 1183 1610 1243 diligit
1631 1200 1740 1229 uxo-

344 1271 436 1299 rem
459 1271 581 1299 suam
598 1290 609 1308 ,
636 1255 712 1316 qui
730 1264 908 1314 propter
926 1254 1074 1298 dotem
1093 1254 1213 1298 illam
1231 1254 1372 1311 diligit
1392 1274 1399 1299 2
1426 1271 1515 1299 11011
1532 1255 1739 1298 maritum

344 1335 458 1370 caste
477 1325 647 1385 diligit,
673 1341 772 1385 quae
794 1334 1023 1384 propterea
1046 1324 1208 1382 diligit,
1229 1325 1331 1385 quia
1355 1325 1521 1386 aliquid
1542 1325 1737 1381 donavit,

345 1407 421 1441 aut
450 1399 552 1458 quia
583 1397 784 1454 multum,
799 1397 994 1442 donavit.
1026 1400 1084 1441 Et
1110 1396 1228 1441 dives
1263 1398 1442 1441 maritus
1462 1432 1472 1451 ,
1505 1405 1547 1440 et
1575 1412 1741 1456 pauper

344 1466 487 1512 sactus
505 1468 686 1512 maritus
702 1476 779 1510 est.
803 1470 943 1520 Quam
963 1466 1092 1510 multi
1110 1467 1338 1526 proscripti
1355 1483 1378 1511 a
1395 1467 1519 1511 castis
1534 1467 1741 1512 uxoribus

345 1538 532 1598 amplius
556 1538 703 1582 dilecti
726 1540 860 1581 sunt?
894 1537 1080 1581 Probata
1103 1547 1205 1581 sunt
1234 1537 1372 1582 multa
1396 1547 1510 1582 casta
1540 1538 1742 1598 conjugia

344 1609 665 1653 calamitatibus
684 1610 940 1652 maritorum
959 1628 967 1652 :
993 1623 1048 1652 ne
1072 1608 1192 1652 aliud
1215 1624 1359 1652 amare
1381 1624 1514 1668 quam
1536 1610 1742 1652 maritum

343 1689 620 1743 putarentur,
646 1697 736 1724 non
757 1679 898 1724 solum
921 1695 1011 1723 11011
1029 1678 1331 1733 deseruerunt,
1351 1678 1428 1723 sed
1449 1679 1635 1738 amplius
1658 1680 1742 1723 ob-

343 1760 504 1795 secutae
527 1761 644 1795 sunt.
675 1751 717 1795 Si
746 1766 848 1809 ergo
874 1749 1054 1794 maritus
1087 1748 1270 1792 earnalis
1301 1749 1431 1808 gratis
1454 1748 1677 1808 diligitur,
1709 1750 1743 1794 si

344 1831 460 1865 caste
484 1821 682 1880 diligitur
703 1841 713 1878 3
746 1829 789 1863 et
819 1836 930 1864 uxor
953 1818 1136 1863 earnalis
1170 1819 1298 1877 gratis
1321 1818 1533 1879 diligitur,
1570 1821 1605 1864 si
1627 1829 1742 1865 caste

340 1892 540 1951 diligitur
562 1913 572 1949 3
599 1895 713 1936 Deus
744 1891 969 1952 quomodo
998 1890 1246 1949 diligendus
1272 1900 1361 1945 est,
1393 1907 1520 1935 verus
1549 1901 1592 1935 et
1614 1907 1742 1936 verax

345 1963 503 2007 animae
527 1963 708 2007 maritus
725 1961 780 2006 ad
800 1961 967 2020 prolem
991 1961 1264 2020 sempiternae
1285 1961 1386 2005 vitae
1405 1960 1682 2017 foecundans,
1699 1971 1742 2006 et

343 2034 508 2079 steriles
527 2050 605 2078 1105
624 2050 714 2078 11011
736 2048 826 2078 esse
847 2032 1131 2092 permittens?
1150 2031 1280 2076 Illum
1298 2048 1401 2090 ergo
1415 2033 1473 2076 510
1491 2032 1738 2091 diligamus,

343 2115 392 2149 ut
416 2104 537 2148 aliud
560 2114 718 2164 praeter
740 2104 883 2163 ipsum
905 2118 994 2147 non
1016 2102 1223 2161 diligatur
1245 2121 1253 2146 ι
1280 2112 1323 2147 et
1344 2103 1393 2146 fit
1412 2103 1458 2146 111
1480 2103 1604 2148 nobis
1621 2102 1743 2163 quod

345 2177 532 2221 diximus
551 2211 562 2232 ,
595 2174 718 2236 quod
749 2174 1039 2229 cantavimus,
1072 2174 1174 2234 quia
1204 2183 1248 2218 et
1270 2175 1341 2219 hie
1369 2190 1453 2219 vox
1474 2183 1620 2218 nostra
1643 2184 1706 2219 est
1728 2193 1736 2219 :

348 2267 369 2290 «
406 2251 457 2291 In
481 2261 762 2307 quacumque
787 2244 858 2289 die
891 2245 1150 2290 invocavero
1179 2253 1248 2300 te,
1279 2260 1378 2289 eece
1401 2245 1503 2290 scivi
1531 2245 1741 2305 quoniam

347 2337 368 2360 »
404 2322 518 2363 Deus
542 2334 664 2362 meus
693 2333 736 2362 es
759 2327 822 2361 tu.
855 2335 875 2357 »
903 2319 997 2360 Hoc
1019 2324 1083 2360 est
1104 2316 1304 2360 invocare
1328 2319 1489 2372 Deum,
1522 2317 1652 2374 gratis
1673 2316 1742 2360 in—

344 2405 513 2434 vocare.
538 2387 726 2432 Proinde
751 2386 805 2431 de
827 2385 1092 2447 quibusdam
1113 2386 1220 2446 quid
1242 2387 1408 2430 dietum
1432 2388 1525 2430 est?
1547 2405 1566 2428 α
1588 2386 1739 2430 Domi-

346 2478 366 2502 »
402 2474 510 2504 num
532 2475 622 2504 non
644 2458 975 2504 invocaverunt.
996 2474 1016 2499 »
1034 2457 1166 2510 Quasi
1185 2457 1423 2502 Dominum
1439 2457 1520 2501 sibi
1538 2457 1739 2503 invocare

392 2553 398 2569 ¹
421 2548 511 2579 Joan.
535 2554 601 2586 xiv,
623 2545 679 2581 23.

1796 3048 1805 3052 ι
