1841 3223
405 193 486 234 148
835 202 868 233 s.
905 203 1134 234 Aucusnm
1167 207 1345 235 Eriscom

398 272 598 316 hominis.
621 274 684 315 Ex
707 269 781 315 illo
805 285 908 330 ergo
927 287 970 315 sc
993 272 1226 318 ostendens
1243 288 1391 319 veram
1412 287 1584 317 carnem
1603 284 1788 334 portare,

401 342 507 386 dicit
530 362 538 386 ε
564 345 708 385 «Deus
727 356 870 396 meus,
892 345 1006 387 Deus
1026 359 1169 399 meus,
1191 343 1350 404 utquid
1369 359 1439 388 me
1459 343 1753 405 dereliquisti?
1769 365 1788 388 n

400 415 497 458 Non
530 412 653 456 illum
687 411 848 456 dimisit
871 415 999 458 Deus.
1029 415 1071 459 Si
1099 424 1141 458 te
1164 431 1253 459 non
1276 414 1456 460 dimittit
1478 415 1726 461 credentem
1748 417 1793 462 in

399 500 443 529 se
459 519 469 539 ,
495 483 717 528 Christum
736 483 975 529 dimitteret
997 489 1123 530 Pater
1136 495 1179 530 et
1192 485 1329 530 Filius
1352 496 1395 530 et
1415 486 1597 546 Spiritus
1619 497 1792 533 sanctus

397 571 513 600 unus
530 557 671 600 Deus?
695 554 778 600 Sed
794 571 1019 616 personam
1042 557 1085 600 in
1109 573 1153 601 se
1175 558 1553 615 transfiguraverat
1570 559 1695 617 primi
1711 559 1792 604 ho-

396 626 540 673 minis.
569 626 751 682 Scimus,
775 626 948 671 dicente
971 627 1205 687 Apostoloz
1236 628 1378 680 «Quia
1396 637 1520 673 vetus
1542 629 1674 674 homo
1691 646 1792 675 nos-

401 716 422 743 »
442 709 506 745 ter
523 700 717 744 confixus
736 708 799 743 est
819 699 937 744 cruci
958 715 1058 743 eum
1081 699 1155 744 illo
1170 701 1200 744 1.
1222 718 1241 740 »
1264 702 1362 745 Non
1385 709 1529 744 autem
1548 715 1790 749 careremus

395 781 636 826 vetustate,
664 771 743 815 nisi
765 770 1090 830 crucifigeretur
1111 771 1156 814 in
1178 770 1444 815 infirmitate.
1471 772 1537 816 Ad
1562 772 1645 817 hoc
1674 773 1789 818 enim

394 844 540 898 venit,
572 852 622 888 ut
652 857 912 886 renovemur
939 842 983 885 in
1012 840 1087 885 illo
1124 860 1133 886 :
1170 843 1271 902 quia
1296 841 1584 887 desiderando
1617 859 1717 888 eum
1746 853 1790 888 ct

393 914 638 975 passionem
659 913 750 972 ejus
770 912 981 956 imitando
1004 927 1278 957 renovamur.
1306 915 1422 971 Ergo
1444 928 1527 957 vox
1547 923 1637 958 erat
1664 914 1787 958 infir-

393 987 578 1041 mitatis,
598 1000 680 1029 vox
702 993 793 1028 erat
815 993 981 1039 nostra,
1004 1001 1089 1045 qua
1113 983 1281 1028 dictum
1304 994 1390 1028 est:
1422 1004 1441 1027 (ε
1461 989 1602 1038 Quare
1621 1001 1691 1029 me
1711 986 1788 1030 de-

394 1077 416 1102 »
453 1055 696 1117 reliquisti?
723 1074 742 1096 »
782 1054 889 1099 Inde
918 1055 979 1098 ibi
1005 1054 1172 1099 dictum
1195 1064 1258 1098 est
1288 1074 1296 1099 :
1329 1054 1498 1099 «Verba
1527 1055 1786 1101 delictorum

394 1148 415 1172 ³)
452 1130 677 1173 meorum2
701 1148 709 1173 :
739 1145 759 1168 >›
786 1136 996 1188 tanquam
1019 1127 1182 1171 diceret
1209 1145 1217 1172 :
1249 1129 1352 1171 Haec
1373 1127 1506 1171 verba
1528 1143 1579 1171 ex
1601 1143 1786 1188 persona

391 1199 628 1261 peccatoris
648 1199 693 1242 in
706 1214 775 1242 mc
796 1198 1098 1256 ‘transfigurata
1118 1206 1235 1242 sunt.
1259 1217 1278 1239 «
1292 1200 1356 1243 Ne
1369 1197 1609 1242 discesseris
1625 1216 1647 1243 a
1660 1215 1743 1243 me.
1760 1217 1781 1242 »

449 1273 658 1317 XXVIII.
700 1290 719 1313 «
746 1269 931 1315 Intende
954 1270 999 1313 in
1021 1269 1288 1330 adjutorium
1309 1285 1481 1326 meum,
1507 1271 1693 1315 Domine
1714 1287 1784 1316 sa-

392 1362 415 1387 »
450 1342 552 1387 lutis
569 1358 678 1386 meze
693 1344 725 1385 ²³.
753 1359 772 1382 η
800 1344 898 1401 Ipsa
921 1349 983 1385 est
1006 1340 1118 1384 salus
1136 1375 1146 1395 ,
1168 1338 1320 1385 fratres
1336 1376 1346 1395 ,
1373 1339 1426 1384 de
1444 1357 1529 1401 qua
1552 1341 1692 1386 salute
1710 1358 1784 1386 cx-

388 1414 904 1477 quisieruntProphetae,
928 1413 1040 1456 sicut
1063 1411 1168 1456 dicit
1183 1411 1402 1471 apostolus
1422 1416 1574 1457 Petrus
1602 1432 1610 1458 ε
1630 1422 1673 1457 et
1694 1430 1783 1459 non

389 1495 652 1547 acceperunt
673 1485 749 1545 qui
770 1484 1123 1544 exquisierunt&
1150 1483 1224 1528 sed
1251 1484 1564 1543 inquisierunt,
1600 1494 1643 1528 et
1670 1500 1783 1544 pree-

388 1559 730 1610 nuntiaverunt,
768 1565 811 1599 et
842 1555 1039 1599 venimus
1078 1570 1184 1610 nos,
1216 1563 1259 1598 et
1286 1555 1531 1599 invenimus
1570 1555 1690 1615 quod
1718 1555 1781 1600 illi

387 1629 701 1690 exquisierunt.
722 1629 779 1670 Et
801 1640 900 1670 ecce
923 1641 1001 1670 nos
1024 1625 1222 1670 nondum
1244 1625 1508 1685 accepimus,
1534 1635 1575 1670 et
1598 1641 1781 1671 nascen-

384 1711 460 1746 tur
486 1708 584 1760 post
615 1713 719 1752 nos,
755 1706 798 1740 ct
826 1695 1049 1740 invenient
1074 1695 1194 1756 quod
1228 1711 1308 1739 nec
1336 1695 1417 1754 ipsi
1449 1695 1691 1755 accipient,
1737 1706 1781 1741 et

383 1771 598 1818 transient
619 1789 627 1814 ε
653 1777 703 1813 ut
721 1782 871 1813 omnes
893 1765 1022 1810 simul
1044 1766 1089 1809 in
1104 1766 1190 1808 fine
1213 1765 1299 1808 diei
1317 1780 1419 1809 cum
1437 1766 1715 1821 Patriarchis,
1737 1776 1780 1811 ct

384 1841 613 1902 Prophetis
629 1875 639 1895 ,
664 1848 708 1883 et
729 1836 946 1897 Apostolis
960 1835 1187 1880 denarium
1206 1834 1354 1880 salutis
1372 1836 1647 1895 accipiamus.
1674 1839 1778 1881 Ete-

383 1914 476 1960 nim
497 1912 631 1956 nostis
658 1907 945 1953 mercenarios
965 1906 1031 1951 vel
1062 1907 1278 1965 operarios
1304 1905 1481 1951 diversis
1509 1907 1777 1967 temporibus

382 1986 541 2030 ductos
564 1981 619 2026 ad
639 1980 839 2033 vineam,
864 1975 1110 2021 mercedem
1134 1986 1279 2020 tamen
1298 1976 1456 2035 pariter
1476 1981 1771 2037 acceperunt5.

381 2058 440 2101 Et
479 2052 709 2113 Prophetae
733 2063 858 2108 ergo,
883 2057 927 2091 et
957 2046 1175 2106 Apostoli,
1201 2056 1244 2090 et
1267 2050 1500 2105 Martyres,
1528 2057 1571 2092 et
1591 2064 1668 2093 nos
1686 2084 1695 2100 ‚
1732 2059 1776 2095 et

379 2126 458 2187 qui
478 2133 578 2185 post
599 2137 678 2167 nos
700 2128 829 2165 erunt
850 2133 988 2179 usque
1010 2117 1056 2161 in
1078 2118 1208 2161 finem
1232 2117 1400 2172 soeculi,
1426 2117 1471 2161 in
1491 2117 1583 2177 ipso
1599 2119 1685 2163 fine
1706 2136 1774 2165 ac-

379 2197 552 2258 cepturi
580 2208 728 2239 sumus
760 2190 943 2235 salutem
978 2188 1307 2249 sempiternam,
1341 2197 1391 2232 ut
1423 2189 1771 2250 contemplantes

379 2267 562 2329 gloriam
584 2264 689 2318 Dei,
716 2271 760 2306 et
781 2262 871 2321 ejus
892 2259 1047 2304 faciem
1081 2259 1329 2314 intuentes,
1352 2274 1451 2303 eum
1473 2259 1704 2305 laudemus
1725 2262 1771 2306 in

378 2348 591 2383 aeternum
608 2371 619 2392 ,
645 2334 736 2379 sine
759 2331 950 2386 desecttl,
975 2330 1066 2374 sine
1084 2329 1227 2390 aliqua
1251 2344 1382 2389 poena
1395 2328 1657 2390 iniquitatis,
1678 2332 1769 2376 sine

377 2409 523 2471 aliqua
544 2406 824 2469 perversitate
843 2401 1033 2464 peccati,
1059 2400 1286 2445 laudantes
1307 2405 1446 2445 Deum
1465 2436 1476 2457 ,
1505 2411 1548 2446 et
1571 2418 1659 2447 non
1675 2404 1764 2463 jam
1817 2463 1819 2467 ἲ

426 2513 437 2531 ι
465 2507 560 2540 Rom.
584 2516 630 2547 vr,
649 2504 682 2537 6.
703 2520 745 2527 -—
765 2510 778 2526 2
801 2500 881 2535 psal.
901 2511 967 2544 xxi,
989 2508 1021 2535 2.
1043 2515 1084 2523 —
1104 2496 1117 2522 3
1144 2498 1190 2532 Id.
1211 2509 1331 2541 xxxvii,
1349 2497 1404 2531 23.
1426 2497 1500 2530 -4
1523 2508 1534 2531 1
1558 2502 1642 2533 Petr.
1664 2498 1687 2542 i,
1706 2511 1766 2534 ιο·-
1816 2525 1818 2539 ‚

381 2575 432 2600 12.
453 2561 529 2597 ...35
553 2561 666 2595 Matth.
686 2571 740 2602 xx,
757 2571 791 2602 9.
