1841 3223
27 3122 34 3127 ι

221 284 462 315 sutanum
493 288 526 314 11
558 287 604 314 m
636 284 838 315 PsALMUM
868 287 1028 324 xtvnr,
1062 283 1187 312 SERM.
1223 286 1271 311 11.
1367 272 1452 311 389

79 372 100 396 =›
123 353 295 398 lationis
315 368 424 397 meae
444 355 584 398 Deum
599 353 806 413 exquisivi
828 353 1028 397 manibus
1050 360 1177 396 nocte
1204 364 1350 395 coram
1370 365 1422 394 eo
1437 384 1449 405 ,
1468 355 1470 357 ’

78 442 99 466 »
124 433 168 469 et
188 439 278 469 non
298 439 394 468 sum
416 422 664 482 deceptus1.
692 442 712 464 »
738 423 977 482 Apparebit
997 421 1121 465 labor
1139 430 1283 465 noster
1298 434 1449 474 mane,

75 503 119 538 et
140 495 222 539 erit
241 494 410 539 fructus
434 508 562 537 mane
583 511 592 538 ε
618 502 668 537 ut
693 492 757 536 illi
789 493 865 552 qui
896 492 1028 536 modo
1055 491 1276 545 laborant,
1303 499 1455 550 postea

75 564 378 620 dominentur,
402 573 446 609 et
475 563 538 608 illi
559 563 635 624 qui
666 562 798 607 modo
820 579 864 607 se
885 564 1047 623 jactant
1085 571 1128 606 et
1165 561 1423 621 superbiunt
1439 595 1453 616 ,

75 644 222 695 postea
243 635 541 695 subjiciantur.
569 632 685 688 Quid
706 634 822 677 enim
845 633 1070 693 sequitur?
1094 652 1114 674 «
1142 632 1261 676 Sicut
1283 646 1381 676 oves
1406 632 1455 675 in

77 724 97 747 »
123 703 293 749 inferno
313 706 484 764 positae,
523 719 638 749 mors
660 713 805 764 pastor
840 712 904 748 est
926 702 1000 747 eis.
1025 704 1082 746 Et
1109 701 1457 746 dominabuntur

77 793 97 817 n
124 775 182 819 eis
198 775 304 820 recti
325 779 494 819 mane2.
523 793 544 817 »

134 848 209 890 IV.
230 850 344 891 Puto
370 847 460 906 jam
482 846 662 906 planum
683 860 771 890 esse
792 845 923 889 istum
944 858 1116 889 versum
1133 878 1143 897 ,
1175 842 1276 903 quia
1297 841 1457 901 praelo-

74 917 165 960 cuti
186 932 334 961 sumus
365 936 374 961 ε
409 936 428 959 «
461 916 815 961 Dominabuntur
848 915 905 959 eis
932 915 1037 958 recti
1070 928 1210 956 mane.
1249 931 1269 953 n
1303 910 1458 956 Tolera

73 996 244 1031 noctem
257 1022 268 1042 ‚
289 987 483 1031 desidera
502 1002 641 1031 mane.
662 989 725 1031 Ne
739 995 863 1045 putas
879 985 979 1045 quia
990 983 1221 1028 noxhabet
1237 983 1367 1026 vitam
1381 1017 1391 1037 ,
1413 991 1457 1026 et

74 1071 201 1101 manc
236 1072 326 1101 non
352 1057 483 1101 habet
513 1057 661 1101 vitam.
700 1059 816 1114 Ergo
845 1055 922 1115 qui
960 1054 1121 1099 dormit
1145 1054 1272 1107 vivit,
1305 1062 1348 1096 et
1379 1052 1458 1112 qui

73 1127 208 1185 surgit
228 1144 318 1173 non
335 1128 469 1172 vivit?
484 1131 639 1173 Nonne
666 1128 742 1188 qui
760 1127 920 1171 dormit
943 1125 1071 1170 morti
1092 1123 1268 1169 similior
1290 1125 1377 1167 est?
1399 1126 1459 1167 Et

73 1198 150 1258 qui
177 1207 278 1243 sunt
305 1199 382 1259 qui
408 1199 659 1243 dormiunt?
682 1200 799 1251 Quos
826 1197 984 1241 excitat
1020 1195 1238 1255 apostolus
1267 1193 1454 1248 Paulus,

73 1269 107 1312 si
124 1278 270 1313 tamen
285 1268 418 1313 velint
436 1268 652 1327 evigilare.
674 1266 943 1321 Quibusdam
973 1267 1088 1310 enim
1111 1266 1216 1310 dicit
1238 1285 1246 1310 :
1276 1284 1295 1307 «
1324 1267 1459 1321 Surge

75 1357 96 1381 »
120 1339 197 1399 qui
233 1338 393 1383 dormis
414 1375 424 1394 ‚
465 1348 508 1384 et
541 1354 700 1398 exurge
727 1355 751 1382 a
780 1338 986 1391 mortuis,
1027 1346 1069 1381 et
1104 1335 1370 1380 illuminabit
1414 1343 1458 1378 te

76 1428 96 1450 »
121 1410 356 1454 Christusss.
379 1429 399 1451 »
432 1409 517 1463 Qui
554 1425 656 1469 ergo
688 1408 994 1453 illuminantur
1016 1424 1040 1452 a
1061 1408 1253 1461 Christo,
1278 1407 1367 1466 jam
1389 1405 1457 1449 vi-

74 1478 236 1538 gilant,
277 1479 353 1524 sed
388 1480 585 1524 nondum
609 1488 786 1539 apparet
822 1480 990 1523 fructus
1021 1478 1265 1537 vigiliarum
1296 1496 1304 1521 :
1330 1491 1458 1520 mane

73 1550 324 1609 apparebit,
350 1548 395 1594 id
426 1559 489 1594 est
506 1585 516 1605 ,
542 1566 642 1595 cum
664 1548 808 1594 saeculi
841 1550 970 1609 hujus
998 1549 1162 1593 ineerta
1191 1548 1454 1592 transierint.

72 1622 169 1678 Ipsa
186 1628 250 1664 est
265 1620 378 1664 enim
391 1635 476 1664 nox
500 1639 509 1665 ι
531 1636 620 1664 non
641 1620 720 1664 tibi
735 1620 852 1664 enim
874 1619 1078 1663 videntur
1097 1619 1219 1679 quasi
1240 1618 1460 1662 tenebrae?

75 1690 197 1734 Facit
217 1689 329 1733 male
349 1725 360 1745 ‚
383 1690 512 1744 vivit,
538 1691 685 1745 floret,
716 1700 869 1745 terret,
895 1690 1135 1734 honoratur
1162 1708 1171 1733 z
1191 1688 1295 1732 facit
1316 1688 1427 1731 bene
1443 1721 1456 1741 ,

74 1759 405 1819 reprehenditur
421 1795 432 1815 ,
453 1760 798 1820 blasphematur,
825 1769 1074 1814 accusatur,
1099 1758 1291 1811 laborat,
1319 1767 1458 1801 terre-

74 1839 145 1874 tur
167 1850 175 1874 :
195 1831 316 1890 quasi
333 1830 526 1874 tenebrae
549 1839 665 1874 sunt.
694 1833 744 1874 In
767 1829 911 1874 radice
933 1839 1078 1873 autem
1099 1829 1243 1886 vigor,
1269 1827 1457 1882 fructus,

73 1899 296 1959 opulentia
322 1919 330 1944 :
357 1901 443 1943 vita
461 1899 660 1944 nondum
673 1909 735 1943 est
753 1900 798 1942 in
815 1900 941 1942 ramis
958 1934 968 1953 ,
985 1899 1060 1942 sed
1075 1898 1191 1941 radix
1208 1914 1297 1941 non
1315 1897 1455 1941 aruit:

73 1969 220 2014 similis
251 1970 459 2013 arescenti
488 1978 576 2023 est,
602 1969 678 2013 sed
703 1979 871 2028 tempus
904 1968 1045 2022 venit,
1078 1968 1259 2011 vcstitur
1292 1969 1461 2011 honore

73 2055 168 2094 suo,
190 2037 471 2083 foecundatur
485 2037 697 2082 fructibus
715 2039 815 2082 suis.
834 2041 955 2081 Tunc
972 2037 1034 2081 illi
1052 2038 1106 2081 de
1118 2037 1277 2098 quibus
1294 2038 1461 2081 dictum

74 2120 136 2154 est
158 2119 314 2154 utnon
335 2125 407 2154 eos
435 2109 620 2154 zelemus
645 2125 654 2150 :
681 2108 789 2169 quid
813 2109 928 2152 enim
957 2107 1011 2152 de
1042 2107 1126 2151 illis
1151 2109 1210 2151 ait
1240 2107 1461 2152 Psalmus?

78 2199 98 2222 «
123 2181 337 2233 Quoniam
349 2181 459 2224 sicut
471 2180 643 2224 foenum
661 2179 747 2223 cito
761 2188 969 2233 arescent,
987 2179 1098 2222 sicut
1113 2177 1228 2222 olera
1245 2178 1355 2237 prati
1372 2178 1461 2222 cito

77 2268 98 2291 »
122 2250 308 2294 cadens4
329 2270 338 2295 :
360 2269 379 2292 »
404 2249 582 2305 cadent,
608 2265 708 2294 cum
722 2248 935 2293 videbunt
957 2248 1012 2293 ad
1028 2247 1244 2292 dexteram
1262 2257 1454 2302 sanctos,

74 2321 233 2380 quibus
242 2320 544 2365 laborantibus
555 2320 789 2364 insultatur
802 2355 813 2375 ,
830 2329 874 2365 et
888 2319 1033 2363 dicent
1044 2318 1157 2362 intra
1177 2334 1221 2362 se
1238 2319 1460 2378 poeniten-

74 2391 180 2436 tiam
201 2400 391 2450 agentes,
408 2391 482 2436 sed
498 2391 800 2451 poenitentiam
817 2405 954 2435 seram
969 2398 1012 2433 ct
1027 2388 1357 2433 infructuosam.
1376 2389 1463 2442 Qui

74 2461 312 2506 noluerunt
332 2462 463 2506 modo
484 2476 609 2520 agere
636 2460 918 2515 fructuosam,
947 2468 1077 2518 agent
1095 2468 1200 2503 tunc
1222 2456 1465 2503 infructuo-

124 2565 134 2580 ¹
154 2558 236 2590 Psal.
256 2568 370 2599 Lxxw,
398 2557 429 2590 3.
463 2574 504 2582 —-
532 2565 546 2580 2
572 2559 618 2590 ld.
644 2569 763 2599 xrmu,
788 2557 839 2590 15.
871 2573 912 2579 --
935 2554 949 2578 3
976 2556 1089 2598 Ephes.
1120 2567 1165 2595 v,
1198 2555 1247 2598 14,
1280 2573 1323 2579 -
1344 2555 1360 2586 4
1378 2556 1456 2589 Psal-

83 2624 184 2654 ηιμ,
203 2622 235 2645 2.
