1841 3223
393 258 634 288 ENA-naum
666 260 712 287 m
746 258 952 288 PSALMUM
983 260 1147 288 xxxvn.
1384 249 1467 290 139

78 343 125 373 ca
133 335 210 387 put
231 335 428 371 nostrum
445 326 491 368 in
503 325 713 384 passione.
734 324 818 369 Sed
831 341 1001 369 rursum
1016 341 1118 370 cum
1135 326 1319 385 coeperit
1335 337 1468 386 caput

78 397 222 442 dicere
239 432 250 452 ,
275 396 365 441 noli
394 395 497 440 inde
519 410 716 454 separare
737 410 909 454 corpus.
937 396 980 439 Si
1003 406 1135 456 caput
1163 396 1305 442 noluit
1331 413 1374 441 se
1397 413 1466 442 se-

77 484 228 528 parare
250 485 273 512 a
300 466 481 513 vocibus
513 466 729 525 corporis,
761 481 917 524 corpus
949 482 993 510 se
1027 468 1185 512 audeat
1218 484 1414 528 separare
1442 486 1467 514 a

75 539 346 599 passionibus
361 537 540 597 capitis?
559 540 710 581 Patere
731 537 776 580 in
793 536 965 581 Christo
983 559 993 595 3
1014 539 1115 598 quia
1133 548 1342 600 tanquam
1359 556 1467 600 pec-

75 610 189 655 cavit
211 610 257 653 in
278 608 530 653 infirmitate
551 617 626 652 tua
647 607 859 652 Christus.
886 608 1020 652 Modo
1051 609 1167 653 enim
1189 620 1370 668 peccata
1391 621 1467 657 tua

74 689 286 740 tanquam
311 694 362 723 ex
384 694 458 723 ore
486 694 563 722 suo
592 677 787 732 dicebat,
822 687 864 723 et
884 693 933 722 ea
961 678 1136 724 dicebat
1156 696 1246 724 sua.
1283 681 1466 727 Dicebat

74 750 190 795 enim
203 766 211 791 :
222 753 286 794 «A
297 748 404 794 facie
419 758 695 809 peccatorum
709 763 923 803 meorum,
936 765 1034 809 quae
1048 765 1138 794 non
1151 759 1275 794 erant
1285 750 1431 810 ipsius.
1442 770 1462 794 »

73 819 304 874 Quomodo
337 835 440 879 ergo
473 829 651 879 peccata
690 828 838 865 nostra
877 834 951 864 sua
987 835 1076 864 esse
1109 819 1249 865 voluit
1288 831 1467 881 propter

71 906 228 951 corpus
250 906 396 946 suum,
417 891 477 935 sic
496 900 539 934 et
554 906 632 935 nos
645 890 862 950 passiones
882 891 974 950 ejus
987 900 1153 935 nostras
1171 906 1261 935 esse
1282 891 1466 938 velimus

70 971 248 1022 propter
264 971 398 1022 caput
417 971 632 1006 nostrum.
657 964 756 1006 Non
770 961 886 1005 enim
904 960 977 1005 ille
995 977 1046 1005 ex
1065 961 1211 1006 amicis
1232 978 1380 1021 passus
1401 972 1465 1007 est

70 1032 283 1088 inimicos,
299 1041 342 1076 et
359 1047 436 1076 nos
454 1048 557 1076 non.
575 1034 669 1076 Imo
691 1040 735 1075 et
751 1047 829 1076 nos
845 1030 902 1076 ad
918 1032 1001 1076 hoc
1020 1047 1223 1091 paremus
1240 1032 1285 1076 in
1307 1032 1465 1077 eodem

71 1102 288 1148 convivari
312 1122 321 1148 ;
342 1100 473 1147 talem
495 1101 673 1146 calicem
696 1117 785 1145 non
818 1116 1069 1161 respuamus
1087 1138 1098 1157 ,
1123 1112 1174 1146 ut
1194 1101 1464 1148 celsitudinis

71 1176 161 1235 ejus
191 1174 457 1220 desiderium
482 1189 561 1234 per
588 1173 879 1218 humilitatem
907 1174 998 1233 ejus
1032 1174 1318 1218 inveniamus.
1353 1178 1464 1219 Res-

69 1245 226 1306 pondit
249 1246 367 1290 enim
390 1245 637 1290 celsitudini
659 1247 751 1306 ejus
773 1246 938 1289 haerere
965 1244 1240 1301 volentibus,
1270 1246 1346 1305 qui
1370 1248 1463 1306 ejus

69 1316 214 1361 adhuc
233 1315 525 1362 humilitatem
549 1332 638 1360 non
659 1316 933 1375 cogitabant,
959 1323 1002 1358 et
1019 1316 1078 1360 ait
1100 1314 1184 1359 illis
1202 1335 1209 1360 :
1240 1333 1260 1357 «
1281 1316 1462 1360 Potestis

70 1394 91 1429 5»
126 1387 277 1431 bibere
293 1387 473 1432 calicem
491 1401 624 1447 quem
641 1401 722 1445 ego
740 1386 958 1430 bibiturus
977 1387 1120 1429 sum¹P
1138 1404 1157 1426 »
1179 1388 1295 1444 Ergo
1315 1394 1358 1429 et
1375 1384 1462 1429 illoe

65 1458 284 1518 passiones
297 1457 499 1513 Domini,
519 1457 737 1517 passiones
760 1465 919 1502 nostrae
946 1465 1073 1501 sunt:
1092 1464 1136 1500 et
1157 1456 1461 1516 unusquisque

65 1528 101 1572 si
127 1527 239 1572 bene
269 1528 426 1574 serviat
456 1531 570 1584 Deo,
597 1527 710 1572 bene
741 1537 881 1572 servet
914 1527 1069 1583 fidem,
1104 1527 1308 1571 exhibeat
1339 1527 1460 1588 quod

66 1597 223 1654 debet,
263 1607 306 1642 et
337 1608 534 1644 versetur
560 1599 674 1642 inter
703 1598 902 1643 homines
927 1599 1070 1658 juste,
1111 1596 1212 1642 volo
1241 1597 1390 1642 videre
1427 1598 1461 1641 si

65 1684 156 1714 non
184 1670 372 1729 patitur,
403 1670 532 1714 etiam
561 1668 682 1729 quod
708 1669 780 1713 hic
807 1678 1036 1713 enumerat
1070 1669 1117 1712 in
1152 1669 1350 1728 passione
1382 1683 1460 1712 sua

68 1740 283 1786 Christus.

122 1813 265 1856 XVII.
290 1829 311 1853 «
331 1810 471 1855 Amici
490 1810 574 1854 mei
597 1819 640 1854 et
654 1810 838 1870 proximi
854 1810 937 1853 mei
956 1808 1189 1854 adversum
1208 1825 1279 1853 me
1301 1825 1460 1869 appro-

69 1898 90 1926 »
123 1883 449 1943 pinquaverunt
467 1917 478 1937 ,
515 1891 559 1926 et
579 1891 793 1926 steterunt
817 1901 826 1926 z
852 1890 895 1925 et
916 1881 1104 1941 proximi
1124 1876 1150 1925 a
1172 1881 1303 1940 longe
1325 1890 1459 1925 stete-

70 1973 89 1996 »
124 1957 268 1998 runt2.
288 1970 308 1995 »
331 1952 1102 2012 Quiproximiappropinquaverunt,
1122 1965 1165 1996 et
1178 1952 1254 2012 qui
1276 1952 1460 2011 proximi

66 2041 91 2069 a
110 2023 241 2084 longe
277 2025 522 2069 steterunt?
558 2024 748 2068 Proximi
778 2032 901 2067 erant
934 2026 957 2068 J
964 2023 1075 2067 udaei
1092 2057 1103 2078 ,
1141 2024 1243 2083 quia
1286 2023 1460 2080 cognati

64 2105 188 2140 erant
207 2131 218 2151 ‚
268 2094 729 2155 appropinquaverunt
747 2129 758 2148 ,
805 2103 848 2137 et
897 2092 1076 2153 quando
1129 2093 1453 2138 crucifixerunt.

64 2167 255 2211 Proximi
277 2175 320 2210 et
339 2164 535 2225 Apostoli
560 2184 569 2210 :
595 2174 639 2209 et
660 2174 807 2209 tamen
828 2164 908 2223 ipsi
932 2181 956 2208 a
978 2165 1106 2223 longe
1129 2173 1344 2208 steterunt
1359 2200 1370 2217 ,
1402 2179 1458 2207 ne

65 2242 166 2281 cum
187 2236 263 2281 illo
284 2244 552 2296 paterentur.
574 2238 720 2279 Potest
734 2234 865 2278 etiam
886 2235 970 2279 hoc
983 2235 1042 2279 sic
1055 2234 1239 2292 intelligi
1257 2254 1266 2278 ε
1287 2234 1458 2278 «Amici

69 2326 87 2349 »
122 2307 230 2361 mei,
254 2325 274 2348 »
305 2306 351 2351 id
382 2315 466 2360 est,
498 2305 575 2366 qui
602 2321 646 2349 se
677 2306 897 2349 finxerunt
929 2305 1089 2349 amicos
1118 2320 1250 2348 meos.
1283 2305 1456 2349 Amicos

65 2378 182 2422 enim
212 2392 256 2421 se
287 2377 536 2431 finxerunt,
566 2375 743 2436 quando
766 2376 970 2420 dixerunt
996 2395 1005 2420 ε
1035 2395 1052 2415 «
1078 2376 1244 2420 Scimus
1281 2375 1383 2436 quia
1410 2376 1455 2419 in

66 2465 87 2490 »
122 2447 300 2491 veritate
319 2447 436 2492 viam
461 2447 538 2491 Dei
560 2446 715 2491 doces3
745 2465 753 2491 :
783 2467 799 2488 ³>
827 2445 1006 2507 quando
1028 2445 1152 2490 illum
1182 2455 1350 2490 tentare
1372 2462 1453 2491 vo-
1499 2465 1503 2466 ⁷

63 2517 262 2572 luerunt,
287 2526 436 2561 utrum
447 2516 704 2561 solvendum
722 2525 831 2560 esset
843 2517 1059 2560 tributum
1076 2518 1251 2572 Caesari,
1269 2517 1451 2577 quando

113 2608 121 2623 ¹
143 2601 255 2633 Matth.
271 2612 324 2642 xx,
345 2610 397 2633 22.
417 2618 458 2623 -—-
479 2607 491 2623 ²
510 2600 589 2632 Psal.
607 2612 726 2641 xxxvu,
751 2601 801 2632 13.
828 2617 869 2622 -
891 2598 1032 2632 3Matth.
1049 2613 1128 2642 xxii,
1152 2601 1204 2633 16.
