1841 3223
411 216 492 254 196
833 223 867 251 s.
905 225 1134 252 Accusnm
1168 225 1349 252 EPISCOPI

401 299 560 336 verunt
589 291 631 334 in
654 288 898 334 currendo:
926 289 1002 334 scd
1024 306 1125 335 cum
1155 290 1370 350 acceperit
1396 305 1530 344 unus,
1565 299 1793 335 remanent

399 361 544 408 emtori
574 360 650 420 qui
672 358 866 404 similiter
887 358 1212 405 laboraverunt.
1241 363 1332 406 Hac
1360 376 1450 404 non
1467 370 1530 405 cst
1547 360 1622 404 sic.
1649 363 1791 413 Quot-

398 442 507 494 quot
535 442 744 486 currunt,
775 441 1101 492 perseveranter
1125 441 1328 487 currant,
1360 447 1509 476 omnes
1539 431 1788 491 accipiunt:

397 514 440 549 et
468 504 543 564 qui
566 503 683 563 prior
710 503 902 558 venerit,
926 513 1126 563 expectat
1148 513 1198 548 ut
1219 518 1319 548 cum
1338 502 1575 561 posteriore
1603 518 1790 547 corone-

394 584 481 619 tur.
508 577 703 631 Agonem
737 573 898 633 quippe
934 574 1065 618 istum
1097 589 1188 618 non
1222 572 1466 633 cupiditas,
1499 571 1575 618 sed
1604 572 1789 618 charitas

393 644 521 690 facit:
543 659 691 688 omncs
709 653 932 688 currentes
953 653 1101 688 amant
1122 660 1190 698 sc,
1217 653 1260 688 ct
1283 644 1371 703 ipse
1391 659 1512 688 amor
1534 659 1683 687 cursus
1706 653 1786 688 est.

454 718 555 759 xli.
581 735 599 757 «
623 715 888 759 Sacrificium
909 724 952 758 et
973 713 1239 759 oblationem
1264 714 1458 769 noluisti,
1478 732 1498 756 »
1517 713 1576 758 ait
1593 713 1789 759 Psalmus

392 789 499 831 Deo.
518 785 699 845 Antiqui
716 785 849 840 enim,
867 783 1044 845 quando
1063 783 1206 828 adhuc
1224 784 1480 828 sacrificium
1497 799 1650 828 verum
1668 785 1790 845 quod

392 856 542 901 fideles
556 865 735 910 norunt,
749 857 793 900 in
807 857 895 914 figu
903 855 956 898 ris
971 855 1367 914 praenuntiabatur,
1384 854 1666 900 celebrabant
1680 857 1790 915 figu-

390 944 457 972 ras
484 928 642 971 futurae
663 927 720 970 rei
743 947 751 971 ε
774 925 901 970 multi
922 926 1117 980 scientes,
1135 924 1210 969 sed
1231 925 1377 985 plures
1399 926 1662 984 ignorantes.
1679 929 1788 972 Nam

392 999 622 1058 Prophetae
637 1007 679 1042 et
695 997 831 1041 sancti
848 996 1108 1041 Patriarchae
1122 1005 1335 1041 noverant
1349 996 1468 1057 quod
1482 996 1650 1041 celebra
1660 997 1783 1042 bant:

389 1079 546 1114 czetcra
565 1078 709 1113 autem
732 1067 969 1113 multitudo
994 1068 1138 1129 iniqua
1153 1103 1162 1117 ‚
1188 1067 1371 1112 carnalis
1393 1068 1451 1112 sic
1475 1077 1581 1123 crat,
1598 1077 1648 1112 ut
1665 1069 1788 1114 fieret

390 1142 446 1186 de
468 1140 541 1185 illa
563 1139 684 1201 quod
706 1141 967 1199 significaret
989 1140 1225 1200 posteriora
1245 1149 1429 1184 ventura
1449 1159 1457 1184 ;
1483 1148 1527 1184 et
1543 1140 1662 1184 venit
1685 1140 1786 1185 sub-

388 1212 479 1257 lato
512 1212 587 1257 illo
621 1212 830 1257 sacrificio
859 1212 1023 1272 primo,
1062 1211 1244 1256 sublatis
1273 1211 1537 1256 holocaustis
1570 1211 1782 1269 arietum,

388 1284 610 1328 hircorum
629 1318 638 1338 ,
659 1282 899 1327 vitulorum
918 1318 927 1338 ,
953 1292 1299 1342 caeterarumque
1321 1281 1618 1337 victimarum,
1644 1282 1786 1327 noluit

388 1352 462 1397 illa
487 1357 614 1397 Deus.
653 1355 798 1406 Quare
832 1351 907 1396 illa
940 1352 1113 1396 noluit?
1136 1368 1270 1413 quare
1305 1352 1446 1412 primo
1476 1351 1646 1397 voluit?
1673 1353 1785 1406 Quia

388 1424 463 1468 illa
485 1424 632 1468 omnia
665 1424 789 1483 quasi
810 1425 946 1468 verba
974 1434 1097 1468 erant
1118 1424 1436 1484 promittentis:
1460 1433 1504 1468 et
1525 1424 1658 1468 verba
1680 1441 1784 1485 pro-

389 1495 580 1548 missiva,
618 1508 718 1537 cum
752 1494 920 1537 venerit
948 1494 1069 1553 quod
1090 1495 1382 1554 promittunt,
1409 1511 1497 1539 non
1525 1496 1613 1555 jam
1641 1510 1784 1540 enun-

388 1565 568 1610 tiantur.
599 1562 770 1607 Tandiu
803 1564 986 1623 quisque
1008 1566 1242 1623 promissor
1265 1574 1353 1621 est,
1376 1565 1516 1610 donec
1544 1565 1619 1610 det
1643 1585 1652 1610 z
1683 1582 1785 1610 cum

389 1635 580 1690 dederit,
606 1642 748 1677 mutat
772 1633 920 1677 verba.
953 1636 1051 1677 Non
1075 1635 1180 1679 dicit
1208 1635 1380 1680 adhuc:
1414 1636 1561 1691 Dabo,
1598 1636 1717 1696 quod
1740 1651 1784 1680 se

388 1706 595 1751 daturum
609 1703 807 1760 dicebat,
828 1702 903 1747 sed
920 1702 1026 1747 dicit
1046 1723 1054 1747 :
1072 1703 1203 1747 Dedi:
1224 1706 1619 1748 mutavitverbum.
1641 1708 1784 1758 Quare

387 1777 452 1822 illi
480 1776 619 1837 primo
652 1774 817 1834 placuit
847 1775 930 1818 hoc
963 1774 1170 1829 verbum,
1208 1784 1251 1818 et
1273 1790 1407 1835 quare
1434 1773 1543 1818 illud
1567 1776 1784 1820 mutavit?

386 1849 498 1902 Quia
522 1845 728 1905 temporis
755 1845 820 1890 sui
844 1845 1028 1889 verbum
1053 1843 1137 1888 fuit
1153 1880 1163 1898 ,
1197 1854 1239 1888 et
1267 1860 1346 1903 pro
1368 1854 1565 1905 tempore
1587 1861 1665 1890 suo
1689 1846 1783 1906 pla-

387 1919 492 1964 cuit.
520 1916 707 1971 Quando
731 1915 1082 1975 promittebatur,
1110 1923 1213 1958 tunc
1235 1914 1487 1959 dicebatur:
1510 1931 1611 1960 cum
1635 1925 1781 1961 autem

388 1990 539 2034 datum
563 1998 627 2032 est
648 1987 769 2048 quod
790 1985 1049 2046 promissum
1072 1994 1150 2038 est,
1166 1984 1309 2029 ablata
1326 1995 1427 2030 sunt
1444 1986 1575 2030 verba
1592 1988 1781 2047 promis-

387 2061 498 2115 siva,
525 2059 625 2103 data
646 2067 747 2102 sunt
770 2055 1042 2115 completiva.
1079 2055 1291 2100 Sacrificia
1321 2072 1423 2114 crgo
1448 2055 1544 2111 illa,
1569 2066 1781 2118 tanquam

383 2131 518 2176 verba
547 2128 822 2190 promissiva,
848 2126 990 2170 ablata
1021 2135 1138 2170 sunt.
1166 2125 1281 2179 Quid
1303 2136 1368 2170 est
1397 2127 1517 2187 quod
1540 2127 1693 2172 datum
1716 2138 1780 2174 est

385 2200 729 2261 completivum?
760 2201 928 2257 Corpus
967 2196 1089 2257 quod
1123 2197 1278 2251 nostis,
1321 2196 1441 2258 quod
1474 2214 1563 2242 non
1585 2203 1778 2243 ‘omnes‘2

383 2272 542 2330 nostis,
568 2269 690 2332 quod
718 2269 886 2312 utinam
914 2267 990 2328 qui
1013 2267 1145 2311 nostis
1164 2303 1174 2323 ,
1196 2283 1345 2311 omnes
1367 2283 1455 2312 non
1489 2267 1544 2312 ad
1559 2269 1776 2329 judicium

384 2343 603 2388 noveritis.
630 2339 786 2385 Videte
819 2338 995 2400 quando
1025 2337 1192 2382 dictum
1215 2347 1304 2392 est,
1331 2339 1526 2383 Christus
1559 2341 1671 2384 enim
1703 2340 1776 2385 ille
1830 2351 1832 2356 ·

385 2423 448 2459 cst
470 2413 680 2458 Dominus
697 2420 858 2465 noster,
873 2408 1006 2454 modo
1022 2408 1205 2468 loquens
1228 2424 1278 2452 ex
1295 2409 1500 2454 membris
1518 2410 1619 2465 suis,
1642 2410 1775 2456 modo
1828 2402 1831 2431 ⁴³

384 2485 570 2545 loquens
582 2499 630 2526 ex
643 2497 824 2542 persona
843 2496 932 2525 sua.
945 2480 1254 2534 «Sacrificium,
1271 2479 1429 2540 inquit,
1449 2489 1491 2524 ct
1504 2480 1772 2525 oblationem

432 2578 441 2594 ¹
469 2573 533 2601 Hac
549 2568 695 2610 loquundi
715 2567 849 2599 scrin-„ila
869 2566 1120 2600 C;·.tec¹.1umeuos
1145 2570 1314 2608 pixcseutcs
1334 2565 1487 2608 designat.
