1841 3223
356 152 451 217 ⁸178
802 187 834 213 s.
873 186 1103 214 Atousum
1138 187 1321 214 Eriscom

368 274 388 295 »
425 268 631 313 corpore,
665 253 990 312 peregrinannu·
1020 268 1043 295 a
1072 252 1257 296 Domino
1287 271 1294 295 :
1327 260 1372 295 et
1401 251 1641 307 ambimus,
1668 252 1755 296 sive

367 344 388 367 »
424 326 493 369 hie
523 333 770 378 manentes,
805 323 894 367 sive
918 323 1240 381 peregrinantes
1259 358 1269 377 ‚
1295 322 1513 382 placentes
1535 323 1597 367 illi
1620 326 1751 367 esse¹.

367 416 386 438 »
423 399 479 440 Et
503 394 753 453 peregrinus
772 403 814 437 et
837 391 1077 454 inquilinus
1098 413 1106 438 ;
1132 394 1244 438 sieut
1269 409 1419 438 omnes
1442 403 1583 453 patres
1600 395 1700 438 mei.
1731 412 1751 435 »

366 468 409 511 Si
436 481 537 523 ergo
568 466 679 508 sieut
711 480 860 509 omnes
896 473 1038 523 patres
1074 464 1182 518 mei,
1218 463 1413 508 dicturus
1445 480 1540 509 sum
1570 480 1640 509 me
1666 480 1755 509 non

363 537 649 594 migraturum
664 570 674 588 ‚
696 550 797 579 eum
820 534 882 578 illi
903 535 1213 592 migraverint?
1236 534 1332 579 Alia
1353 535 1605 580 conditione
1628 551 1754 580 man—

362 623 488 652 surus
504 622 624 661 sum,
650 621 781 666 quam
805 605 868 649 illi
889 608 1174 650 manserunt?

421 681 566 724 XXII.
594 676 710 731 Quid
727 693 830 736 ergo
852 686 983 721 restat
999 686 1049 721 ‘ut
1063 686 1206 736 petam
1222 712 1232 732 ‚
1263 678 1365 737 quia
1380 678 1483 721 hine
1511 678 1601 721 sine
1620 677 1755 735 dubio

363 753 628 809 migraturus
651 763 747 793 sum
761 750 779 793 Ξ)
806 767 826 790 «
851 748 1041 792 Remitte
1060 747 1168 791 mihi
1189 756 1239 791 ut
1252 747 1479 805 refrigerer
1491 748 1608 807 prius
1622 763 1755 808 quam

366 839 387 863 »
421 821 563 865 eam2.
590 838 611 860 »
632 818 769 874 Vide,
790 818 889 863 vide
914 817 1117 872 Idithun,
1143 834 1252 877 quos
1275 819 1413 862 nodos
1429 819 1585 862 habeas
1608 818 1756 862 remit-

363 890 519 936 tendos
537 889 616 934 tibi
629 925 639 944 ‚
666 889 825 949 quibus
844 888 1029 932 remissis
1052 887 1298 947 refrigerari
1311 890 1373 933 vis
1384 889 1501 949 prius
1516 904 1648 949 quam
1666 904 1750 934 eas.

364 963 509 1007 Habes
543 962 660 1006 enim
696 960 862 1020 aliquos
891 968 1042 1014 aestus‚
1077 975 1101 1003 a
1135 960 1292 1020 quibus
1320 960 1383 1004 vis
1422 959 1684 1018 reirigerari,
1712 969 1756 1004 et

362 1032 490 1088 dieis,
520 1052 540 1075 «
564 1030 834 1090 Refrigerer·⁷
863 1049 882 1071 »
910 1039 953 1074 et
991 1029 1097 1074 dieis
1109 1065 1125 1086 ,
1155 1049 1174 1071 «
1200 1031 1389 1074 Remitte
1414 1031 1555 1089 mihi?
1587 1049 1605 1071 n
1638 1030 1756 1083 Quid

363 1104 554 1148 remittet
577 1102 676 1157 tibi,
699 1101 778 1146 nisi
798 1102 909 1146 forte
921 1101 1047 1145 illum
1063 1100 1319 1160 scrupulum
1338 1101 1413 1145 ubi
1432 1101 1558 1155 dieis,
1578 1111 1620 1145 et
1637 1100 1756 1145 unde

360 1174 466 1218 dicis
483 1210 494 1229 ‚
519 1191 541 1217 «
565 1173 744 1218 Dimitte
767 1171 893 1216 nobis
920 1170 1067 1215 debita
1086 1174 1258 1215 nostra3
1272 1174 1290 1215 P
1304 1172 1492 1216 Remitte
1514 1171 1622 1215 mihi
1637 1171 1755 1231 prius

368 1264 389 1288 ³>
426 1260 559 1306 quam
579 1259 698 1299 eam,
724 1251 769 1287 et
785 1242 970 1303 amplius
987 1243 1078 1302 jam
1101 1258 1190 1286 non
1203 1258 1292 1287 ero.
1308 1261 1327 1284 »
1342 1246 1588 1287 lnimunem
1600 1257 1669 1286 me
1686 1242 1755 1286 fac

365 1333 389 1361 a
411 1316 598 1375 peccatis
620 1314 738 1376 prius
761 1329 893 1375 quam
915 1329 1032 1367 eam,
1073 1329 1128 1357 ne
1156 1329 1256 1358 eum
1299 1314 1485 1373 peccatis
1518 1328 1628 1357 eam.
1665 1316 1754 1356 Re-

363 1387 488 1432 mitte
502 1386 632 1442 mihi,
657 1395 708 1430 ut
725 1385 990 1445 requiescam
1006 1385 1050 1427 in
1068 1384 1334 1428 conscientia
1357 1400 1474 1438 mea,
1511 1393 1562 1428 ut
1593 1398 1754 1427 exone-

364 1468 456 1504 rata
474 1459 529 1504 sit
550 1468 660 1503 aestu
681 1455 984 1502 sollicitudinis
1010 1475 1018 1500 z
1042 1473 1128 1516 qua
1152 1454 1444 1500 sollieitudine
1473 1470 1623 1499 euram
1652 1470 1754 1514 gero

365 1547 444 1591 pro
468 1539 648 1590 peccato
671 1545 784 1573 meo.
815 1548 835 1571 «
864 1529 1054 1572 Remitte
1087 1528 1194 1571 mihi
1229 1537 1279 1571 ut
1316 1526 1559 1585 refrigerer,
1601 1545 1621 1567 »
1655 1536 1755 1571 ante

364 1602 510 1646 omnia
523 1636 534 1657 ‚
550 1620 569 1643 «
590 1601 713 1645 Prius
736 1615 868 1660 quam
887 1615 981 1643 eam
999 1634 1009 1654 v
1028 1598 1213 1658 amplius
1225 1599 1314 1658 jam
1338 1614 1428 1643 non
1445 1613 1533 1642 ero.
1552 1616 1571 1639 »
1587 1599 1629 1643 Si
1639 1598 1755 1641 enim

364 1672 472 1715 mihi
500 1688 589 1715 non
611 1671 821 1715 remiseris
853 1678 903 1713 ut
924 1668 1168 1727 refrigerer⁷
1186 1669 1260 1713 ibo
1278 1678 1321 1712 et
1338 1685 1428 1713 non
1451 1684 1540 1713 ero.
1581 1688 1598 1710 ‹<
1632 1669 1756 1712 Prius

368 1761 388 1784 »
425 1757 557 1802 quam
581 1755 676 1784 eam
703 1759 712 1784 2
740 1755 867 1799 »quo
899 1742 932 1781 si
953 1741 1064 1792 iero,
1081 1742 1169 1797 jam
1189 1756 1278 1784 non
1298 1756 1387 1785 ero.
1411 1760 1430 1782 «
1447 1740 1637 1784 Remitte
1649 1739 1757 1783 mihi

370 1833 388 1854 »
424 1821 474 1856 ut
492 1810 734 1870 refrigerer.
764 1827 784 1850 n
811 1811 888 1853 Est
919 1809 1101 1868 qtiaestio
1129 1809 1309 1864 oborta,
1329 1809 1553 1868 quomodo
1562 1811 1652 1869 jam
1667 1825 1757 1853 non

365 1884 461 1928 erit.
495 1886 609 1927 Eece
635 1883 725 1942 jam
761 1895 851 1924 non
872 1879 906 1922 it
927 1878 981 1922 ad
1005 1879 1199 1938 requiem
1219 1898 1227 1922 ;
1253 1879 1372 1938 quod
1396 1889 1562 1924 avertat
1577 1883 1689 1923 Deus
1701 1879 1756 1923 ab

365 1954 563 1999 Idithun.
583 1953 671 1997 Ibit
692 1952 808 1995 enim
830 1950 961 2010 plane
976 1948 1173 2004 Idsthun,
1192 1948 1247 1993 ad
1264 1950 1461 2010 requiem
1478 1951 1574 1994 ibit.
1595 1950 1678 1995 Sed
1689 1949 1757 1995 fae

365 2025 556 2086 aliquem
577 2023 802 2083 iniquum,
829 2037 919 2066 non
942 2020 1149 2076 lilinum,
1190 2036 1281 2065 non
1315 2021 1658 2078 transilientem3
1686 2021 1757 2066 hie

366 2096 730 2141 thesaurizantem
745 2129 755 2149 ‚
776 2093 1077 2137 incubatorem
1094 2127 1104 2147 ,
1130 2092 1330 2152 iniquum
1346 2128 1356 2147 ‚
1376 2093 1614 2153 superbum
1634 2128 1644 2148 ‚
1665 2094 1758 2153 jac-

366 2177 555 2222 tantem,
580 2164 767 2219 elatum,
792 2163 993 2223 pauperis
1013 2172 1113 2206 ante
1130 2163 1311 2222 januam
1325 2164 1509 2223 jacentis
1524 2172 1756 2223 contemp-

366 2249 505 2284 torem
531 2254 540 2280 :
566 2252 714 2282 nonne
737 2235 882 2295 etipse
900 2234 982 2278 erit
1002 2235 1020 2278 Ξ)
1043 2233 1161 2287 Quid
1182 2243 1251 2278 est
1271 2249 1373 2292 ergo
1389 2270 1399 2290 ,
1429 2254 1448 2276 «
1473 2237 1571 2279 Non
1597 2250 1670 2279 ero
1683 2237 1701 2278 Ρ
1734 2255 1752 2277 »

369 2311 413 2355 Si
429 2310 549 2354 'enim
570 2307 689 2353 dives
702 2305 777 2351 ille
793 2321 882 2350 non
905 2314 1017 2359 erat,
1038 2304 1135 2364 quis
1157 2314 1221 2348 est
1237 2306 1312 2365 qui
1331 2304 1512 2349 ardebat
1533 2308 1552 2349 P
1573 2306 1669 2365 quis
1693 2314 1757 2350 est
1781 2344 1783 2347 .

365 2381 442 2441 qui
464 2389 633 2440 guttam
655 2393 780 2438 aquae
800 2376 855 2421 de
873 2375 1008 2435 digito
1023 2375 1172 2420 Lazari
1187 2374 1338 2420 stillari
1355 2375 1400 2419 in
1418 2375 1614 2434 linguam
1633 2391 1756 2420 suam

365 2451 665 2497 desiderabat?
686 2449 784 2510 quis
804 2457 868 2492 est
881 2446 960 2508 qui
972 2446 1168 2491 dicebat:
1191 2449 1350 2490 «Pater
1371 2446 1608 2502 Abraham,
1629 2446 1754 2491 mitte

416 2544 426 2563 ¹
446 2547 466 2570 2
483 2538 557 2572 Cor.
579 2546 615 2578 V,
636 2534 708 2578 6-9.
731 2551 773 2559 —
788 2538 801 2557 ¹
820 2532 901 2566 Psal.
918 2542 1048 2574 xxxv1u‚
1073 2530 1126 2574 ¹4·
1146 2548 1189 2555 —-
1215 2529 1228 2555 3
1252 2530 1365 2564 Matth.
1385 2542 1431 2572 vi,
1452 2539 1506 2564 12.
