1841 3223
205 244 447 274 ENARRA'no
479 243 529 272 111
561 245 606 272 ῙΝ
638 245 840 272 PSALMUM
871 243 1021 282 xxxvl,
1055 242 1182 271 SERM.
1218 246 1284 272 111.
1352 235 1433 274 103

53 324 174 366 nem,
201 320 276 355 aut
297 309 414 354 filius
430 309 538 369 justi
561 325 760 369 quaerens
781 324 940 369 panem
964 328 974 354 z
994 308 1069 353 sed
1099 317 1241 352 tamen
1264 311 1437 370 respicit

51 380 107 426 ad
137 381 376 441 Scripturas
405 378 594 432 divinas,
633 388 676 422 et
707 379 873 424 invenit
911 387 1187 437 angustatum
1213 379 1437 425 Abraham

44 452 212 512 justum
229 486 240 506 ‚
260 460 305 494 et
325 448 486 506 famem
508 463 683 508 passum
699 448 745 491 in
766 449 942 507 regione
962 465 1039 508 sua
1054 484 1065 504 ‚
1091 458 1280 495 mutasse
1308 449 1448 495 aliam-

49 521 319 580 regionem13
349 519 517 565 invenit
542 528 586 562 et
618 517 759 562 filium
782 519 915 578 ipsius
946 522 1064 563 Isaac
1091 518 1283 578 ejusdem
1311 518 1437 564 famis

48 607 176 636 causa
200 591 245 634 in
272 589 374 634 alias
394 590 474 633 isse
496 589 690 647 regiones
709 598 977 648 quaerentem
1007 603 1165 648 panem
1180 592 1212 633 ².
1243 593 1300 634 Et
1323 606 1437 651 quo-

47 662 180 707 modo
205 662 286 706 erit
305 675 458 706 verum
474 695 485 715 ,
524 679 546 702 «
575 662 811 720 Nunquam
845 659 933 704 vidi
951 661 1120 720 justum
1147 659 1403 705 derelictum
1420 695 1433 717 ‚

51 751 72 775 »
97 748 178 777 nec
199 747 345 777 semen
361 733 452 792 ejus
474 745 672 791 quaerens
701 732 891 789 panem?
914 748 934 771 η
961 733 1017 774 Et
1032 730 1066 774 si
1086 745 1237 773 verum
1254 731 1435 788 hoffiin-

47 804 168 849 venit
187 804 233 847 in
249 803 388 862 spatio
407 802 509 846 vitae
530 817 642 859 suae3
666 800 790 845 aliter
814 809 960 844 tamen
981 800 1148 845 invenit
1174 801 1219 844 in
1245 799 1436 847 lectione

47 874 193 919 divina
207 908 218 929 ‚
239 889 340 934 quae
360 872 530 917 fidelior
551 880 615 916 est
635 887 768 932 quam
787 871 875 916 vita
895 871 1139 916 hominum.

108 947 166 988 ΙΙ.
189 943 307 997 Quid
323 957 426 1001 ergo
445 942 663 988 facimus?
686 941 907 1002 Adjuvent
926 958 1005 987 nos
1025 942 1097 1002 pia
1110 941 1252 986 studia
1274 951 1432 999 vestra,

46 1023 98 1059 ut
124 1014 411 1074 'inspiciamus
444 1013 491 1057 in
520 1013 586 1057 his
615 1013 812 1057 versibus
848 1012 1007 1057 Psalmi
1035 1012 1305 1058 voluntatem
1328 1013 1432 1070 Dei,

46 1085 156 1146 quid
175 1100 255 1131 nos
271 1083 513 1142 intelligere
525 1083 644 1128 velit.
665 1086 809 1128 Metus
823 1093 887 1128 est
907 1085 1022 1128 enim
1034 1120 1044 1140 ‚
1062 1100 1118 1128 ne
1135 1085 1438 1145 unusquisque

45 1155 266 1212 infirmus,
298 1170 388 1200 non
415 1154 588 1214 capiens
611 1153 861 1213 spiritaliter
891 1153 1132 1213 intelligere
1163 1156 1432 1214 Scripturas,

45 1236 116 1271 eat
131 1227 177 1270 in
191 1226 387 1286 exempla
405 1226 593 1270 humana
609 1260 619 1280 ‚
639 1225 874 1285 videatque
885 1224 1121 1285 aliquando
1136 1225 1274 1270 bonos
1290 1240 1435 1272 servos

45 1295 122 1342 Dei
135 1313 225 1342 esse
240 1298 286 1341 in
296 1297 547 1342 necessitate
565 1296 712 1356 aliqua
726 1305 770 1340 et
782 1297 925 1356 inopia
939 1296 1164 1357 quaerendi
1177 1297 1322 1356 panis3
1341 1313 1435 1342 ma-

44 1365 158 1412 xime
171 1378 211 1411 et
229 1365 415 1412 Paulum
433 1366 677 1426 apostolum
691 1367 874 1425 cogitet,
894 1367 971 1428 qui
987 1367 1118 1412 dicit:
1145 1386 1164 1409 «
1185 1370 1236 1411 In
1258 1367 1375 1412 same
1390 1377 1435 1413 et

46 1455 67 1479 ))
87 1436 155 1482 siti
175 1473 185 1492 ‚
222 1437 269 1482 in
294 1437 454 1496 frigore
482 1446 527 1481 et
550 1436 774 1481 nuditate³
802 1456 811 1481 2
850 1455 870 1479 »
904 1446 948 1481 et
973 1436 1287 1482 scandalizetur
1315 1438 1433 1498 apud

43 1521 88 1552 se
105 1508 245 1567 ipsum
264 1507 411 1552 dicens
437 1526 446 1552 :
471 1509 673 1553 Certe-ne.
691 1521 844 1552 verum
871 1515 935 1551 est
951 1508 1073 1568 quod
1095 1508 1265 1552 cantavi
1280 1543 1291 1564 ,
1316 1519 1434 1554 certe

42 1592 194 1622 verum
209 1588 274 1622 est
287 1578 407 1639 quod
424 1578 469 1622 in
482 1577 674 1623 Ecclesia
687 1586 803 1622 stans
818 1587 906 1622 tam
920 1578 1076 1623 devota
1089 1593 1194 1624 voce
1208 1581 1430 1639 personui,

44 1666 66 1690 «
89 1651 325 1709 Nunquam
349 1647 442 1693 vidi
468 1649 635 1708 justum
648 1647 904 1693 derelictum
920 1683 931 1704 ,
947 1663 1027 1693 nec
1045 1664 1192 1693 semen
1212 1651 1303 1709 ejus
1316 1666 1435 1711 quae-

43 1737 64 1761 »
86 1734 184 1764 rens
200 1721 386 1778 panem?
405 1737 426 1760 »
458 1718 637 1763 Fallunt
665 1734 743 1763 nos
767 1720 1000 1779 Scripturae
1015 1755 1026 1775 ‚
1059 1719 1178 1766 dicat
1205 1722 1322 1781 apud
1349 1737 1394 1767 se
1418 1741 1430 1768 ε

41 1799 84 1834 et
106 1790 398 1834 dissolvantur
409 1790 556 1835 omnia
575 1792 667 1850 ejus
683 1791 880 1835 membra
898 1792 953 1835 ab
970 1806 1100 1851 opere
1111 1792 1254 1851 bono3
1272 1793 1434 1854 quibus

42 1860 245 1904 memhris
267 1860 552 1916 intrinsecus,
588 1860 709 1921 quod
742 1870 806 1906 est
838 1862 1036 1920 gravius,
1074 1871 1119 1907 et
1154 1863 1199 1907 in
1230 1864 1433 1909 interiore

41 1930 219 1974 homine
235 1929 449 1985 resolutis,
461 1931 552 1990 jam
568 1930 745 1975 desistat
762 1932 818 1976 ab
835 1947 965 1991 opere
979 1933 1112 1988 hono,
1132 1941 1177 1977 et
1189 1933 1304 1978 dicat
1320 1934 1402 1978 sibi
1418 1952 1430 1980 ε

43 1999 209 2060 thuid
243 2000 356 2044 hene
389 2002 572 2059 operor?
597 2001 762 2062 thuid
785 2017 944 2061 panem
972 2017 1119 2047 meum
1148 2003 1304 2063 frango
1329 2019 1432 2048 esu-

41 2069 193 2126 rienti,
217 2078 262 2114 et
288 2070 458 2116 nudum
478 2073 637 2128 vestio,
663 2082 706 2117 et
727 2074 818 2117 sine
844 2082 960 2119 tecto
987 2074 1149 2120 induco
1178 2076 1222 2120 in
1251 2076 1434 2121 domum

41 2155 182 2185 meam
198 2175 210 2196 ‚
234 2140 466 2185 attendens
487 2141 543 2186 ad
566 2142 612 2186 id
638 2143 761 2203 quod
780 2144 990 2204 scriptum
1004 2154 1070 2190 est
1109 2165 1119 2191 :
1155 2149 1431 2208 «Nunquam

43 2227 65 2252 »
89 2210 177 2255 vidi
205 2212 374 2272 justum
403 2211 687 2268 derelictum,
725 2228 806 2259 nec
836 2230 983 2259 semen
1008 2217 1101 2276 ejus
1121 2232 1321 2277 quaerens
1348 2233 1430 2278 pa-

44 2299 65 2324 »
85 2294 209 2337 num,
217 2296 344 2327 »cum
354 2281 526 2326 videam
540 2291 606 2328 tot
617 2284 813 2329 homines
823 2284 936 2330 bene
947 2286 1155 2341 viventes,
1170 2285 1431 2348 plerumque

41 2350 157 2396 fame
175 2351 452 2397 laborantes?
473 2352 558 2399 Sed
578 2353 612 2398 si
640 2353 755 2399 forte
771 2370 868 2400 erro
891 2371 994 2415 ego,
1019 2366 1070 2401 ut
1097 2365 1187 2401 tam
1208 2357 1332 2402 illum
1351 2359 1430 2419 qui

41 2420 153 2465 bene
173 2422 302 2478 vivit,
324 2423 592 2484 quamillum
613 2426 690 2485 qui
710 2425 824 2470 male
834 2426 957 2480 vivit,
975 2436 1127 2486 putem
1141 2428 1253 2473 bene
1264 2428 1428 2487 vivere,

41 2500 86 2536 et
107 2491 231 2538 aliter
250 2493 376 2538 illum
397 2495 519 2540 novit
555 2498 668 2541 Deus
684 2531 695 2551 ‚
720 2496 766 2541 id
795 2507 884 2552 est,
920 2498 1120 2558 iniquum
1143 2514 1256 2555 esse,
1293 2516 1428 2560 quem

91 2581 100 2597 ¹
125 2578 202 2608 Gen.
222 2586 280 2618 ιιι,
306 2588 356 2610 10.
378 2594 419 2602 --
436 2578 616 2617 21d.xzv1‚
643 2591 670 2611 ι.
693 2597 733 2604 --
748 2577 761 2602 3
777 2589 794 2612 2
814 2582 956 2622 Cor.x1,
977 2591 1029 2620 27.
