1841 3223
400 272 643 300 ENARRATro
675 274 720 300 IN
753 272 956 300 PsALMtM
990 275 1144 299 xxnx.
1369 264 1445 300 211

67 347 118 382 ut
130 353 239 382 esses
256 339 274 381 Ρ
290 339 385 382 Jam
409 337 524 380 enim
539 337 676 380 fidelis
693 353 736 381 es
751 373 761 391 ,
782 339 871 396 jam
895 337 1093 381 ambulas
1111 337 1155 380 in
1171 337 1240 381 via
1255 338 1464 397 justitiae.>

67 410 228 453 Curam
250 407 315 451 tui
337 421 426 450 non
447 406 629 449 habebit
643 441 653 460 ,
683 425 702 447 «
729 407 813 458 Qui
831 405 932 451 facit
952 407 1084 451 solem
1104 423 1232 450 suum
1251 407 1352 451 oriri
1379 423 1454 451 su-

71 496 91 520 »
126 493 203 538 per
218 478 356 522 bonos
378 485 421 520 et
433 474 569 519 malos
584 510 595 531 ,
619 484 662 519 et
678 474 792 535 pluit
813 491 941 535 super
956 477 1095 535 justos
1110 486 1153 521 et
1169 477 1350 537 injustos
1364 479 1377 503 1
1394 513 1405 532 ,
1430 497 1448 519 »

68 557 111 592 te
126 549 217 608 jam
233 548 400 607 justum
414 561 465 589 ex
485 545 572 589 fide
591 545 810 594 viventem
833 545 1021 603 negliget
1040 549 1072 601 2,
1097 546 1286 602 deseret,
1309 546 1456 591 dimit-

69 620 171 662 tet?
204 620 403 662 Imovero
445 625 489 661 et
520 616 590 660 hic
612 614 731 660 fovet
748 651 759 671 ,
785 625 828 660 et
850 615 923 659 hie
951 615 1129 675 adjuvat
1146 652 1157 670 ,
1194 626 1237 660 et
1266 618 1337 662 hic
1376 634 1456 662 ne-

69 688 248 735 cessaria
266 686 586 740 subministrat,
620 695 662 730 et
684 686 810 730 noxia
835 695 1011 729 resecat.
1034 685 1188 730 Dando
1208 687 1458 732 consolatur

70 768 120 804 ut
140 773 392 818 permaneas
406 792 417 812 ,
442 755 681 801 auferendo
698 756 875 815 corripit
895 771 950 800 ne
967 771 1130 815 pereas.
1152 758 1363 802 Dominus
1380 773 1458 803 cu-

70 844 163 873 ram
183 828 318 872 habet
345 827 437 883 tui,
463 842 639 872 securus
663 837 769 872 esto.
799 826 877 871 Ille
894 836 1037 886 portat
1059 827 1135 887 qui
1157 836 1200 871 te
1236 826 1339 872 fecit
1366 848 1374 873 :
1403 830 1458 874 ab

70 899 243 944 artificis
253 898 318 943 tui
337 913 472 942 manu
482 897 573 942 noli
588 897 762 942 cadere:
781 898 814 942 si
832 897 1036 942 cecideris
1055 914 1078 942 a
1099 913 1234 942 manu
1258 899 1430 945 artificis
1445 935 1456 956 ,

69 968 290 1028 frangeris.
333 971 390 1013 Ut
419 978 567 1014 autem
589 984 842 1028 permaneas
870 969 915 1012 in
947 985 1081 1013 manu
1108 970 1309 1025 artificis,
1342 971 1458 1016 bona

70 1039 271 1086 voluntas
289 1038 406 1084 facit.
433 1040 512 1084 Dic
548 1059 556 1083 :
584 1043 697 1083 Deus
719 1054 840 1083 meus
858 1039 1018 1094 voluit,
1044 1049 1085 1084 et
1117 1041 1311 1099 portabit
1340 1042 1456 1101 ipse,

71 1120 115 1155 et
130 1109 296 1154 tenebit
315 1110 418 1169 ipse.
431 1112 551 1154 Jacta
566 1118 607 1153 te
629 1109 675 1152 in
692 1108 814 1153 illum
833 1130 842 1167 3
860 1109 948 1153 noli
969 1119 1122 1169 putare
1140 1111 1267 1154 inane
1287 1127 1390 1167 esse,
1409 1122 1460 1157 ut

71 1181 194 1242 quasi
214 1181 494 1241 praecipiteris
520 1196 528 1221 :
556 1196 646 1225 non
666 1181 726 1224 ita
749 1181 826 1225 tibi
849 1180 1060 1226 videatur.
1077 1181 1155 1225 Ille
1167 1182 1295 1226 dixit:
1323 1203 1343 1225 «
1366 1186 1461 1229 Cae-

75 1271 95 1295 »
127 1253 224 1300 lum
241 1261 284 1296 et
297 1261 456 1296 terram
475 1267 555 1310 ego
577 1250 737 1311 impleo
761 1253 792 1295 ³.
817 1254 1041 1311 Nusquam
1055 1252 1137 1296 tibi
1155 1252 1300 1311 deest,
1326 1264 1374 1298 tu
1397 1255 1463 1299 illi

72 1321 164 1368 noli
196 1322 370 1383 deesse,
400 1330 450 1366 tu
475 1321 555 1366 tibi
572 1320 822 1366 nolideesse
837 1356 848 1378 ,
880 1341 900 1365 «
926 1322 1136 1366 Dominus
1157 1339 1305 1368 curam
1326 1325 1460 1369 habet

76 1411 97 1436 >›
122 1392 221 1437 mei.
262 1411 283 1434 »

131 1465 340 1514 XXVIII.
375 1481 396 1505 «
430 1461 616 1523 Adjutor
636 1478 756 1507 meus
770 1472 1044 1523 etprotector
1059 1479 1181 1508 meus
1197 1473 1324 1520 tues,
1341 1468 1457 1511 Deus
1497 1504 1501 1511 .

75 1552 96 1576 υ
123 1549 268 1590 meus,
288 1549 344 1578 ne
366 1533 601 1579 tardaveris
619 1535 651 1578 ⁴.
680 1553 701 1575 )›
723 1537 903 1579 Invocat
917 1569 928 1589 ,
946 1533 1170 1593 implorat,
1186 1535 1309 1580 timet
1322 1552 1376 1580 ne
1389 1536 1464 1581 de-

73 1604 189 1649 ficiat
217 1623 225 1649 :
258 1623 276 1645 «
304 1606 368 1650 Ne
398 1603 661 1659 tardaveris,
690 1624 708 1645 »
732 1604 848 1657 Quid
872 1613 960 1659 est,
989 1607 1052 1649 Ne
1072 1605 1336 1649 tardaveris?
1372 1608 1462 1652 Nisi

77 1692 98 1716 n
132 1673 315 1718 breviati
336 1683 477 1718 essent
497 1673 587 1718 dies
608 1673 691 1728 illi,
716 1689 806 1717 non
828 1673 950 1717 fieret
971 1673 1087 1718 salva
1105 1675 1243 1719 omnis
1259 1692 1358 1721 caro
1378 1679 1392 1702 ⁵
1410 1713 1421 1733 ,
1436 1696 1456 1719 n

73 1744 205 1790 modo
226 1743 389 1789 lectum
422 1753 512 1799 est,
543 1743 598 1788 de
620 1743 773 1788 diebus
805 1744 1154 1789 tribulationum.
1187 1748 1318 1799 Quasi
1343 1748 1460 1792 enim

74 1830 188 1859 unus
204 1815 337 1859 homo
359 1823 484 1873 rogat
502 1817 641 1858 Deum
657 1849 668 1869 ,
689 1814 886 1858 membra
900 1815 1088 1871 Christi,
1109 1830 1267 1875 corpus
1280 1818 1456 1873 Christi,

75 1885 241 1945 ubique
259 1884 470 1929 diffusum
485 1919 497 1939 ‚
520 1901 635 1929 unus
656 1885 881 1929 mendicus
898 1921 908 1941 ,
932 1901 1045 1930 unus
1068 1902 1234 1946 pauper
1251 1908 1262 1946 3
1283 1888 1385 1948 quia
1417 1898 1461 1933 et

75 1953 148 2007 ille
163 1969 345 2015 pauper,
369 1955 446 2014 qui
467 1952 585 2000 dives
601 1970 767 2014 pauper
788 1955 928 2000 factus
946 1965 1009 2000 est
1022 1991 1032 2010 ,
1062 1957 1117 2000 de
1134 1972 1222 2016 quo
1239 1957 1297 2001 ait
1319 1962 1461 2036 Apos—

76 2024 218 2080 tolus,
260 2043 281 2066 «
310 2026 423 2070 Cum
450 2023 570 2070 dives
591 2034 719 2079 esset,
752 2041 918 2085 pauper
949 2024 1090 2070 factus
1112 2035 1203 2082 est,
1242 2036 1292 2071 ut
1326 2028 1459 2087 ipsius

80 2112 102 2142 »
139 2103 396 2154 paupertate
428 2109 504 2138 vos
535 2094 811 2139 ditaremini6
839 2114 847 2140 ε
878 2113 898 2137 »
926 2111 1048 2140 veros
1081 2111 1292 2155 paupeles
1324 2096 1458 2154 ditat,

76 2162 207 2209 falsos
221 2163 375 2215 divites
394 2174 620 2224 pauperat.
639 2163 809 2210 Clamat
829 2164 886 2210 ad
906 2181 1046 2221 eum,
1057 2184 1078 2208 «
1101 2166 1311 2210 Afinibus
1331 2176 1458 2212 terrae

80 2252 103 2280 u
137 2234 192 2280 ad
209 2243 253 2278 te
275 2234 479 2290 clamavi,
499 2250 601 2279 cum
612 2234 796 2280 taederet
817 2236 1006 2280 animam
1029 2250 1170 2279 meam
1184 2238 1214 2280 ⁷.
1235 2238 1462 2283 »Venient

79 2303 170 2358 dies
199 2303 534 2349 tribulationum
561 2314 606 2349 et
629 2306 844 2366 majorum
858 2304 1193 2350 tribulationum
1219 2325 1227 2351 :
1254 2307 1459 2365 venient,

80 2374 193 2420 sicut
205 2374 311 2420 dicit
325 2374 567 2434 Scriptura,
591 2384 635 2419 et
650 2385 866 2435 quantum
888 2375 1221 2431 acceduntdies,
1246 2387 1463 2436 augentur

81 2443 398 2494 tribulationes.
423 2447 561 2491 Nemo
577 2445 659 2489 sibi
678 2446 902 2505 promittat
929 2445 1049 2505 quod
1069 2446 1355 2504 Evangelium
1371 2465 1462 2502 non

131 2546 140 2563 ¹
160 2539 273 2573 Matth.
293 2550 325 2581 v,
351 2538 404 2582 45.
424 2557 466 2569 —
484 2547 497 2563 ²
517 2542 608 2572 Rom.
625 2551 648 2581 1,
667 2551 717 2582 17·
741 2558 784 2564 -—-
807 2539 820 2563 3
837 2543 956 2574 Jerem.
978 2551 1070 2582 xxm,
1093 2540 1136 2583 24
1161 2558 1203 2573 ἡ
1221 2540 1236 2572 4
1256 2543 1336 2580 Psal.
1351 2555 1459 2586 xxxix,

89 2594 139 2628 18.
159 2612 201 2619 —
214 2593 229 2618 ⁵
247 2595 467 2637 Mattl1.xx1v,
485 2605 537 2627 22.
558 2612 600 2618 —-
617 2593 632 2617 ⁰
653 2604 673 2627 2
690 2598 761 2628 Cor.
783 2606 850 2637 vm,
864 2605 887 2636 9
919 2612 960 2618 —-
978 2603 991 2628 7
1016 2595 1163 2638 Psal.1.x,
1184 2596 1214 2628 3.

1262 2651 1325 2690 1ἶι.
