1841 3223
399 225 454 262 60
825 236 858 260 s.
895 232 1125 259 Aneusnm
1158 231 1340 259 Eprscopr

396 300 524 358 hujus
557 297 733 350 mundi,
761 295 830 339 alii
855 295 1043 354 diligunt
1066 294 1321 339 benefacere
1354 292 1680 352 indigentibus,
1712 288 1784 333 alii

397 368 625 426 negligunt
646 387 654 411 2
678 375 883 425 tanquam
906 364 960 409 de
978 365 1148 409 duabus
1164 365 1208 408 in
1226 363 1477 408 molendino
1495 378 1582 406 una
1600 374 1786 405 assume-

401 447 483 492 tur,
511 451 549 480 et
574 452 658 481 una
685 435 969 496 relinquetur.
1002 438 1183 480 Lectum
1213 443 1359 478 autem
1382 433 1573 493 positum
1598 431 1786 475 arbitror

398 524 476 567 pro
510 507 657 566 quiete
682 525 690 549 :
730 506 832 566 quia
867 515 969 550 sunt
998 506 1072 566 qui
1110 521 1253 565 neque
1288 505 1476 549 actiones
1509 501 1663 547 mundi
1697 499 1787 560 pati

397 577 573 630 volunt,
596 576 707 620 sieut
723 585 823 619 sunt
845 576 1064 634 conjugati
1086 576 1283 620 homines
1304 575 1515 618 habentes
1533 571 1700 626 domos,
1727 568 1788 614 fa-

397 646 558 700 milias,
576 646 712 702 filios3
732 661 875 705 neque
899 644 1064 705 aliquid
1088 645 1131 688 in
1156 644 1345 688 Ecclesia
1368 653 1527 702 agunt,
1553 643 1663 686 sieut
1680 655 1788 700 prae-

396 717 523 775 positi
550 716 673 760 velut
703 717 746 759 in
769 715 1035 774 agricultura
1062 714 1336 771 laborantes3
1361 714 1436 758 sed
1463 712 1585 758 velut
1607 712 1661 757 ad
1691 713 1786 756 haec

398 787 573 842 infirmi,
598 787 807 830 secedunt
831 786 885 830 ad
907 786 1069 839 otium,
1095 795 1138 829 ct
1155 786 1290 845 quieti
1313 800 1402 829 esse
1419 784 1630 842 diligunt3
1651 781 1789 829 veluti

398 873 608 901 memores
638 857 899 900 infirmitatis
929 871 1041 910 sure,
1078 871 1168 900 non
1199 870 1242 898 se
1268 856 1588 899 committentes
1621 853 1788 913 magnis

398 929 655 982 actionibus,
673 937 716 970 ct
735 927 924 986 quodam
943 926 1075 970 modo
1092 926 1137 970 in
1159 934 1292 970 strato
1305 924 1567 969 infirmitatis
1590 933 1788 982 rogantes

398 1001 552 1041 Deum.
584 1001 640 1041 Et
662 998 750 1056 ipsa
774 997 983 1056 professio
1005 996 1138 1040 habet
1159 996 1297 1041 bonos
1313 1031 1324 1050 ,
1355 995 1490 1040 habet
1511 996 1632 1040 fictos
1652 1010 1660 1036 :
1687 1010 1789 1054 pro-

397 1068 499 1112 inde
521 1069 651 1111 etiam
674 1084 724 1111 ex
739 1068 803 1111 his
821 1070 976 1112 «Unus
994 1077 1251 1122 assumetur,
1272 1076 1314 1111 et
1331 1082 1444 1111 unus
1461 1065 1785 1127 relinquetur.»

398 1136 466 1181 Ad
489 1153 813 1198 quamcumque
835 1136 1146 1197 professionem
1159 1147 1201 1181 te
1218 1137 1497 1192 converteris,
1515 1152 1618 1196 para
1641 1146 1683 1180 te
1698 1136 1789 1195 pati

401 1210 524 1252 fictos
547 1229 556 1253 :
583 1208 775 1269 alioquin
803 1210 835 1252 si
866 1219 906 1252 te
930 1224 1018 1253 non
1046 1209 1260 1267 paraveris
1277 1244 1288 1263 ,
1323 1208 1516 1253 invenies
1548 1206 1670 1267 quod
1699 1223 1790 1251 non

396 1279 597 1337 sperabas
612 1314 622 1332 ‚
644 1288 687 1322 et
709 1278 881 1322 deficies
899 1288 974 1323 aut
991 1279 1330 1338 perturbaberis,
1357 1277 1426 1323 Ad
1445 1278 1591 1322 omnia
1621 1293 1724 1336 ergo
1747 1286 1790 1321 te

397 1359 597 1407 paratum
630 1346 733 1392 facit
766 1349 843 1408 qui
877 1349 956 1393 tibi
983 1349 1202 1409 loquitur7
1231 1364 1333 1393 cum
1365 1358 1536 1407 tempus
1567 1357 1631 1392 est
1658 1357 1701 1391 et
1726 1347 1791 1391 illi

397 1417 634 1478 loquendi,
666 1418 865 1462 nondum
886 1418 1139 1478 judicandi,
1164 1428 1208 1463 et
1237 1419 1315 1462 tibi
1337 1417 1569 1473 audiendi,
1591 1417 1790 1462 nondum

397 1487 554 1532 frustra
571 1488 830 1547 poenitendi.
847 1491 923 1532 Est
941 1490 1058 1532 enim
1076 1489 1207 1533 modo
1221 1489 1478 1548 poenitentia
1493 1504 1582 1533 non
1602 1487 1760 1532 frustra
1779 1506 1787 1533 :

397 1560 477 1602 erit
502 1569 607 1603 tunc
630 1558 806 1602 frustra.
833 1561 931 1603 Non
953 1559 1068 1603 enim
1093 1568 1198 1603 tunc
1220 1574 1309 1603 non
1337 1558 1572 1618 poenitebit
1593 1558 1792 1603 homines

397 1630 510 1674 male
527 1631 678 1674 vixisse
695 1649 703 1675 ε
721 1629 795 1673 sed
820 1629 941 1674 nullo
955 1629 1086 1675 modo
1107 1630 1193 1674 illis
1209 1631 1378 1690 justitia
1390 1631 1467 1675 Dei
1485 1640 1658 1675 revocat
1670 1629 1792 1691 quod

397 1717 472 1744 sua
505 1700 712 1760 injustitia
737 1698 1036 1758 perdiderunt.
1063 1703 1086 1744 J
1092 1710 1238 1744 ustum
1261 1701 1377 1745 enim
1399 1709 1463 1745 est
1485 1700 1603 1760 apud
1625 1705 1787 1755 Deum,

398 1779 448 1814 ut
468 1769 600 1814 modo
618 1769 838 1828 impertiat
852 1769 1207 1824 misericordiam,
1229 1779 1336 1814 tunc
1349 1780 1544 1815 exerceat.
1556 1769 1787 1830 judicium.

1836 267 1841 292 i

401 1841 505 1885 Ideo
528 1856 646 1884 nunc
667 1856 755 1884 non
776 1849 956 1884 tacetur.
981 1844 1049 1884 An
1063 1843 1436 1899 taceturPArguat
1457 1842 1658 1902 quisque,
1677 1856 1790 1886 mur·
1840 1831 1841 1848 ³

400 1921 560 1966 mutet,
591 1912 624 1955 si
647 1927 735 1963 non
759 1926 835 1970 per
863 1920 1003 1955 totum
1031 1912 1182 1956 orbem
1218 1912 1311 1956 haec
1338 1913 1560 1971 Scriptura
1584 1913 1793 1957 recitatur

400 1991 531 2041 atquc
548 1990 772 2038 cantatur3
797 1981 830 2024 si
848 1991 984 2025 cessat
1001 1982 1131 2025 etiam
1152 1981 1316 2025 venalis
1332 1981 1432 2025 ferri
1451 1997 1527 2041 per
1541 1981 1786 2041 publicum.

460 2055 540 2096 ΙΙΙ.
566 2052 648 2096 Sed
668 2067 812 2096 revera
832 2053 916 2096 hoc
937 2061 980 2096 te
997 2051 1224 2110 perturbat
1241 2053 1462 2096 hominem
1487 2052 1788 2107 christianum,

398 2125 500 2184 quia
517 2124 636 2167 vides
655 2123 767 2167 male
790 2123 979 2167 viventes
998 2122 1162 2177 felices,
1189 2138 1333 2166 rerum
1356 2123 1537 2167 istarum
1560 2124 1682 2183 copia
1705 2123 1792 2167 cir-

402 2195 669 2248 eumssuere,
709 2209 833 2237 sanos
868 2209 980 2247 esse,
1017 2193 1214 2253 superbis
1247 2193 1535 2252 dignitatibus
1574 2194 1788 2248 eminere,

400 2263 665 2308 incolumem
701 2263 862 2306 habere
892 2262 1095 2317 domum,
1139 2263 1297 2321 gaudia
1337 2279 1539 2318 suorum,
1582 2263 1790 2323 obsequia

399 2333 651 2387 clientium,
687 2332 1063 2377 excellentissimas
1092 2332 1330 2392 potentias,
1368 2332 1473 2376 nihil
1504 2332 1624 2377 triste
1655 2333 1793 2377 inter·-

398 2404 559 2463 pellare
572 2405 704 2447 vitam
722 2404 914 2463 ipsorum
928 2423 935 2447 :
954 2418 1093 2447 mores
1110 2402 1392 2463 nequissimos
1405 2403 1541 2458 vides,
1562 2402 1791 2448 facultates

400 2474 708 2532 copiosissimas
730 2474 929 2533 perspicis
949 2495 959 2531 3
986 2483 1028 2517 et
1045 2472 1150 2517 dicit
1170 2488 1244 2517 cor
1269 2482 1393 2517 tuum
1414 2472 1587 2518 nullum
1606 2489 1695 2517 esse
1720 2472 1789 2516 di-

399 2546 549 2589 vinum
573 2544 787 2603 judicium
807 2580 818 2598 ‚
844 2545 988 2589 omnia
1006 2544 1174 2589 casibus
1198 2543 1299 2589 ferri
1321 2553 1361 2587 et
1391 2544 1578 2589 fortuitis
1598 2544 1790 2589 motibus
