1841 3223
413 275 656 305 ENAnnArro
689 280 734 306 m
767 277 970 306 rsALMUM
1004 278 1139 304 xxxv.
1421 266 1473 303 53

86 340 175 385 duo
191 356 279 385 esse
299 350 492 401 separata
514 361 522 386 :
549 342 610 385 ibi
632 358 722 386 non
740 342 986 401 fatigaberis
1002 378 1013 398 ,
1038 343 1141 403 quia
1158 340 1255 387 fons
1277 351 1362 399 θεῖς
1382 357 1471 387 non

85 412 395 466 tenebraberis,
421 413 523 472 quia
538 411 687 456 lumen
711 422 789 456 est.
1114 432 1119 434 >

143 483 262 526 XVI.
293 500 313 524 «
339 481 566 526 Praetende
583 481 920 526 misericordiam
939 491 1061 527 tuam
1076 483 1313 528 scientibus
1332 493 1376 528 te
1391 519 1403 537 ‚
1429 479 1473 528 et

85 570 106 593 »
136 552 348 612 justitiam
364 548 485 596 tuam
507 553 572 596 his
595 552 671 613 qui
691 561 808 597 recto
829 561 930 596 sunt
948 552 1122 597 corde¹.
1152 572 1172 594 »
1200 553 1328 607 Quod
1359 570 1472 615 saepe

83 620 268 666 diximus
282 657 292 676 ‚
317 621 419 682 quia
441 621 504 666 illi
527 631 628 666 sunt
650 622 757 666 recti
779 622 931 677 corde,
957 622 1033 682 qui
1056 633 1300 682 sequuntur
1323 624 1368 668 in
1390 625 1474 669 hac

82 691 170 736 vita
191 691 462 736 voluntatem
483 693 577 736 Dei.
603 692 816 736 Voluntas
833 693 911 736 Dei
929 701 993 736 est
1015 692 1252 752 aliquando
1275 703 1325 738 ut
1344 710 1472 739 sanus

82 761 157 816 sis,
183 760 418 821 aliquando
445 770 494 805 ut
514 770 693 820 aegrotes
716 782 723 806 :
751 762 785 806 si
807 761 986 822 quando
1009 777 1137 805 sanus
1155 777 1220 816 es,
1247 762 1384 806 dulcis
1407 773 1472 807 est

81 831 282 876 voluntas
307 832 399 887 Dei,
426 841 469 875 et
488 831 665 893 quando
680 841 878 890 aegrotas,
900 847 1042 876 amara
1059 840 1122 876 est
1138 831 1339 876 voluntas
1364 833 1466 890 Dei3

81 917 170 945 non
190 911 306 946 recto
323 903 453 945 corde
471 918 529 946 es.
548 905 691 955 Quare
705 904 723 946 P
738 902 848 955 Quia
870 918 958 946 non
977 902 1038 946 vis
1051 902 1323 946 voluntatem
1347 911 1471 946 tuam

81 970 264 1030 dirigere
281 971 337 1015 ad
357 971 629 1016 voluntatem
651 971 750 1026 Dei,
776 971 851 1016 sed
874 972 950 1015 Dei
972 972 1036 1015 vis
1054 987 1236 1016 curvare
1257 971 1311 1016 ad
1329 981 1466 1016 tuam.

78 1038 162 1085 'Illa
184 1050 299 1086 recta
317 1053 402 1096 est,
425 1041 499 1086 sed
527 1051 575 1086 tu
606 1057 763 1086 curvus
783 1061 790 1086 :
812 1043 1013 1086 voluntas
1030 1052 1105 1087 tua
1123 1041 1377 1101 corrigenda
1408 1051 1472 1088 θεῖ

80 1111 135 1156 ad
155 1111 272 1157 illam
290 1147 301 1167 ,
322 1111 511 1157 non'illa
536 1111 755 1156 curvanda
779 1113 915 1156 estad
933 1122 975 1157 te
997 1132 1004 1157 :
1027 1123 1068 1157 et
1096 1122 1265 1158 rectum
1288 1113 1470 1157 habebis

79 1197 167 1226 cor.
193 1184 310 1226 Bene
323 1182 446 1226 estin
466 1183 549 1226 hee
571 1181 753 1237 saeculo,
780 1181 1063 1227 benedicatur
1081 1187 1196 1228 Deus
1213 1184 1288 1243 qui
1311 1199 1468 1227 conso-

78 1252 195 1296 latur
215 1271 223 1296 :
248 1251 472 1296 laboratur
495 1252 540 1295 in
562 1252 737 1307 saeculo,
757 1251 1040 1296 benedicatur
1060 1257 1173 1297 Deus
1195 1253 1298 1313 quia
1320 1269 1470 1297 emen-

79 1322 153 1367 dat
170 1331 212 1367 et
225 1322 382 1382 probat
395 1331 460 1367 :et
474 1322 555 1366 eris
569 1332 687 1367 recto
705 1322 834 1367 corde
845 1323 1018 1368 dicens:
1035 1324 1471 1369 «BenedicamDomi-

82 1410 103 1433 n
137 1408 244 1437 num
265 1394 311 1436 in
333 1393 451 1438 omni
469 1402 682 1453 tempore,
710 1408 879 1452 semper
897 1392 991 1436 laus
1013 1395 1103 1453 ejus
1126 1394 1171 1438 in
1184 1410 1257 1438 ore
1279 1398 1422 1439 meo‘2.
1445 1412 1465 1435 »

136 1465 278 1508 XVII.
318 1482 336 1504 «
361 1466 458 1508 Non
487 1463 632 1507 veniat
653 1463 758 1507 mihi
796 1478 871 1523 pes
894 1464 1151 1522 superbiacss.
1181 1483 1200 1505 »
1232 1467 1360 1509 Certe
1377 1466 1471 1524 jam

79 1532 215 1577 dixit:
243 1533 333 1578 Sub
354 1531 614 1577 umbraculo
645 1531 811 1576 alarum
836 1542 1010 1576 tuarum
1032 1534 1270 1593 sperabunt
1286 1534 1364 1578 filii
1388 1535 1470 1579 ho-

77 1603 248 1648 minum
264 1639 275 1659 ,
313 1612 356 1648 et
379 1603 715 1647 inebriabuntur
736 1603 791 1647 ab
824 1603 1025 1647 ubertate
1048 1605 1203 1648 domus
1225 1614 1329 1649 tuae,
1356 1607 1469 1650 Cum

78 1674 261 1733 coeperit
285 1674 471 1733 quisque
491 1674 575 1717 isto
596 1671 717 1717 fonte
739 1673 917 1716 uberius
934 1673 1126 1732 irrigari,
1151 1684 1300 1719 caveat
1320 1691 1376 1719 ne
1398 1691 1472 1719 su-

77 1743 262 1804 perbiat.
287 1747 385 1789 Non
409 1744 525 1787 enim
553 1742 702 1787 deerat
733 1741 840 1786 Adae
862 1743 1002 1802 primo
1024 1744 1192 1788 homini
1219 1763 1228 1789 ε
1254 1745 1328 1788 sed
1351 1745 1473 1789 venit

78 1814 141 1859 illi
160 1830 236 1874 pes
257 1814 490 1874 superbiae,
511 1822 554 1857 et
571 1813 708 1858 movit
730 1812 855 1857 illum
877 1829 1030 1858 manus
1047 1815 1301 1873 peccatoris,
1325 1815 1371 1858 id
1388 1824 1468 1870 est,

78 1900 233 1929 manus
253 1884 416 1929 diaboli
438 1883 640 1944 superba.
674 1882 908 1936 Quomodo
930 1883 1003 1927 ille
1031 1885 1107 1944 qui
1136 1900 1236 1929 eum
1271 1885 1468 1941 seduxit,

79 1954 188 1999 dixit
217 1975 226 2001 x
269 1959 465 2000 «Ponam
497 1954 644 1998 sedem
668 1969 805 1997 meam
833 1952 888 1997 ad
915 1953 1175 2013 Aquilonem
1193 1956 1209 1980 ⁴
1232 1975 1240 1999 ε
1272 1976 1290 1997 »
1324 1955 1382 1999 sic
1409 1954 1471 2000 illi

77 2026 288 2085 persuasit
302 2061 313 2081 ,
348 2044 368 2067 «
385 2027 588 2079 Gustate‚
610 2033 654 2069 et
679 2024 795 2069 eritis
816 2025 927 2068 sicut
944 2025 1003 2068 dii
1024 2028 1054 2070 ⁵.
1088 2045 1107 2067 »
1135 2026 1345 2086 Superbia
1367 2041 1470 2085 ergo

79 2096 186 2156 lapsi
208 2111 356 2140 sumus
373 2131 384 2150 ‚
411 2104 462 2140 ut
489 2094 542 2139 ad
569 2096 689 2139 istam
718 2094 1027 2139 mortalitatem
1050 2097 1388 2156 perveniremus.
1415 2099 1472 2141 Et

80 2167 182 2227 quia
219 2182 297 2210 nos
334 2165 535 2225 superbia
570 2165 874 2209 vulneraverat
892 2201 902 2220 ,
938 2166 1161 2211 humilitas
1190 2166 1293 2211 facit
1325 2182 1466 2210 sanos.

80 2236 212 2280 Venit
231 2234 407 2279 humilis
430 2239 543 2280 Deus
559 2271 569 2290 ‚
595 2244 645 2279 ut
668 2251 691 2279 a
715 2244 836 2279 tanto
858 2236 1073 2296 superbiae
1096 2235 1278 2280 vulnere
1299 2245 1472 2280 curaret

80 2307 319 2351 hominem.
355 2306 510 2361 Venit,
537 2306 638 2366 quia
660 2307 892 2351 «Verbum
914 2323 1013 2352 caro
1043 2306 1206 2351 factum
1229 2316 1313 2363 est,
1334 2316 1375 2351 et
1392 2307 1472 2352 ha-

85 2396 104 2419 »
139 2376 290 2421 bitavit
311 2376 355 2420 in
377 2376 541 2420 nobisss.
569 2393 590 2416 »
615 2377 964 2435 Comprehensus
987 2386 1050 2420 est
1072 2393 1094 2420 a
1117 2376 1280 2421 Judaeis
1295 2412 1306 2432 ‚
1332 2377 1470 2422 insul-

81 2455 221 2490 tatum
252 2455 315 2491 est
347 2447 399 2490 ei.
431 2446 644 2501 Audistis,
670 2461 772 2491 cum
795 2447 1079 2505 Evangelium
1106 2446 1338 2506 legeretur,
1360 2447 1469 2508 quid

130 2548 138 2564 ¹
160 2542 242 2574 Psal.
263 2554 362 2583 xxxv,
386 2554 435 2575 11.
461 2559 502 2565 ·-
518 2549 531 2565 ²
554 2543 600 2575 Id.
617 2553 724 2583 xxxin,
747 2550 777 2573 2.
800 2559 841 2564 —-
861 2540 935 2574 ³1d.
956 2553 1049 2584 xxxv,
1069 2552 1117 2581 12,
1143 2560 1184 2565 ——
1202 2541 1217 2568 l.
1236 2544 1393 2585 Isai'.x1v‚
1412 2543 1461 2575 13.

84 2613 124 2621 -
143 2596 158 2619 ⁵
175 2599 254 2630 Gen,
279 2609 327 2637 in,
343 2597 375 2629 5.
396 2615 436 2620 —-
455 2596 471 2620 6
488 2601 578 2630 Joan.
606 2609 629 2637 ι,
655 2597 703 2638 14.
