1841 3223
427 255 671 286 ENAnnAa-ro
703 257 749 284 m
780 254 983 284 PsAtmnM
1016 255 1087 284 XL.
1367 238 1451 276 229

64 319 196 384 quem
218 323 416 384 speravi?
445 342 466 365 «
492 325 634 367 Homo
655 321 771 381 pacis
792 336 899 364 meae
915 355 926 375 ,
946 320 991 364 in
1008 333 1139 379 quem
1160 315 1348 378 speravi,
1372 313 1468 376 qui,

67 412 88 435 »
109 393 269 439 edebat
288 409 420 454 panes
441 408 576 437 meos.
603 410 623 433 »
649 390 880 445 Quomodo
907 391 1048 451 ipsum
1077 387 1264 433 ostendit
1287 387 1333 430 in
1349 401 1452 446 pas-

64 464 204 520 sione,
223 464 278 508 de
305 464 395 508 istis
416 462 558 508 verbis
579 461 851 522 prophetiae?
869 464 949 504 Per
974 457 1217 504 buccellam
1235 457 1360 502 illuni
1378 456 1454 501 de-

64 535 251 594 signavit
265 537 296 591 ¹,
311 543 362 579 ut
383 542 609 594 appareret
625 531 680 576 de
697 531 773 576 illo
795 530 979 586 dictum,
1001 549 1021 572 «
1040 530 1126 583 Qui
1148 529 1305 573 edebat
1318 542 1453 588 panes

67 624 88 647 »
103 621 236 650 meos.
251 624 271 647 »
288 608 453 649 Rursus
464 602 641 664 quando
651 602 769 647 venit
784 610 834 645 ut
845 601 1035 645 traderet
1047 615 1144 644 eum
1153 635 1163 655 ,
1181 598 1377 644 osculum
1389 598 1454 642 illi

65 675 211 720 dedit²
227 711 237 731 ‚
263 685 314 720 ut
331 683 556 735 appareret
572 673 626 718 de
647 672 723 718 illo
742 672 924 727 dictum,
954 691 974 713 «
1001 674 1143 715 Homo
1161 670 1276 729 pacis
1293 685 1448 714 meae.»

122 749 256 791 x11.«
276 749 341 790 Tu
359 755 520 801 autem,
536 746 734 800 Domine,
749 744 950 788 miserere
966 742 1051 787 mei
1065 743 1227 785 ³.»Hoe
1246 755 1295 784 ex
1309 740 1450 785 forma

64 818 199 872 servi,
223 818 308 862 hoc
331 833 380 861 ex
398 816 537 861 forma
557 815 697 875 inopis
719 824 762 859 et
783 814 1001 875 pauperis.
1029 832 1048 854 «
1068 815 1225 856 Beatus
1242 811 1359 854 enim
1376 810 1453 870 qui

67 907 87 929 »
116 887 320 948 intelligit
348 903 477 948 super
508 902 695 947 egenum
718 895 761 930 et
795 885 1079 946 pauperem⁴.
1112 883 1314 929 Miserere
1341 881 1450 937 mei,

67 977 87 999 »
113 967 156 1003 et
174 959 375 1002 resuscita
390 973 475 1013 me,
493 967 536 1002 et
553 956 731 1002 reddam
751 956 849 1000 illis.
875 975 894 997 »
917 954 1072 999 Videte
1090 952 1267 1014 quando
1285 953 1454 996 dictum

64 1038 148 1084 est,
168 1030 259 1089 jam
280 1028 445 1072 factum
467 1037 546 1072 est.
571 1026 837 1071 Occiderunt
853 1026 968 1069 enim
990 1025 1211 1069 Christum
1231 1025 1256 1067 J
1261 1021 1375 1066 udaei
1398 1036 1455 1065 ne

65 1099 298 1159 perderent
324 1097 499 1143 locum⁵
535 1117 543 1143 ε
576 1097 652 1141 illo
675 1097 814 1142 occiso
844 1094 1129 1156 perdiderunt
1163 1094 1334 1150 locum,
1359 1108 1456 1136 era-

65 1168 197 1213 dicati
220 1185 244 1213 a
269 1184 426 1228 regno,
451 1167 631 1228 dispersi
656 1176 772 1212 sunt.
797 1167 1034 1212 Suscitatus
1058 1164 1248 1210 reddidit
1270 1163 1352 1208 illis
1375 1162 1454 1206 tri-

65 1239 334 1285 bulationem
374 1259 383 1284 :
421 1239 609 1285 reddidit
655 1237 711 1283 ad
753 1237 1094 1282 admonitionem
1111 1271 1121 1291 ,
1166 1234 1365 1280 nondum
1400 1232 1456 1278 ad

65 1310 405 1356 damnationem.
430 1310 591 1355 Civitas
609 1310 724 1354 enim
747 1308 822 1353 illa
844 1309 889 1353 in
921 1324 1007 1369 qua
1032 1306 1210 1351 fremuit
1233 1304 1422 1366 populus
1441 1339 1453 1360 ,

65 1391 272 1443 tanquam
289 1381 359 1426 leo
375 1379 545 1441 rapiens
566 1389 610 1424 et
630 1380 823 1438 rugiens,
864 1378 1110 1422 exclamans
1129 1396 1138 1422 ;
1163 1396 1182 1419 α
1209 1377 1425 1435 Crucifige
1440 1411 1453 1431 ,

68 1470 88 1494 »
114 1452 370 1511 crucifigef»,
392 1470 412 1493 »
441 1451 666 1496 eradicatis
680 1449 782 1494 inde
799 1448 984 1504 Judaeis,
1009 1448 1276 1494 Christianos
1294 1447 1427 1491 hahet
1441 1481 1453 1501 ‚

65 1534 89 1567 a
102 1526 126 1567 J
130 1522 257 1567 udaeo
270 1521 394 1567 nullo
410 1521 693 1566 inhabitatur.
710 1521 909 1565 Plantata
926 1529 989 1570 est
1000 1519 1060 1563 ibi
1073 1518 1264 1563 Ecclesia
1275 1517 1452 1571 Christi,

65 1593 183 1638 unde
204 1593 432 1637 eradicatae
454 1602 557 1637 sunt
578 1592 714 1652 spinae
737 1605 984 1649 synagogae.
1018 1588 1207 1634 Proinde
1225 1604 1325 1633 vere
1347 1587 1459 1648 ignis

65 1679 218 1708 eorum
239 1664 424 1717 exarsit,
449 1663 560 1707 sicut
576 1663 621 1705 in
637 1662 793 1720 spinis⁷
817 1677 825 1702 :
846 1660 1056 1704 Dominus
1080 1669 1226 1703 autem
1249 1668 1456 1719 tanquam

65 1734 233 1792 lignum
257 1732 393 1778 viride
410 1741 516 1776 erat.
543 1735 636 1776 Hoc
653 1731 742 1790 ipse
764 1732 837 1785 ait,
853 1729 1031 1790 quando
1045 1730 1313 1789 plangebant
1334 1745 1458 1789 quae-

66 1803 166 1848 dam
189 1803 390 1847 mulieres
415 1801 550 1846 veluti
573 1801 835 1845 moriturum
858 1800 1100 1855 Christum,
1132 1819 1151 1842 «
1181 1799 1324 1844 Nolite
1353 1799 1457 1843 ssere

70 1892 90 1916 »
111 1889 241 1934 super
261 1888 332 1917 me
347 1908 358 1928 ,
383 1871 457 1916 sed
478 1887 608 1931 super
625 1887 701 1915 vos
718 1872 828 1931 ipsas
850 1871 951 1914 flete
969 1903 980 1924 ,
1012 1879 1055 1914 et
1080 1884 1209 1930 super
1231 1870 1341 1914 filios
1356 1885 1455 1913 vcs-

70 1963 91 1986 »
116 1946 230 1989 tr-os8
256 1964 265 1990 ;
289 1962 309 1985 »
347 1959 397 1987 ex
426 1943 509 1987 hoc
534 1942 774 2002 praedicens
791 1977 802 1996 ,
832 1960 851 1983 «
886 1941 1051 1986 Suscita
1080 1956 1170 1996 me,
1206 1950 1249 1985 et
1276 1940 1457 1984 reddam

70 2033 91 2056 »
113 2014 211 2059 illis.
240 2015 283 2060 Si
305 2014 420 2058 enim
442 2015 487 2057 in
508 2011 635 2057 viridi
656 2012 776 2072 ligno
798 2013 891 2056 haec
913 2010 1081 2057 faciunt
1100 2047 1111 2067 ,
1136 2012 1182 2056 in
1204 2011 1325 2056 arido
1349 2011 1457 2072 quid

70 2104 92 2128 »
116 2086 245 2129 fiet9?
267 2103 288 2127 »
309 2083 496 2139 Quando
529 2083 664 2143 possit
694 2082 831 2127 viride
852 2083 1023 2141 lignum
1052 2082 1249 2128 consumi
1283 2082 1336 2126 ab
1358 2083 1459 2140 igne

69 2156 316 2215 spinarum?
357 2173 378 2196 «
408 2157 675 2198 Exarserunt
702 2153 817 2197 enim
835 2151 955 2197 velut
985 2153 1097 2212 ignis
1132 2153 1177 2195 in
1210 2152 1402 2212 spinis¹⁰.
1432 2170 1454 2193 »

71 2225 186 2283 Ignis
208 2225 352 2284 spinas
373 2223 618 2269 consumit:
644 2232 688 2267 et
703 2224 967 2283 cuicumque
985 2221 1113 2267 viridi
1133 2222 1251 2280 ligno
1275 2222 1459 2266 adhibe-

70 2306 143 2341 tur
157 2331 168 2351 ,
190 2294 367 2340 difficile
384 2293 658 2351 accenditur,
672 2294 832 2338 humor
844 2293 959 2337 enim
977 2292 1084 2352 ligni
1102 2293 1256 2337 resistit
1271 2293 1459 2337 flammae

71 2366 201 2411 lentae
222 2375 265 2411 et
283 2365 510 2421 marcidae,
537 2374 679 2410 tamen
696 2363 867 2410 idoneae
884 2363 940 2408 ad
961 2362 1276 2409 consumendas
1299 2364 1456 2424 spinas.

121 2486 130 2503 ¹
151 2481 244 2511 Joan.
263 2490 333 2521 xm,
348 2479 455 2511 26-
476 2485 489 2501 ²
507 2477 622 2511 Matth.
637 2489 726 2517 xxvi,
746 2477 801 2521 49,
821 2482 854 2510 et
869 2480 967 2510 Marc.
988 2475 1122 2519 x1v‚45.
1139 2494 1181 2500 -
1201 2475 1215 2500 3
1234 2476 1315 2509 Psal.
1339 2488 1392 2518 xi„
1408 2488 1460 2510 ιι.

75 2551 117 2559 —-
137 2533 253 2566 41bid.
280 2543 313 2566 2.
333 2549 375 2557 —-·
393 2532 409 2557 ⁵
426 2535 519 2566 Joan.
544 2544 597 2574 xi,
624 2532 677 2576 48.
703 2550 746 2556 --
773 2531 788 2556 ⁶
808 2535 884 2566 Luc.
905 2543 1001 2574 xxiii,
1018 2541 1075 2575 21,
1103 2537 1135 2566 et
1160 2535 1252 2565 Joan.
1273 2544 1346 2575 xlx,
1365 2533 1398 2564 6.
1418 2548 1461 2556 —-

78 2598 92 2623 7
111 2590 196 2623 Psal.
216 2601 311 2631 cxvii,
332 2600 441 2623 12.—
455 2588 470 2613 ⁸
485 2592 562 2622 Luc.
591 2600 683 2630 xxm,
699 2597 754 2621 21.
780 2605 822 2612 —-
843 2596 859 2620 9
876 2587 945 2620 lhid
964 2589 1016 2621 31.
1037 2605 1080 2612 -·
1099 2594 1129 2612 ¹⁰
1144 2588 1223 2621 Psat.
1244 2599 1341 2630 cxvn,
1363 2597 1413 2620 12.
