1841 3223
435 246 677 277 ENARRATIO
709 250 755 276 IN
787 247 990 277 PsALMUM
1020 247 1089 275 XL.
1349 234 1434 273 219

58 335 80 359 »
113 331 242 376 aeger,
266 315 313 360 in
333 320 502 360 carcere
522 313 628 358 fui1.
658 332 677 355 »
699 317 763 358 Ita
784 314 829 358 in
851 313 920 358 die
940 312 1130 373 maligna
1146 319 1269 357 eruet
1289 319 1332 355 te
1352 313 1435 357 Do-

35 386 212 437 ,minus

113 459 197 502 III.
223 459 280 501 Et
299 454 399 501 vide
419 452 737 498 beatitudinem
770 463 905 498 tuam.
935 473 956 496 «
979 453 1190 498 Dominus
1212 461 1437 497 conservet

56 546 77 570 »
112 542 213 572 eum
228 530 260 571 ².
284 544 304 568 »
323 526 539 586 Propheta
561 525 673 569 bene
695 533 816 584 optat
837 525 1006 569 homini
1025 523 1285 583 intelligenti
1305 538 1436 583 super

53 612 241 656 egenum
262 606 306 642 et
328 611 579 656 pauperem.
595 598 601 601 '
618 599 704 640 Ista
728 595 892 654 optatio
918 594 1144 654 promissio
1172 604 1235 638 est
1260 613 1269 639 :
1297 593 1436 639 securi

53 677 281 728 expectent
305 668 381 728 qui
406 667 490 713 hoc
523 676 671 725 agunt.
701 666 952 711 «Dominus
985 673 1209 710 conservet
1241 680 1369 719 eum,
1393 673 1438 708 et

55 756 76 781 »
111 738 301 783 vivificet
316 753 432 782 eum.
454 755 475 780 »
507 736 624 791 Quid
651 746 730 792 est,
760 756 779 778 «
795 738 1031 782 Conservet
1047 750 1165 791 eum,
1189 743 1232 779 et
1248 735 1438 779 vivificet

56 826 77 849 »
112 809 242 852 eum?
261 809 390 861 »Quo
410 808 614 866 pertinet,
634 807 864 852 «Vivificet
880 808 1008 851 eum?
1025 824 1044 847 n
1061 804 1131 850 Ad
1151 803 1348 849 futuram
1369 804 1438 849 vi-

52 887 158 923 tam.
183 877 437 923 Vivificatur
458 876 575 921 enim
598 877 673 937 qui
700 886 898 922 mortuus
919 885 1024 921 erat.
1047 874 1274 936 Numquid
1290 883 1439 919 autem

52 956 194 1008 potest
219 956 418 992 mortuus
447 946 687 1004 intelligere
715 963 845 1007 super
875 961 1063 1006 egenum
1099 955 1144 990 et
1170 945 1438 1005 pauperem?

55 1017 141 1064 Sed
166 1018 500 1063 vivificationem
535 1018 661 1063 nobis
693 1017 814 1062 illam
851 1017 1090 1077 promittit,
1127 1015 1182 1061 de
1215 1031 1304 1076 qua
1331 1014 1439 1059 dicit

52 1087 321 1148 Apostolus:
349 1106 370 1131 «
394 1089 563 1148 Corpus
584 1087 763 1147 quidem
784 1097 1008 1133 mortuum
1039 1096 1103 1131 est
1123 1095 1301 1146 propter
1334 1100 1438 1145 pec-

56 1177 77 1201 »
111 1168 283 1215 catum,
321 1159 495 1238 spiritus
528 1168 675 1203 autem
702 1159 792 1203 vita
824 1169 889 1204 cst
915 1168 1094 1220 pioptei
1119 1157 1371 1218 justitiam:
1403 1157 1439 1201 si

56 1248 78 1273 »
111 1240 258 1276 autem
286 1231 362 1291 qui
392 1230 614 1275 suscitavit
640 1230 862 1275 Christum
895 1247 919 1275 a
950 1230 1162 1288 mortuis,
1188 1228 1358 1273 habitat
1392 1227 1439 1272 in

55 1319 77 1344 »
110 1301 233 1346 vobis
244 1335 260 1357 ,
283 1301 358 1361 qui
375 1300 596 1346 suscitavit
611 1301 834 1346 Christum
856 1317 880 1345 a
909 1299 1112 1355 mortuis,
1138 1298 1377 1345 vivificabit
1394 1307 1439 1342 et

56 1390 77 1415 n
112 1371 310 1417 mortalia
327 1387 508 1431 corpora
524 1380 664 1416 vestra
686 1380 866 1431 propter
886 1371 1207 1415 inhabitantem
1231 1368 1439 1428 Spiritum

56 1461 77 1485 »
112 1444 147 1503 ej
155 1459 202 1488 us
218 1443 265 1487 in
279 1442 441 1487 vobis³.
459 1460 478 1484 »
495 1445 600 1487 Haec
614 1451 677 1486 est
689 1457 791 1501 ergo
806 1441 1039 1487 vivificatio
1053 1456 1152 1501 quae
1170 1439 1440 1500 promittitur

53 1512 314 1572 intelligenti
346 1528 476 1572 super
506 1527 693 1570 egenum
724 1522 767 1556 et
794 1527 1046 1572 pauperem.
1091 1511 1177 1556 Sed
1210 1510 1312 1571 quia
1332 1508 1441 1553 dicit

52 1584 285 1643 Apostolus
316 1583 372 1628 ad
404 1584 709 1628 Timotheum:
739 1603 760 1626 «
785 1583 1118 1628 Promissionem
1147 1581 1311 1626 hahens
1337 1580 1440 1625 vitae

56 1671 78 1696 »
111 1654 334 1713 praesentis
351 1663 394 1699 et
409 1653 571 1698 futurae
585 1655 617 1709 ⁴,
647 1671 668 1694 »
693 1669 749 1696 ne
773 1661 980 1712 putarent
1001 1651 1065 1696 illi
1092 1652 1168 1712 qui
1189 1649 1442 1709 intelligunt

53 1740 182 1784 super
202 1738 388 1783 egenum
411 1733 454 1769 et
469 1738 705 1782 pauperem
716 1758 727 1778 ,
752 1723 1020 1782 recipiendos
1033 1721 1211 1782 quidem
1227 1736 1270 1765 se
1287 1736 1377 1765 esse
1393 1721 1442 1765 in

53 1794 243 1849 coelum,
267 1794 343 1838 sed
364 1793 526 1852 negligi
546 1794 592 1837 in
615 1803 755 1851 terra,
780 1803 823 1838 et
851 1809 941 1838 non
961 1801 1182 1853 sperarent
1210 1791 1292 1835 nisi
1319 1790 1441 1852 quod

53 1863 252 1909 futurum
273 1873 336 1909 est
355 1864 402 1908 in
420 1873 633 1909 aeternum
648 1899 660 1920 ,
682 1864 804 1924 quod
821 1873 967 1909 autem
990 1863 1044 1908 ad
1062 1878 1250 1922 praesens
1273 1871 1336 1907 est
1357 1877 1441 1921 pu-

55 1944 197 1980 tarent
218 1938 357 1979 Deum
388 1950 478 1979 non
505 1950 656 1979 curare
678 1935 724 1979 in
746 1935 902 1980 sanctis
930 1943 974 1978 et
994 1932 1197 1978 fidelibus
1216 1932 1302 1977 suis
1324 1948 1332 1974 z
1362 1932 1442 1976 ubi

55 2004 163 2050 dixit
187 2004 307 2065 quod
331 2005 513 2049 maxime
541 2014 766 2065 expectare
788 2005 1000 2049 debemus
1022 2020 1030 2045 z
1061 2024 1082 2047 «
1102 2005 1312 2049 Dominus
1335 2019 1443 2049 con-

58 2093 79 2117 »
114 2084 254 2120 servet
269 2090 385 2130 eum,
411 2084 454 2119 et
466 2075 657 2120 vivificet
676 2090 797 2119 eum:
817 2094 837 2116 »
858 2075 1043 2134 respexit
1064 2073 1119 2119 ad
1139 2074 1267 2119 istam
1283 2074 1438 2120 vitam:

60 2163 81 2186 «
113 2147 171 2189 Et
199 2145 400 2200 beatum,
423 2145 592 2204 inquit,
626 2144 755 2189 faciat
778 2161 878 2189 eum
899 2146 945 2189 in
974 2155 1103 2189 terra.
1133 2163 1153 2186 »
1180 2145 1310 2204 Erige
1339 2160 1443 2203 ergo

57 2214 205 2260 oculos
232 2215 277 2259 in
304 2215 398 2259 haec
427 2216 633 2274 promissa
665 2216 893 2260 christiana
922 2215 1039 2260 fide:
1081 2231 1170 2260 non
1207 2224 1250 2259 te
1286 2215 1444 2259 deserit

56 2288 171 2330 Deus
192 2285 238 2328 in
258 2294 392 2340 terra,
423 2294 465 2329 et
500 2285 665 2345 aliquid
687 2287 901 2345 promittit
922 2286 968 2330 in
995 2285 1124 2331 coelo.
1161 2284 1293 2330 Multi
1324 2286 1444 2330 enim

56 2354 158 2399 mali
192 2355 423 2401 Christiani
455 2355 717 2414 inspectores
750 2355 1152 2416 ephemeridarum,
1188 2364 1232 2399 et
1258 2355 1444 2416 inquisi-

58 2433 171 2469 tores
195 2434 325 2485 atque
348 2425 644 2471 observatores
666 2435 915 2487 temporum
936 2436 980 2470 et
1001 2426 1195 2482 dierum,
1220 2441 1323 2471 cur-n
1349 2442 1444 2471 coe-

106 2526 115 2544 ⁸
133 2520 245 2553 Matth.
262 2532 346 2563 xxv,
362 2521 414 2553 35.
439 2538 482 2545 —
501 2528 514 2544 ²
534 2522 619 2555 Psal.
639 2534 698 2564 ιι,
719 2523 750 2555 3.
772 2540 813 2546 --
834 2522 846 2547 3
866 2526 956 2556 Rom.
977 2534 1057 2566 vm,
1081 2535 1132 2566 ro,
1158 2534 1208 2557 11.
1232 2540 1274 2548 —-
1291 2521 1309 2555 4
1331 2531 1343 2553 ι
1364 2524 1442 2558 Tim.

59 2586 91 2607 iv
106 2600 115 2616 ,
137 2577 168 2608 8.
