1841 3223
172 235 413 264 ENARRAno
446 237 495 263 111
528 238 572 264 nv
606 236 808 264 PsALMUM
838 235 992 273 xxxvi,
1025 232 1152 261 SERM.
1187 235 1253 261 111.
1322 224 1399 260 111

25 300 193 358 hyemis
207 300 383 346 arbores
401 315 491 345 non
508 299 716 344 habentes
735 298 928 345 fructum
949 308 993 344 et
1016 297 1147 353 folia,
1170 296 1247 341 illo
1270 311 1407 356 appa-

25 380 149 417 rente
180 381 389 433 tanquam
410 386 526 416 novo
546 370 636 415 sole
657 381 821 426 exorto,
845 371 956 415 illud
971 370 1092 431 quod
1109 370 1156 413 in
1177 368 1320 413 radice
1342 369 1409 412 vi-

24 442 156 487 vebat
172 477 183 498 ,
218 443 264 486 111
304 440 520 486 fructibus
557 450 777 500 appareat.
824 459 844 482 «
878 444 1008 486 Amat
1049 455 1152 499 ergo
1173 438 1247 483 ille
1295 436 1411 498 judi·
1454 472 1457 475 »

28 528 51 554 »
75 513 191 556 cium
208 547 219 567 ,
251 521 295 556 et
314 525 405 556 non
421 509 696 570 derelinquet
711 519 880 554 sanctos
917 525 1031 554 suos.
1059 528 1080 551 »
1117 509 1202 555 Sed
1241 508 1412 553 laborat

26 591 200 627 sanctus
216 582 261 625 in
284 579 426 625 fame?
446 583 545 626 Non
575 579 701 624 illum
730 579 1002 640 derelinquet
1019 583 1134 625 Deus
1157 595 1166 621 ε
1197 598 1218 621 «
1241 577 1412 637 Flagel-

30 672 52 696 »
82 652 146 697 lat
173 667 348 697 omnem
369 651 509 695 filium
527 686 539 707 ‚
563 666 695 711 quem
718 651 871 711 recipit
894 653 925 694 1.
961 669 982 692 »
1009 650 1262 695 Contemnis
1287 648 1413 693 illum

29 722 208 784 quando
247 721 491 780 flagellatur
512 757 523 777 ,
563 721 808 781 expavescis
845 720 1023 782 quando
1064 719 1244 764 ditatur.
1288 718 1414 763 Unde

29 793 147 841 enim
163 791 437 851 flagellatur?
456 791 666 838 Pressuris
688 790 1016 851 temporalibus.
1042 790 1228 843 Quando
1250 787 1414 833 ditabi-

29 865 136 909 tur?
158 862 346 916 Quando
362 860 511 907 audiet
532 881 542 907 :
570 862 775 917 «Venite,
789 859 1011 906 benedicti
1029 859 1166 904 Patris
1180 858 1287 913 mei,
1313 873 1416 918 per-

32 951 53 976 »
78 933 209 994 cipite
228 948 413 991 regnum
428 967 440 988 ‚
459 932 580 993 quod
599 932 723 977 vobis
743 940 945 992 paratum
965 940 1031 977 est
1045 930 1102 976 ab
1124 928 1249 974 initio
1285 944 1415 973 mun-

31 1022 54 1047 »
78 1004 122 1048 di
145 1008 178 1049 2.
206 1004 344 1050 »Noli
364 1019 466 1063 ergo
497 1003 618 1063 piger
640 1019 728 1048 esse
753 1002 985 1062 flagellari,
1014 1010 1065 1046 ut
1104 1001 1160 1046 sis
1191 1001 1305 1061 inter
1344 1016 1417 1045 eos

29 1075 108 1135 qui
133 1084 356 1119 merentur
377 1075 524 1133 recipi.
559 1076 702 1134 Usque
728 1073 837 1118 adeo
867 1072 941 1117 ille
969 1080 1082 1117 amat
1101 1071 1342 1131 judicium,
1366 1080 1418 1115 ut

30 1161 122 1191 non
142 1144 416 1205 derelinquat
443 1154 637 1200 sanctos,
677 1159 787 1204 quos
817 1143 1008 1202 flagellat
1045 1143 1100 1186 ad
1137 1152 1323 1202 tempus.
1360 1144 1418 1185 Et

30 1209 239 1277 quoniam
256 1215 445 1276 flagellat
460 1231 635 1261 omnem
651 1215 808 1270 filium,
832 1230 965 1274 quem
979 1214 1130 1273 recipit
1144 1248 1156 1268 ,
1181 1229 1261 1257 nec
1280 1212 1418 1257 Unico

30 1287 241 1347 pepercit,
262 1286 309 1331 in
322 1302 411 1347 quo
432 1285 641 1330 delictum
662 1301 753 1330 non
787 1286 972 1330 invenit.
994 1304 1015 1327 «
1037 1283 1253 1338 Quoniam
1275 1283 1420 1328 Domi-

34 1375 56 1399 »
75 1372 158 1401 nus
192 1366 310 1402 amat
335 1356 576 1417 judicium,
595 1365 639 1401 et
655 1372 745 1401 non
756 1354 1029 1415 derelinquet
1054 1363 1222 1399 sanctos
1251 1369 1367 1398 suos.
1395 1372 1416 1395 »

33 1429 144 1483 Quia
163 1445 265 1488 ergo
287 1444 376 1473 non
397 1444 469 1473 eos
489 1427 785 1488 derelinquet,
831 1427 943 1472 forte
964 1429 1048 1472 hoc
1066 1427 1126 1471 eis
1156 1426 1281 1470 dabit
1300 1425 1422 1486 quod

32 1500 104 1544 hic
125 1516 268 1556 amas,
299 1499 458 1544 multos
478 1515 613 1544 annos
630 1500 795 1553 vivere,
819 1500 1068 1542 senescere?
1109 1500 1207 1544 Non
1235 1496 1422 1540 attendis

33 1570 136 1630 quia
157 1570 192 1615 si
211 1578 479 1615 senectutem
501 1578 622 1628 optas
640 1569 809 1624 venire,
834 1569 946 1612 hanc
965 1577 1086 1627 optas
1121 1566 1176 1611 de
1207 1583 1295 1627 qua
1320 1581 1422 1610 011111

33 1641 201 1685 venerit
217 1641 508 1701 conqueraris.
533 1643 631 1685 Non
648 1639 728 1683 tibi
740 1654 842 1697 ergo
860 1638 977 1683 dicat
997 1638 1141 1682 anima
1158 1672 1169 1692 ‚
1193 1636 1265 1682 vel
1280 1636 1392 1681 mala
1408 1671 1420 1692 ,

34 1711 105 1756 vel
119 1710 314 1765 infirma,
333 1709 403 1755 vel
422 1710 630 1770 parvula:
650 1704 1042 1763 Quomodoverum
1058 1718 1143 1764 est,
1172 1728 1193 1751 «
1213 1709 1423 1753 Dominus

39 1800 61 1824 »
78 1790 194 1826 amat
208 1780 440 1841 judicium,
452 1790 496 1825 et
513 1797 604 1825 non
618 1780 892 1840 derelinquet
906 1789 1078 1824 sanctos
1089 1781 1214 1824 suos?
1231 1782 1424 1824 »Revera

38 1867 129 1897 non
150 1850 382 1911 dereliquit
398 1859 483 1895 tres
505 1866 660 1911 pueros
674 1851 721 1894 in
742 1851 914 1895 camino
939 1850 1189 1906 laudantes,
1221 1865 1311 1894 non
1353 1865 1424 1895 eos

41 1922 181 1981 tetigit
201 1921 313 1981 ignis
336 1922 351 1951 3-
379 1941 390 1967 2
413 1921 630 1982 numquid
643 1921 781 1966 sancti
793 1922 883 1982 ejus
902 1921 1143 1966 Machabaei
1159 1936 1249 1965 non
1268 1930 1393 1965 erant
1410 1955 1423 1976 ,

40 1993 117 2054 qui
136 1993 184 2037 in
203 1992 378 2051 ignibus
391 1991 645 2037 defecerunt
665 2008 795 2038 carne
809 2029 820 2049 ,
845 2009 935 2038 non
954 1992 1041 2038 fide
1063 1993 1109 2038 ⁴¹?
1127 1992 1212 2038 Sed
1230 1993 1340 2047 hoc,
1365 1992 1428 2036 in-

40 2064 160 2124 quis,
184 2064 388 2122 majorem
411 2064 696 2123 quaestionem
716 2063 849 2108 habet
864 2099 875 2119 ‚
900 2064 1001 2124 quia
1023 2079 1124 2108 cum
1141 2063 1228 2108 fide
1258 2062 1321 2108 1111
1339 2078 1430 2107 11011

13 2126 304 2189 ι(1010001101,
332 2133 406 2178 1110
427 2132 522 2178 illos
555 2133 850 2194 dereliquerit.
894 2134 1011 2179 Audi
1047 2134 1167 2195 quod
1200 2135 1426 2194 sequitur:

48 2223 70 2248 α
95 2207 150 2249 111
181 2213 396 2249 aeternum
419 2204 808 2249 conservabuntur.
843 2222 864 2246 »
907 2207 972 2249 Tu
999 2220 1160 2264 paucos
1193 2219 1329 2249 amios
1370 2204 1430 2248 eis

45 2274 247 2335 optabas,
278 2290 388 2335 quos
415 2275 473 2318 eis
497 2274 531 2319 si
562 2273 686 2319 daret
716 2275 948 2330 Dominus,
986 2291 1077 2319 non
1110 2274 1432 2335 derelinqueret

47 2354 216 2391 sanctos
232 2361 346 2391 suos,
373 2344 607 2390 Visibiliter
625 2361 716 2390 non
752 2345 985 2405 dereliquit
1023 2354 1106 2389 tres
1135 2360 1316 2404 pueros,
1355 2360 1431 2390 oc-

48 2416 165 2462 culte
185 2431 277 2461 non
292 2415 523 2477 dereliquit
556 2415 828 2461 Machabaeos
853 2435 863 2461 2
887 2415 969 2460 illis
996 2415 1125 2460 etiarn
1157 2415 1279 2460 dedit
1300 2415 1433 2461 vitam

100 2519 109 2536 ¹
133 2512 234 2546 Hebr.
260 2522 326 2554 xu,
342 2512 376 2545 6.
396 2528 438 2535 -
465 2518 478 2536 2
496 2511 608 2546 Matth.
629 2522 715 2554 xxv,
731 2512 784 2555 34.
807 2529 849 2536 —
872 2510 885 2535 3
903 2514 984 2545 Dan.
1002 2522 1054 2553 111,
1083 2512 1135 2545 50.
1163 2528 1205 2535 -
1230 2511 1246 2542 4
1274 2521 1294 2546 2
1322 2511 1430 2545 Mach.

52 2578 117 2609 vn,
144 2578 174 2610 7.
