1841 3223
364 229 607 258 ENAnnAmo
638 232 683 258 IN
716 228 918 258 PSALMUM
950 231 1058 258 xm.
1342 222 1425 260 255

46 314 66 338 «
99 295 255 340 Judica
281 310 351 340 me
369 298 504 351 Deus,
542 305 584 340 et
615 295 811 340 discerne
843 311 1015 341 causam
1039 310 1181 340 meam
1215 293 1270 340 de
1297 306 1428 356 gente

42 384 64 412 ›.›
95 382 185 411 non
206 375 368 411 sancta.
394 384 416 408 »
433 368 560 411 Nunc
577 367 752 410 interim
772 367 818 411 in
839 368 919 411 hac
940 366 1288 427 peregrinatione
1311 383 1426 413 non-
1454 356 1457 359 i

40 435 147 480 dum
166 435 371 481 discernis
392 435 538 480 locum
553 450 715 491 meum,
741 437 843 496 quia
859 436 990 481 simul
1009 451 1109 481 cum
1141 436 1310 481 zizaniis
1327 438 1427 484 vivo

39 522 178 568 usque
212 505 268 551 ad
307 515 477 566 tempus
512 504 658 550 messis
681 508 693 532 ¹
718 525 727 550 :
754 505 950 550 nondum
988 507 1194 551 discernis
1234 507 1427 567 pluviam

39 593 202 634 meam,
225 577 425 623 nondum
446 577 652 621 discernis
663 575 809 621 lucem
831 592 999 621 meam:
1020 577 1216 623 discerne
1252 595 1427 624 causam

37 663 196 693 meam.
226 648 364 692 Distet
383 648 496 692 inter
517 663 618 691 eum
634 647 711 708 qui
733 647 780 691 in
796 657 840 692 te
856 647 1009 703 credit,
1035 657 1078 692 et
1095 663 1196 693 eum
1219 650 1295 709 qui
1316 650 1361 694 in
1384 659 1428 694 te

38 733 129 763 non
147 718 299 763 credit.
326 722 409 763 Par
428 718 657 762 infirmitas
673 727 737 763 est
752 754 763 774 ,
788 715 861 762 sed
881 718 1025 778 dispar
1043 719 1331 764 conscientia:
1349 735 1428 779 par

36 790 175 847 labor,
190 791 267 835 sed
275 789 420 851 dispar
427 788 980 836 desiderium.Desiderium
993 789 1227 849 impiorum
1240 790 1399 849 peribit
1414 809 1425 836 :

37 860 92 905 de
108 860 322 906 desiderio
333 871 478 906 autem
488 862 724 922 justorum,
750 861 832 905 nisi
849 869 992 905 certus
1011 868 1122 904 esset
1145 858 1425 919 pollicitator,

37 930 238 977 dubitare
259 931 531 977 deberemus.
547 932 666 976 Finis
679 931 880 976 desiderii
891 931 1048 986 nostri,
1066 930 1156 990 ipse
1173 930 1423 989 promissor.

39 1005 93 1048 Se
104 1003 248 1062 ipsum
260 1001 511 1063 dabit‚quia
531 1018 574 1046 se
587 1002 726 1062 ipsum
746 1001 890 1046 dedit:
907 1002 1104 1061 seipsum
1121 1000 1428 1046 dabitimmor-

37 1072 197 1118 talibus
219 1072 524 1128 immortalem,
537 1073 638 1133 quia
660 1088 704 1116 se
725 1073 867 1132 ipsum
885 1071 1007 1116 dedit
1027 1070 1285 1116 mortalibus
1304 1087 1427 1116 mor-

36 1142 183 1188 talem.
214 1163 234 1187 «
260 1145 414 1189 Judica
447 1159 516 1188 me
540 1147 676 1198 Deus,
711 1153 754 1188 et
775 1143 972 1188 discerne
997 1158 1169 1187 causam
1200 1158 1343 1186 meam
1372 1143 1428 1187 de

40 1234 61 1258 »
97 1225 222 1274 gente
239 1231 330 1260 non
352 1225 513 1260 sancta.
535 1215 604 1260 Ab
626 1215 804 1260 homine
821 1214 972 1275 iniquo
992 1223 1036 1259 et
1049 1212 1200 1259 doloso
1219 1229 1322 1258 erue
1336 1229 1423 1258 me.

39 1303 61 1328 »
96 1289 190 1331 Hoc
212 1295 290 1342 est,
313 1285 369 1330 de
387 1295 515 1345 gente
529 1301 619 1330 non
637 1293 799 1331 sancta.
821 1285 890 1329 Ab
907 1285 1107 1340 homine,
1136 1305 1153 1327 »
1184 1302 1207 1329 a
1235 1283 1426 1345 quodam

37 1372 193 1416 genere
222 1356 451 1401 hominum
478 1376 489 1400 ι
517 1355 620 1416 quia
644 1354 823 1416 quidam
845 1355 978 1400 homo
993 1390 1004 1410 ,
1021 1364 1064 1399 et
1082 1354 1261 1416 quidam
1273 1355 1424 1410 homo,

36 1428 144 1472 etin
164 1428 230 1472 his
261 1427 436 1472 duobus
455 1443 569 1472 unus
602 1435 862 1481 assumetur,
891 1436 935 1471 et
966 1442 1080 1471 unus
1106 1425 1378 1487 relinquetur
1389 1429 1422 1470 ².

93 1513 174 1554 III.
210 1513 269 1555 Et
295 1509 504 1570 quoniam
537 1509 746 1570 patientia
778 1524 887 1569 opus
919 1517 983 1554 est
1011 1507 1181 1553 ferendi
1210 1523 1348 1569 usque
1372 1507 1429 1553 ad

33 1595 236 1636 messem,
257 1580 493 1641 quamdam
509 1615 520 1635 ,
547 1579 581 1623 si
602 1579 688 1624 dici
709 1588 851 1639 potest
866 1615 876 1634 ,
901 1579 1177 1623 indiscretam
1200 1577 1428 1623 discretio-

35 1667 136 1695 nem
163 1671 171 1696 :
196 1651 324 1696 simul
345 1651 461 1695 enim
484 1660 613 1705 sunt,
654 1660 698 1694 et
718 1650 817 1695 ideo
846 1650 1028 1694 discreta
1057 1648 1257 1694 nondum
1287 1658 1390 1693 sunt
1415 1667 1424 1693 ε

35 1721 194 1766 zizania
218 1730 364 1765 autem
387 1721 546 1765 zizania
576 1729 678 1764 sunt
693 1755 703 1775 ,
726 1729 770 1764 et
789 1719 1009 1764 frumenta
1047 1718 1267 1764 frumenta
1295 1727 1426 1777 sunt,

32 1800 78 1835 et
102 1789 200 1836 ideo
223 1790 504 1850 discretajam
521 1799 623 1834 sunt
641 1809 650 1834 :
676 1790 780 1850 quia
801 1804 902 1847 ergo
919 1787 1176 1834 fortitudine
1203 1805 1312 1849 opus
1334 1797 1424 1844 est,

34 1861 307 1922 imploranda
328 1861 383 1905 ab
403 1860 479 1905 illo
498 1861 573 1921 qui
583 1859 711 1921 jussit
729 1869 779 1904 ut
794 1858 926 1904 fortes
940 1860 1073 1904 simus
1089 1895 1099 1915 ,
1126 1869 1170 1904 et
1192 1859 1272 1903 nisi
1295 1857 1428 1903 fortes

35 1931 125 1992 ipse
148 1930 322 1988 fecerit,
353 1947 443 1976 non
476 1931 635 1974 erimus
657 1930 777 1990 quod
810 1930 959 1990 jussit,
984 1930 1039 1974 ab
1074 1928 1150 1974 illo
1178 1929 1254 1990 qui
1289 1929 1424 1986 dixit,

39 2021 60 2044 «
83 2002 169 2056 Qui
190 2001 526 2062 perseveraverit
550 2016 690 2060 usquc
711 2000 757 2043 in
786 2001 941 2055 finem,
965 1999 1036 2044 hic
1058 1998 1201 2044 salvus
1223 1999 1304 2043 erit
1318 2001 1335 2026 ²
1364 2018 1373 2043 ε
1401 2017 1423 2040 »

35 2088 90 2118 ne
121 2073 202 2117 sibi
233 2073 325 2133 ipsa
361 2072 504 2116 anima
527 2069 769 2129 arrogando
801 2069 1107 2115 fortitudinem
1142 2069 1424 2125 debilitetur,

35 2143 244 2188 continuo
266 2142 485 2203 adjungit,
513 2161 533 2183 «
553 2141 664 2194 Quia
681 2150 730 2184 tu
749 2155 792 2184 es
809 2143 924 2184 Deus
942 2155 1063 2184 meus
1082 2138 1294 2184 fortitudo
1311 2155 1424 2195 mea,

37 2212 234 2275 »utquid
251 2229 319 2258 me
331 2211 527 2272 repulisti
541 2247 551 2266 ,
579 2220 621 2255 et
635 2209 791 2271 utquid
813 2210 945 2254 tristis
956 2209 1130 2264 incedo,
1156 2209 1428 2268 dumaffligit

37 2301 59 2326 »
79 2300 150 2328 me
177 2284 376 2328 inimicus
390 2283 434 2323 3?
461 2303 478 2340 >2
499 2284 684 2326 Causam
697 2280 854 2341 quaerit
877 2279 1060 2324 tristitiae
1081 2295 1185 2322 suae.
1217 2298 1234 2319 «
1256 2281 1424 2334 Quare,

38 2372 59 2397 »
77 2354 219 2415 inquit
239 2389 250 2411 ,
275 2353 406 2398 tristis
422 2351 578 2397 incedo
603 2351 707 2396 dum
728 2351 878 2409 affligit
895 2365 964 2394 me
982 2349 1211 2394 inimicus?
1229 2367 1252 2391 »
1279 2350 1427 2395 Tristis

38 2425 244 2481 ambulo,
277 2423 477 2469 inimicus
509 2422 661 2481 affligit
680 2437 750 2466 me
785 2420 1050 2482 quotidianis
1081 2420 1423 2477 tentationibus,

85 2539 95 2558 ¹
111 2533 225 2567 matth.
246 2544 316 2576 xm,
331 2532 384 2566 30.
405 2549 446 2555 ——
467 2531 540 2564 21d.
562 2542 597 2574 x,
615 2539 672 2572 22,
693 2534 727 2563 et
743 2540 831 2570 xxm,
856 2529 905 2561 13.
930 2525 996 2551 ...3
1010 2526 1090 2561 Psal.
1115 2537 1199 2571 nn,
1220 2537 1252 2561 2.
