1841 3223
355 250 411 291 42
785 265 819 291 s.
855 260 1087 291 Aucus-nm
1119 263 1305 291 131>1scoP1

355 330 400 373 in
422 338 549 373 terra.
588 330 730 373 Habes
766 329 1000 388 scriptum,
1031 329 1366 375 «Misericordia
1404 329 1578 372 Domini
1613 327 1742 387 plena

358 418 377 441 n
404 409 467 444 est
489 402 646 444 ter1·a¹.
670 418 689 440 »
716 403 777 443 De
811 415 898 460 qua
933 416 1036 459 ergo
1058 400 1353 445 misericordia
1386 399 1603 460 loquitur,
1642 414 1744 442 eum

355 469 481 527 dicit3
514 490 533 511 «
566 470 748 513 Domine
767 505 778 525 ,
809 470 854 513 in
887 471 999 515 coelo
1027 471 1322 515 misericordia
1354 472 1460 515 tua?
1504 489 1523 511 »
1560 473 1745 514 Munera

357 541 433 584 Dei
453 540 609 599 partim
632 540 886 600 temporalia
907 544 1161 602 sunt²atque
1184 551 1351 586 terrena
1366 577 1376 596 ‚
1401 541 1559 601 partim
1581 550 1745 585 aeterna

354 621 397 655 et
418 610 611 655 coelestia
640 630 649 656 :
674 613 748 672 qui
769 622 947 672 propter
964 613 1049 657 hoc
1069 613 1172 657 colit
1195 616 1333 657 Deum
1351 648 1361 667 ‚
1406 621 1457 656 ut
1477 622 1648 657 terrena
1664 612 1745 657 ista

354 690 427 741 atq
435 696 486 725 ue
504 681 757 741 temporalia
771 683 967 742 accipiat,
985 699 1084 743 quae
1102 683 1304 727 omnibus
1319 692 1477 742 praesto
1489 692 1606 737 sunt,
1622 682 1745 742 quasi

354 751 499 796 adhuc
521 761 571 796 ut
593 768 724 812 pecus
753 762 841 808 est,
868 754 1010 797 utitur
1031 753 1210 813 quidem
1233 753 1526 797 misericordia
1544 753 1644 808 Dei,
1669 751 1745 796 sed

353 838 443 867 non
466 822 539 867 illa
557 839 656 883 quae
674 833 850 884 excepta
873 833 952 879 est,
973 840 1071 884 quae
1093 839 1182 868 non
1197 823 1373 867 dabitur
1395 823 1477 867 nisi
1490 822 1588 867 solis
1599 823 1742 883 justis,

353 894 527 948 sanctis,
546 894 685 938 bonis.
703 896 812 947 Quae
833 903 935 938 sunt
955 909 1137 938 munera
1157 909 1255 953 quae
1269 894 1473 938 omnibus
1488 893 1746 939 abundant?

356 981 377 1004 »
404 964 487 1017 Qui
509 964 642 1008 solem
665 979 791 1008 suum
807 965 909 1008 oriri
924 963 1025 1010 facit
1039 980 1168 1024 super
1185 965 1323 1009 bonos
1343 974 1386 1008 et
1403 964 1562 1019 malos,
1578 973 1622 1008 et
1634 964 1747 1024 pluit

356 1053 377 1077 »
413 1051 541 1094 super
555 1037 694 1095 justos
716 1045 758 1080 et
790 1037 1011 1096 injustos2.
1034 1055 1055 1078 n
1081 1037 1186 1090 Quis
1216 1053 1305 1081 non
1327 1036 1460 1081 habet
1480 1037 1602 1080 istam
1623 1036 1746 1080 mise·

353 1105 584 1151 ricordiam
602 1106 704 1162 Dei,
728 1107 870 1166 primo
892 1117 942 1152 ut
964 1108 1018 1152 sit
1032 1143 1042 1163 ‚
1078 1116 1129 1152 ut
1150 1108 1423 1153 discernatur
1450 1124 1473 1151 a
1494 1107 1743 1167 pecoribus,

352 1184 403 1220 ut
439 1175 649 1221 rationale
683 1177 737 1221 sit
770 1177 960 1233 animal,
1002 1178 1079 1238 qui
1119 1178 1252 1237 possit
1296 1181 1437 1222 Deum
1474 1176 1742 1236 intelligere,

354 1246 512 1291 deinde
535 1245 622 1291 frui
635 1248 715 1292 ista
735 1246 834 1292 luce
851 1283 861 1303 ‚
887 1249 970 1293 isto
985 1252 1082 1292 aere
1099 1284 1110 1303 ‚
1136 1248 1285 1308 pluvia
1301 1284 1312 1303 ‚
1338 1247 1555 1292 srnctibus
1568 1283 1578 1303 ‚
1599 1247 1745 1292 diver-

353 1318 477 1362 sitate
499 1327 769 1378 temporum,
795 1318 954 1364 solatiis
972 1320 1152 1363 terrenis
1168 1354 1178 1374 ,
1195 1318 1334 1363 salute
1347 1319 1560 1378 corporis,
1583 1319 1747 1364 affectu

353 1388 618 1444 amicorum,
643 1388 783 1434 salute
811 1390 967 1434 domus
998 1392 1116 1434 suaeP
1137 1390 1291 1434 Omnia
1314 1390 1394 1433 ista
1416 1390 1531 1434 bona
1554 1400 1682 1445 sunt,
1703 1400 1747 1435 et

353 1459 431 1503 Dei
460 1475 641 1504 munera
678 1469 794 1504 sunt.
821 1463 883 1505 Ne
905 1461 1064 1519 putetis
1083 1496 1093 1515 ‚
1121 1459 1273 1504 fratres
1291 1496 1301 1511 ‚
1336 1460 1457 1521 quod
1494 1459 1649 1520 aliquis
1671 1461 1748 1505 illa

353 1531 513 1589 poterit
534 1530 637 1574 dare
651 1566 661 1586 ‚
678 1531 760 1575 nisi
777 1547 891 1574 unus
914 1535 1045 1575 Deus.
1062 1531 1339 1591 Quicumque
1357 1547 1459 1590 ergo
1481 1547 1571 1575 non
1586 1547 1745 1591 expec-

353 1609 448 1644 tant
480 1601 559 1645 ista
579 1636 589 1655 ‚
626 1602 708 1645 nisi
729 1617 754 1645 a
790 1602 977 1646 Domino
993 1637 1004 1656 ,
1028 1601 1221 1645 multum
1257 1602 1436 1646 interest
1464 1602 1578 1646 inter
1600 1603 1679 1646 hos
1703 1611 1747 1647 et

353 1685 424 1715 eos
452 1672 529 1731 qui
552 1670 625 1715 illa
646 1681 853 1731 quaerunt
874 1682 950 1716 aut
970 1688 992 1715 a
1020 1672 1318 1728 daemonibus,
1356 1682 1431 1717 aut
1459 1689 1483 1716 a
1504 1673 1742 1732 sortilegis⁷

353 1751 465 1786 auta
488 1742 817 1786 mathematicis.
846 1743 919 1787 Isti
940 1744 1056 1787 enim
1092 1742 1267 1788 duobus
1297 1744 1435 1788 modis
1458 1744 1602 1788 miseri
1625 1754 1742 1800 sunt,

352 1813 452 1873 quia
478 1822 521 1856 et
543 1822 710 1857 terrena
738 1812 828 1857 sola
853 1814 969 1858 bona
991 1814 1253 1870 desiderant,
1269 1825 1313 1859 et
1333 1830 1424 1859 non
1442 1815 1497 1859 ab
1513 1832 1563 1860 eo
1589 1825 1748 1876 petunt

351 1883 426 1943 qui
445 1882 521 1927 dat
536 1883 682 1927 omnia
705 1882 835 1927 bona.
861 1885 945 1937 Qui
967 1900 1069 1929 vero
1093 1885 1172 1929 ista
1203 1885 1318 1930 bona
1343 1886 1613 1943 desiderant,
1639 1896 1683 1931 et
1700 1888 1746 1931 in

350 1958 416 2002 his
437 1958 562 2002 bonis
584 1958 731 2002 felices
753 1974 842 2002 esse
859 1958 1015 2004 volunt
1028 1995 1039 2013 ‚
1056 1969 1099 2003 et
1116 1959 1196 2004 ista
1214 1958 1303 2004 sola
1320 1969 1479 2020 petunt
1497 1977 1520 2004 a
1534 1964 1624 2005 Deo
1636 1996 1646 2016 ‚
1660 1961 1745 2005 hoc

350 2028 530 2089 quidem
546 2028 745 2073 meliores
768 2038 891 2084 sunt,
917 2030 1019 2089 quia
1041 2045 1065 2073 a
1082 2033 1172 2074 Deo
1190 2040 1348 2089 petunt
1363 2066 1373 2086 ‚
1402 2031 1477 2075 sed
1502 2031 1645 2075 adhuc
1666 2047 1746 2091 pe-

350 2098 608 2143 riclitantur.
635 2099 748 2143 Dicit
769 2099 947 2159 aliquis:
974 2103 1117 2153 Quare
1139 2100 1471 2159 periclitantur?
1494 2101 1744 2162 Aliquando

350 2169 467 2212 enim
482 2169 758 2213 considerant
780 2185 846 2214 res
868 2170 1102 2225 humanas,
1128 2180 1171 2214 et
1193 2170 1436 2215 videntista
1464 2172 1609 2216 onmia
1628 2173 1743 2217 bona

350 2249 520 2284 terrena
538 2275 548 2294 ‚
569 2256 670 2301 quae
693 2239 967 2295 desiderant,
993 2241 1154 2284 habere
1182 2250 1313 2301 atque
1342 2241 1567 2286 abundare
1587 2243 1743 2302 impios

349 2318 393 2353 et
410 2310 583 2370 iniquos
601 2346 611 2365 ,
638 2319 681 2354 et
702 2319 862 2370 putant
883 2312 985 2371 quia
1001 2310 1286 2370 perdiderunt
1301 2313 1547 2356 mercedem
1567 2312 1742 2358 colendi

350 2382 515 2434 Deum,
541 2381 643 2441 quia
665 2381 711 2426 id
733 2380 854 2442 quod
875 2381 977 2425 mali
1005 2382 1190 2436 habent,
1227 2392 1270 2426 et
1304 2382 1380 2442 ipsi
1415 2382 1603 2433 habent,
1639 2399 1741 2428 cum

349 2449 496 2495 colant
518 2454 656 2495 Deum
669 2487 680 2507 ,
705 2468 838 2513 quem
858 2467 948 2496 non
963 2451 1115 2497 colunt
1128 2452 1213 2511 illi3
1232 2462 1307 2497 aut
1322 2452 1561 2513 aliquando
1585 2454 1645 2498 illi
1663 2454 1738 2514 qui

398 2565 406 2580 ¹
431 2559 511 2591 psal.
528 2570 629 2598 xxxii,
651 2571 683 2590 v.
705 2577 745 2581 —-
765 2567 778 2582 ²
793 2560 906 2592 matth.
930 2571 962 2600 v,
984 2559 1041 2602 45.
