1841 3223
342 185 427 225 506
780 194 814 224 S.
851 195 1082 224 AUGUSTINI
1115 197 1297 226 Emscom

335 277 431 307 cam
458 270 626 316 tamen,
659 261 804 321 capiat
831 262 907 321 qui
933 271 1102 322 potest,
1135 262 1359 324 quomodo
1382 272 1555 323 potest:
1581 264 1731 312 credat

333 332 410 392 qui
440 346 530 376 non
552 340 715 390 potest,
747 340 790 376 et
813 341 907 376 oret
928 342 978 377 ut
1010 334 1156 392 possit.
1183 334 1409 394 Numquid
1432 344 1579 379 tamen
1600 335 1731 381 istum

333 418 507 447 versum
546 402 604 446 ita
627 403 848 462 praeterire
870 403 1082 448 debemus
1097 440 1108 460 ,
1148 414 1198 450 ut
1221 422 1320 450 eum
1342 407 1467 451 vobis
1504 422 1593 451 non
1615 423 1732 452 com«

333 472 624 518 mendemus?
646 475 746 519 Dico
769 475 979 520 Cliaritati
1004 478 1168 520 Vestrse
1185 512 1195 531 ‚
1221 477 1374 521 invitat
1397 493 1467 522 me
1488 479 1588 523 satis
1611 494 1731 523 amor

332 546 465 605 ipsius
498 543 665 605 aliquid
687 544 742 590 de
764 545 840 591 illo
862 545 983 607 loqui
1002 568 1013 604 3
1040 556 1083 591 et
1108 547 1265 606 gratias
1298 562 1378 605 ago
1401 553 1484 593 Deo
1516 548 1638 609 quod
1659 550 1730 593 in·-

332 625 452 660 tente
476 614 647 660 auditis.
678 616 721 662 Si
758 626 905 661 autem
930 632 1005 661 vos
1038 616 1308 673 fastidientes
1331 618 1481 663 audire
1504 620 1731 679 conspice-

332 701 445 739 rem,
487 685 650 731 invitus
681 687 737 731 ab
770 687 854 732 hoc
887 702 1017 731 versu
1048 687 1248 743 silerem,
1289 697 1335 732 et
1368 698 1514 733 tamen
1536 690 1580 734 in
1600 690 1731 734 corde

331 773 453 813 meo⁷
475 768 690 818 quantum
716 759 921 803 Dominus
944 758 1200 818 dignaretur
1223 759 1485 815 concedere,
1512 777 1601 806 non
1629 761 1732 806 sile—

331 844 437 873 rem.
460 828 617 872 Veniat
635 843 737 887 ergo
759 829 805 872 in
827 828 1024 889 linguam
1053 829 1175 890 quod
1196 829 1328 875 corde
1346 840 1609 891 conceptum
1629 841 1693 877 est
1716 853 1728 890 3

329 909 556 960 promatur
577 915 682 945 voce
703 899 825 961 quod
847 910 993 945 mente
1014 911 1211 946 servatur
1233 921 1242 948 ε
1272 903 1466 948 dicamus
1490 912 1540 948 ut
1570 919 1730 963 possu-

330 987 450 1027 mus,
477 971 586 1032 quid
607 972 676 1027 sit,
701 991 721 1015 ι(
743 971 1002 1017 Voluntarie
1024 973 1275 1019 sacrificabo
1300 974 1394 1018 tibi.
1420 992 1440 1016 »
1465 974 1596 1028 Quod
1613 976 1730 1020 enim

330 1044 592 1090 sacrificium
610 1044 682 1090 hic
705 1044 931 1104 accipiam,
958 1043 1142 1090 fratres?
1165 1055 1241 1090 aut
1262 1045 1370 1106 quid
1394 1045 1526 1105 digne
1548 1046 1730 1092 offeram

330 1116 513 1161 Domino
530 1132 610 1176 pro
631 1116 927 1161 misericordia
949 1118 1291 1178 ejusYVictimas
1308 1134 1499 1178 quaeram
1525 1117 1580 1162 de
1602 1134 1731 1179 grege

329 1188 495 1243 ovium,
516 1188 694 1232 arietem
718 1187 892 1248 eligam,
911 1198 1086 1234 taurum
1104 1189 1294 1250 aliquem
1317 1190 1363 1233 in
1384 1190 1588 1234 armentis
1609 1206 1728 1250 pros-

328 1261 485 1321 piciam
503 1296 513 1315 ‚
546 1262 676 1306 thura
704 1270 821 1306 certe
849 1260 905 1306 de
935 1271 1049 1307 terra
1082 1262 1337 1307 Sabaeorum
1372 1262 1586 1306 afferam?
1610 1262 1728 1316 Quid

328 1332 518 1377 faciam?
543 1333 660 1386 Quid
683 1333 866 1377 offeram
885 1369 895 1388 ,
922 1334 1001 1377 nisi
1026 1333 1148 1393 quod
1176 1333 1260 1388 ait,
1287 1353 1307 1375 «
1336 1333 1602 1378 Sacrificium
1631 1333 1728 1378 lau·-

332 1421 352 1444 »
388 1402 454 1447 dis
476 1403 786 1448 honorificabit
808 1419 877 1448 me
892 1406 905 1429 ¹
925 1405 943 1446 ⁶?
970 1422 990 1444 υ
1016 1408 1156 1457 Quare
1178 1419 1280 1462 ergo
1296 1439 1307 1459 ‚
1347 1423 1366 1446 «
1393 1402 1678 1448 Voluntarie‘?
1702 1423 1721 1445 n

329 1475 440 1528 Quia
465 1475 595 1533 gratis
613 1491 710 1520 amo
726 1475 849 1536 quod
865 1474 1014 1520 laudo.
1033 1475 1185 1520 Laudo
1203 1481 1355 1531 Deum,
1373 1484 1415 1520 et
1428 1475 1472 1519 in
1490 1475 1579 1535 ipsa
1596 1475 1726 1520 laude

329 1545 497 1605 gaudeo
520 1566 529 1591 ε
554 1546 688 1606 ipsius
710 1545 841 1591 laude
866 1545 1053 1605 gaudeo,
1077 1563 1165 1607 quo
1188 1546 1365 1591 laudato
1386 1562 1476 1591 non
1498 1547 1722 1592 crubesco.

331 1619 429 1662 Non
445 1617 560 1661 enim
584 1615 960 1677 quemadmodum
981 1617 1187 1661 laudatur
1204 1617 1260 1661 ab
1276 1616 1477 1662 studiosis
1491 1618 1724 1663 theatrica·
1751 1671 1755 1676 ‘

327 1702 426 1732 rum
449 1703 666 1746 nugarum
680 1687 750 1733 vel
771 1688 921 1748 auriga
934 1724 944 1743 ,
964 1687 1034 1733 vel
1053 1697 1250 1743 venator,
1267 1688 1336 1733 vel
1349 1687 1535 1749 quilibet
1546 1689 1721 1745 histrio,

327 1768 373 1804 et
399 1774 421 1802 a
447 1758 749 1804 laudatoribus
784 1760 869 1804 suis
892 1760 1138 1804 invitantur
1167 1760 1238 1804 alii
1264 1759 1513 1805 laudatores
1531 1796 1542 1815 ,
1573 1761 1724 1805 exhor-

326 1840 477 1876 tantur
504 1840 554 1876 ut
586 1831 744 1892 pariter
776 1830 995 1890 clament·⁷
1035 1841 1078 1876 et
1115 1847 1216 1876 cum
1238 1847 1388 1875 omnes
1410 1831 1720 1888 clamaverint,

326 1901 587 1962 plerumque
620 1901 696 1947 illo
717 1902 834 1946 victo
858 1918 1008 1946 omnes
1028 1902 1307 1946 erubescunt.
1330 1904 1428 1947 Non
1449 1902 1508 1946 ita
1531 1911 1594 1946 est
1613 1908 1723 1947 Deus

327 1982 474 2017 noster
497 1989 505 2013 :
530 1971 735 2016 laudetur
755 1971 1009 2027 voluntate,
1034 1982 1203 2016 ametur
1225 1972 1457 2030 charitate3
1482 1973 1723 2030 gratuitum

324 2043 378 2087 sit
399 2042 520 2103 quod
553 2052 723 2087 amatur
738 2078 748 2097 ‚
772 2052 816 2087 et
841 2042 963 2103 quod
980 2042 1201 2088 laudatur.
1228 2043 1346 2097 Quid
1363 2052 1428 2088 est
1450 2044 1722 2102 gratuitum?

326 2116 425 2173 Ipse
446 2122 624 2174 propter
641 2129 706 2168 se,
733 2129 823 2158 non
846 2122 1023 2173 propter
1052 2113 1187 2158 aliud.
1217 2114 1259 2159 Si
1277 2113 1394 2158 enim
1416 2112 1568 2159 laudas
1586 2120 1720 2159 Deum

324 2193 375 2228 ut
397 2184 471 2227 det
494 2184 575 2228 tibi
593 2183 760 2244 aliquid
778 2183 912 2238 aliud,
928 2185 1017 2244 jam
1035 2200 1125 2228 non
1149 2185 1278 2244 gratis
1302 2199 1418 2228 amas
1440 2190 1589 2228 Deum.
1612 2188 1722 2229 Eru-

324 2255 519 2300 besceres
537 2291 547 2310 ‚
574 2255 607 2299 si
633 2264 677 2299 te
697 2271 805 2300 uxor
827 2264 901 2299 tua
925 2264 1103 2315 propter
1131 2255 1301 2300 divitias
1325 2263 1516 2312 ainaret3
1541 2265 1584 2300 et
1607 2254 1719 2300 forte

325 2326 358 2370 si
391 2326 469 2370 tibi
501 2336 732 2386 paupertas
754 2326 993 2381 accideret,
1018 2325 1072 2370 de
1095 2325 1309 2370 adulterio
1341 2325 1567 2385 cogitaret·
1604 2328 1718 2372 Cum

325 2411 426 2454 ergo
448 2405 490 2441 te
507 2413 529 2441 a
551 2398 735 2457 conjuge
753 2398 881 2456 gratis
898 2397 1031 2442 amari
1049 2396 1169 2452 velis,
1187 2407 1235 2442 tu
1250 2403 1383 2441 Deum
1403 2406 1580 2457 propter
1599 2396 1718 2442 aliud

324 2467 524 2511 amabis?
547 2467 677 2521 Quod
698 2469 927 2529 praemium
956 2477 1212 2529 accepturus
1243 2484 1286 2514 es
1315 2485 1339 2513 a
1362 2474 1468 2524 Deo,
1495 2485 1521 2512 o
1549 2484 1674 2514 avare
1696 2471 1714 2510 ἱ)

373 2559 381 2574 ¹
404 2552 482 2585 psal.
508 2563 591 2594 xiix,
615 2553 669 2585 23.
