1841 3223
612 278 946 307 ANNOTATloNEs.
1394 264 1479 304 569

100 340 380 387 Cubarsusi.
407 343 566 402 Regius
589 344 751 398 Codex,
778 341 1076 387 Cebarsussi.
1103 344 1213 387 Octo
1235 341 1306 385 alii
1323 342 1367 385 in
1381 341 1479 402 qui-'

92 414 176 457 bus
207 423 270 458 est
292 413 548 469 Vaticanus,
590 413 883 459 Cubursussi
901 431 911 458 .·
931 413 1045 458 forte
1066 428 1145 473 pro
1163 448 1173 468 ,
1205 410 1477 456 Cubursus-

92 485 196 528 sim.
226 488 360 529 Porro
382 500 481 529 cum
504 485 687 530 concilia
714 485 1119 529 Maximianensium
1140 484 1187 527 in
1209 483 1480 528 Primianum

92 554 182 599 (luo
202 555 485 612 Augustinus,
508 555 701 615 primum
723 555 998 614 Carthagine,
1025 553 1209 598 alterum
1227 553 1479 598 Cabarsussi

89 625 293 670 habitum
319 635 630 671 commemoret
660 644 670 670 z
705 633 808 669 sunt
844 625 921 684 qui
953 625 1066 669 hanc
1098 624 1349 682 synodicam
1383 632 1480 684 post

88 697 324 741 Baronium
348 697 567 756 assignent
588 697 721 756 priori
758 695 944 740 concilio
962 731 973 751 ,
1015 696 1212 756 adeoque
1244 695 1370 740 isthic
1391 695 1479 754 legi

89 765 248 822 velint,
286 782 378 811 non
417 765 555 826 apud
585 764 946 821 Cabccrsussim,
980 781 1079 826 quae
1107 766 1151 810 in
1182 765 1365 823 Byzacio
1398 765 1479 810 sita

90 845 209 893 erat3
233 836 308 881 sed
330 834 468 896 apud
490 836 739 882 Cavernas
760 836 913 892 Susis,
934 836 1098 892 locum,
1123 846 1173 881 ut
1193 836 1275 896 ipsi
1298 834 1478 896 quidem

89 907 352 952 constituere
374 923 453 967 pro
473 923 550 952 sua
572 907 777 967 opinione
797 917 1028 967 coeperunt
1046 943 1056 963 ,
1077 908 1269 952 vicinum
1290 907 1476 952 Cartha-

89 977 193 1037 gini.
221 980 281 1022 At
300 987 416 1022 certe
431 1013 442 1028 ‚
462 978 584 1038 prius
605 977 649 1022 ill
659 978 718 1022 ud
738 977 974 1023 concilium
991 978 1342 1035 carthaginense,
1368 987 1477 1022 teste

86 1048 335 1107 Augustino
351 1048 398 1093 in
418 1047 495 1092 lib.
522 1067 567 1094 ιν
588 1058 740 1094 contra
769 1049 1054 1094 Cresconium
1075 1064 1113 1093 c.
1141 1054 1183 1103 6,
1214 1053 1256 1103 7,
1283 1048 1337 1092 ab
1360 1048 1475 1108 epis-

85 1119 204 1178 copis
216 1118 523 1164 tantummodo
543 1117 877 1181 quadraginta
897 1117 1256 1180 tribusfactum
1278 1127 1375 1163 esc:
1397 1120 1480 1177 qui

85 1187 299 1234 nondum
313 1191 424 1235 ausi
440 1199 551 1235 sunt
567 1189 782 1235 ultimum
796 1191 1108 1250 prcecipitczre
1117 1187 1372 1251 judicium,
1390 1188 1480 1234 secl

86 1257 300 1318 quodam
335 1258 622 1323 praejudicto
655 1259 1014 1315 consuluerunt,
1054 1269 1106 1304 ut
1148 1260 1391 1317 Primian03
1435 1260 1480 1304 si

85 1347 247 1377 causae
268 1347 367 1377 suoe
387 1330 590 1394 fideret,
630 1320 850 1392 sequenti
871 1330 1125 1377 celebriori
1150 1330 1353 1376 concilio
1383 1346 1478 1376 res-

80 1400 335 1461 pondendi
353 1418 550 1463 seseque
567 1402 818 1464 purgcmdi
837 1401 1184 1462 relinqueretur
1202 1401 1356 1447 locus:
1382 1417 1476 1460 quo

83 1488 193 1517 cum
210 1474 372 1518 venire
387 1472 760 1535 nolzcz'sset,·jam
772 1474 1044 1518 necessario
1059 1481 1354 1533 putaverunt
1373 1488 1474 1517 esse

84 1541 420 1589 damnandum
442 1545 545 1588 sine
572 1542 675 1588 ulla
700 1544 1008 1602 suspensione
1027 1543 1292 1599 sententia,
1312 1541 1475 1588 scilicet

83 1615 134 1658 in
159 1613 344 1659 concilio
376 1614 758 1668 Cabarsussitano,
789 1613 864 1658 ubi
890 1629 914 1657 a
941 1622 1134 1658 centum
1160 1612 1238 1658 vel
1263 1611 1471 1673 amplius

83 1685 319 1744 episcopis
341 1685 562 1748 perfecte
590 1683 872 1744 pleniusque
902 1682 1165 1729 damnatus
1191 1694 1262 1728 est
1288 1684 1473 1728 Primia-

82 1771 178 1800 nus.
205 1758 310 1799 Haec
332 1764 479 1799 autem
514 1754 731 1813 Synodica
763 1753 1000 1814 perfectam
1022 1755 1375 1815 plenioremque,
1407 1755 1472 1800 uti

81 1834 220 1886 paret,
240 1825 447 1870 Primiani
466 1823 790 1870 damnationem
809 1826 1005 1870 continet
1027 1844 1035 1870 :
1062 1825 1180 1869 unde
1202 1825 1354 1870 eadem
1375 1841 1472 1885 per-

81 1895 196 1941 fecta
222 1896 492 1955 Augustinus
507 1931 520 1950 ,
547 1895 672 1941 IIcec
694 1906 779 1951 est,
805 1898 864 1941 ait
881 1932 897 1953 ,
922 1894 1175 1941 damnatio
1201 1905 1300 1941 tua.
1321 1899 1472 1958 Neque

84 1967 140 2012 ab
167 1967 380 2027 episeopis
407 1967 863 2028 quadraginta-tribus
884 1967 1096 2012 duntaxat
1115 2003 1126 2023 ,
1152 1968 1243 2013 imo
1263 1984 1354 2013 non
1376 1978 1473 2014 tan-

81 2046 176 2082 tum
199 2053 224 2082 a
240 2038 720 2099 quinquaginta-tribus
739 2073 750 2094 ,
770 2038 847 2100 qui
862 2039 909 2083 in
932 2039 1018 2083 fine
1040 2049 1336 2094 recensentur,
1357 2039 1471 2086 edita

82 2116 178 2154 est:
209 2108 566 2169 quandoquidem
598 2107 720 2153 illam
757 2119 949 2170 spectare
988 2108 1034 2153 id
1075 2110 1231 2154 merito
1266 2110 1468 2166 videtur,

81 2178 204 2240 quod
238 2179 353 2224 infra
379 2179 562 2238 legimus
592 2196 637 2223 n.
665 2186 719 2224 23
748 2200 757 2225 :
801 2179 1002 2224 Centum
1022 2178 1102 2224 vel
1121 2195 1238 2239 quos
1258 2181 1471 2242 ficerunt

78 2250 167 2308 qui
193 2247 547 2295 damnaverunt
584 2267 616 2295 α
635 2260 780 2311 parte
809 2251 1114 2296 Blamimiuni
1141 2251 1466 2297 Primianum.

79 2322 375 2380 Praeterquam
399 2320 520 2381 quod
544 2337 635 2366 non
656 2322 852 2366 omnium
874 2321 951 2380 qui
974 2320 1203 2378 Synodieae
1225 2321 1468 2367 condendce

78 2389 373 2435 interfuerunt
387 2391 725 2452 subscriptiones
739 2392 937 2436 recitatas
948 2391 1081 2436 fuisse
1096 2392 1285 2451 probant
1300 2394 1467 2438 Anus-

82 2461 256 2516 tusius,
286 2460 622 2513 Constantius,
655 2460 952 2517 Cunclorius,
985 2460 1121 2505 etalii
1149 2455 1328 2523 quidam
1353 2464 1467 2524 epis-

79 2531 177 2590 copi
198 2531 243 2575 in
257 2532 355 2591 ejus
376 2532 613 2592 principio,
634 2548 724 2577 non
747 2532 790 2575 in
815 2533 900 2577 fine
922 2531 1146 2577 nominati.
