1841 3223
378 213 430 251 58
805 222 838 249 s.
873 219 1103 250 AUGUSTINI
1138 222 1319 254 Episcopi

375 303 506 349 quam
535 289 624 348 ipse
656 287 710 332 de
740 295 883 331 nostra
920 287 1154 330 tentatione
1187 287 1403 346 concipiat
1438 287 1687 343 scientiam,
1717 288 1761 333 in

374 374 462 419 quo
485 367 576 402 erat
593 366 693 402 autc
717 356 975 414 ignorantia.
1006 356 1090 401 Sed
1117 356 1223 417 quid
1247 366 1331 411 cst,
1363 376 1382 398 «
1407 359 1562 402 Tentat
1579 373 1653 402 vos
1671 393 1682 413 ‚
1713 368 1764 403 ut

376 448 398 471 »
433 429 567 474 sciat?
592 447 611 468 »
641 429 795 470 Tentat
816 442 906 481 vos,
928 437 977 471 ut
999 428 1107 472 scire
1134 444 1209 472 vos
1234 427 1376 472 faeiat.
1403 429 1598 487 Accipite
1615 445 1717 488 ergo
1739 445 1764 475 a

372 498 589 544 contrario
618 496 813 556 regulam
836 496 1164 557 intelligentiae3
1196 508 1238 542 ct
1261 499 1633 558 quemadmodum
1662 515 1764 544 cum

372 572 511 613 Deum
532 566 690 611 auditis
708 567 875 612 dicere:
902 569 1152 625 «Cognovi,
1174 587 1192 609 υ
1214 568 1468 627 intelligitis,
1493 572 1763 627 Cognoscere

369 654 446 683 vos
470 638 551 683 feci
578 657 586 682 ε
612 638 671 682 sic
693 648 736 682 et
758 653 856 682 cum
890 638 1049 682 auditis
1073 638 1126 683 dc.
1161 639 1270 682 Filio
1296 640 1504 694 hominis,
1530 639 1573 683 id
1598 649 1681 695 est,
1709 640 1764 685 de

369 708 542 754 Christo
565 707 649 752 dici
666 708 784 768 quod
801 708 923 752 illum
942 709 1057 752 diem
1080 709 1262 762 nesciat,
1287 709 1516 767 intelligite
1535 709 1620 754 dici
1642 710 1764 770 quod

369 779 533 825 nescire
558 777 700 822 saciat.
737 778 854 831 Quid
887 788 950 822 est
971 788 1139 833 autem,
1167 779 1330 823 nescire
1353 777 1510 823 faciat?
1533 779 1759 836 Occultet,

367 858 416 893 ut
439 849 654 893 nesciatur
671 849 790 908 quod
813 849 938 893 nobis
962 849 1084 908 prodi
1109 864 1197 893 non
1222 848 1412 907 prodest.
1438 852 1529 893 Hoc
1556 859 1620 893 est
1641 842 1763 910 quod

367 919 484 972 dixi,
512 919 768 977 magistrum
804 919 970 963 bonum
1000 934 1124 963 nosse
1156 918 1262 978 quid
1294 918 1472 978 prodat,
1503 935 1626 965 nosse
1655 920 1762 980 quid

373 998 514 1047 tegat:
540 989 651 1033 sicut
669 989 872 1049 quaedam
897 1005 996 1033 eum
1018 989 1198 1047 legimus
1223 988 1453 1033 distulisse.
1481 991 1606 1034 Unde
1628 991 1762 1036 intel-

365 1059 540 1118 ligimus
559 1075 647 1104 non
661 1060 806 1104 omnia
821 1059 1060 1119 promenda
1074 1076 1180 1115 esse,
1196 1077 1294 1120 quse
1311 1076 1464 1119 capere
1477 1077 1565 1108 non
1579 1072 1760 1120 possunt

364 1130 409 1174 hi
423 1130 584 1190 quibus
597 1139 871 1190 promuntur.
891 1131 1001 1175 Dicit
1015 1131 1131 1174 enim
1150 1131 1252 1174 alibi
1269 1150 1278 1175 ;
1299 1149 1318 1172 «
1333 1130 1472 1174 Multa
1485 1131 1625 1176 habeo
1635 1133 1758 1177 vobis

366 1219 388 1242 »
423 1201 588 1256 dicere,
618 1202 693 1246 sed
722 1217 810 1246 non
840 1202 1017 1261 potestis
1051 1200 1124 1245 illa
1146 1211 1318 1261 portare
1341 1201 1514 1246 modo¹.
1541 1221 1560 1243 »
1581 1203 1694 1248 Dicit
1715 1197 1759 1248 et

364 1272 598 1331 Apostolus
619 1289 627 1314 ε
654 1291 675 1315 «
694 1276 790 1318 Non
809 1273 931 1332 potui
948 1272 1068 1333 loqui
1091 1273 1212 1316 vobis
1232 1272 1354 1332 quasi
1373 1272 1660 1331 spiritalibus,
1681 1274 1758 1320 sed

367 1360 387 1384 »
426 1343 547 1403 quasi
578 1342 852 1398 carnalibus,
893 1343 1015 1403 quasi
1048 1342 1236 1402 parvulis
1267 1344 1312 1386 in
1340 1343 1512 1387 Christo
1543 1342 1610 1388 lac
1635 1344 1758 1389 vobis

365 1430 386 1453 »
421 1422 577 1472 potum
596 1412 720 1468 dedi,
742 1429 832 1458 non
849 1429 1014 1459 escam:
1036 1430 1180 1474 neque
1203 1414 1317 1457 enim
1336 1414 1564 1473 poteratis3
1584 1413 1660 1458 sed
1678 1430 1758 1459 nec

365 1501 385 1524 »
421 1484 565 1528 adhuc
590 1483 768 1544 quidem
792 1486 1009 1543 potestis².
1041 1503 1060 1526 »
1087 1481 1185 1538 Quo
1208 1485 1379 1544 proficit
1402 1485 1480 1529 iste
1503 1488 1669 1530 sermo?
1701 1489 1758 1531 Ut

361 1555 567 1614 quoniam
589 1555 705 1599 diem
725 1556 1007 1600 novissimum
1030 1556 1186 1600 scimus
1209 1565 1442 1600 venturum
1458 1591 1468 1611 ‚
1494 1555 1660 1601 utiliter
1681 1573 1754 1601 au-

362 1634 449 1669 tem
471 1626 629 1670 scimus
652 1635 885 1670 venturum
910 1636 953 1670 et
982 1627 1145 1670 utiliter
1172 1627 1422 1685 ignoramus
1445 1626 1624 1686 quando
1648 1644 1755 1672 ven-

361 1704 484 1741 turus
507 1697 581 1751 sit,
614 1706 814 1756 paratum
843 1713 917 1741 cor
947 1697 1185 1741 habeamus
1215 1697 1325 1740 bene
1355 1697 1568 1755 vivend03
1597 1707 1639 1742 et
1666 1715 1756 1743 non

361 1766 502 1810 solum
517 1783 605 1811 non
622 1768 849 1815 timeamus
864 1776 1099 1811 venturum
1112 1766 1236 1811 illum
1251 1767 1382 1821 diem,
1397 1767 1473 1813 sed
1487 1776 1529 1811 et
1542 1784 1750 1813 amemus.

360 1837 458 1883 Dies
482 1839 643 1897 quippe
665 1837 738 1881 ille
760 1839 871 1882 sicut
889 1836 1138 1881 infidelibus
1160 1837 1352 1881 laborem
1374 1847 1528 1897 auget,
1555 1840 1614 1884 sic
1643 1839 1755 1884 fide-

357 1906 473 1951 libus
492 1908 601 1952 finit.
615 1907 732 1961 Quid
748 1917 891 1952 autem
905 1909 1063 1952 horum
1078 1907 1266 1951 duorum
1280 1924 1368 1952 esse
1383 1909 1502 1963 velis,
1518 1919 1753 1969 antequam

357 1978 519 2033 veniat,
538 1995 656 2023 nune
678 1989 741 2023 est
755 1979 801 2022 in
821 1989 1054 2039 potestate3
1079 1995 1178 2023 eum
1197 1980 1379 2034 venerit,
1396 1996 1486 2024 non
1508 1981 1604 2025 erit.
1630 1981 1753 2041 Elige

359 2064 461 2107 ergo
481 2066 582 2094 cum
600 2059 770 2109 tempus
793 2059 881 2094 est:
907 2051 1008 2110 quia
1038 2054 1152 2094 Deus
1176 2050 1297 2110 quod
1319 2051 1655 2096 misericorditer
1677 2069 1753 2097 oc·-

359 2120 519 2174 cultat‚
541 2120 875 2164 misericorditer
892 2120 1054 2164 differt.

421 2192 479 2233 ΙΙ.
516 2192 717 2234 Jamvero
752 2190 852 2250 quia
882 2191 926 2233 in
961 2205 1241 2250 quocumque
1282 2205 1437 2248 genere
1470 2191 1594 2247 vitae‚
1628 2191 1750 2252 quod

358 2261 492 2305 habet
537 2260 725 2321 aliquam
766 2261 1079 2321 professionem
1096 2297 1106 2316 ‚
1151 2277 1238 2306 non
1276 2277 1426 2306 omnes
1463 2263 1749 2308 inveniuntur

357 2332 483 2391 probi
502 2367 513 2386 ‚
535 2348 622 2376 non
645 2348 794 2377 omnes
818 2333 1016 2392 reprobi,
1043 2348 1093 2377 ex
1110 2333 1193 2377 hoc
1212 2343 1417 2393 apparet,
1441 2335 1542 2394 quia
1566 2335 1621 2378 de
1643 2335 1746 2396 qui-

357 2402 540 2446 busdam
568 2403 795 2448 hominum
831 2404 1086 2461 generibus.
1121 2421 1221 2465 quae
1254 2420 1331 2464 per
1363 2404 1667 2450 similitudines
1700 2407 1746 2450 in

356 2472 594 2531 Evangelio
628 2473 757 2519 modo
787 2475 1004 2534 proposita
1037 2474 1309 2531 audivimus,
1346 2475 1404 2520 sic
1427 2475 1739 2522 concluditur:

407 2562 416 2579 ¹
439 2559 530 2590 Joan.
548 2567 615 2599 xvu,
630 2566 683 2591 22.
706 2574 748 2582 —-
767 2565 781 2582 ²
803 2570 814 2591 1
836 2560 908 2593 Cor.
930 2570 978 2601 ιιι,
1004 2570 1034 2601 ι,
1053 2568 1085 2590 2.
