1841 3223
189 209 432 244 ENARRATm
466 216 482 242 1
515 215 562 243 m
594 211 798 244 PsALMUM
828 213 1017 253 xxxvm,
1051 215 1178 243 SERM.
1214 216 1244 242 1.
1346 202 1431 244 159

41 281 108 325 bis
121 296 310 337 oremus,
325 290 369 325 et
387 297 463 326 vos
481 274 647 339 indigni
660 282 736 341 qui
746 297 824 341 pro
837 282 962 326 nobis
978 281 1121 326 oretis.
1143 279 1433 326 Auditoribus

42 352 129 396 suis
171 352 332 412 quibus
362 351 629 411 praedicabat
658 352 841 396 verbum
879 353 982 408 Dei,
1021 368 1065 397 50
1098 351 1437 397 commendabat
1461 362 1464 365 “

43 422 277 482 Apostolus
300 426 331 468 ¹.
358 424 488 467 Orate
519 438 619 481 ergo
650 438 730 482 pro
756 423 908 479 nobis,
934 422 1111 479 fratres,
1146 432 1198 468 ut
1229 433 1273 468 et
1314 420 1438 483 quod

43 492 286 538 videndum
307 502 372 538 est
393 493 506 538 bene
526 493 827 548 videamus‚et
849 493 970 552 quod
993 493 1230 538 dicendum
1246 503 1310 538 est
1325 494 1438 538 bene

45 562 256 608 dicamus.
281 566 500 609 Caeterum
522 564 606 608 hoc
627 563 887 608 desiderium
906 599 917 619 ,
946 565 1071 620 novi,
1096 564 1142 607 in
1164 564 1312 624 paucis
1342 573 1405 608 est
1425 581 1437 609 t

44 650 127 679 nec
144 651 214 679 me
231 635 394 694 optime
412 634 666 694 intelligunt
680 670 691 690 ,
715 634 796 678 nisi
814 634 889 695 qui
910 634 1177 693 gustaverint
1210 633 1330 679 unde
1373 634 1442 679 lo-

46 721 173 766 quor.
200 705 441 766 Loquimur
454 714 600 750 tamen
613 705 833 760 omnibus⁷
861 714 904 749 et
925 705 1192 749 habentibus
1212 704 1300 749 tale
1324 704 1440 750 desi-

46 775 218 820 derium
235 811 246 832 ,
272 785 316 821 et
332 777 529 822 nondum
544 777 808 821 habentibus
825 796 835 821 :
854 776 1118 821 habentibus
1136 785 1187 820 ut
1208 776 1441 821 nobiscum

46 848 94 893 in
113 847 186 892 illa
199 848 415 908 suspirent
436 869 447 905 3
470 865 559 894 non
582 848 845 893 habentibus
861 884 872 904 ,
898 857 948 892 ut
967 848 1184 908 pigritiam
1202 839 1439 904 excutiant,

48 920 134 964 ima
158 919 404 964 transiliant
418 955 429 975 ‚
469 920 525 964 ad
546 919 824 964 dulcedinem
846 919 953 979 legis
974 919 1211 964 Dominicae
1231 918 1412 965 veniant
1425 954 1439 975 ,

49 1007 140 1036 non
171 992 218 1036 in
253 990 616 1036 delectationibus
652 992 905 1052 iniquorum
947 1000 1216 1036 remaneant.
1255 994 1443 1037 Narrant

47 1062 168 1106 enim
188 1061 327 1107 multa
347 1062 498 1118 multi,
522 1071 566 1107 et
589 1062 774 1106 laudant
795 1062 934 1107 multa
945 1062 1075 1106 multi
1089 1099 1100 1117 ‚
1118 1062 1268 1123 iniqua
1282 1062 1438 1123 iniqui.

51 1135 109 1178 Et
126 1149 273 1178 revera
295 1142 340 1177 et
361 1132 436 1178 illa
476 1133 625 1193 iniqua
646 1133 813 1177 habent
841 1132 1173 1178 delectationem
1190 1169 1201 1190 ,
1238 1133 1316 1178 sed
1354 1149 1445 1178 non

52 1204 163 1249 sicut
178 1204 248 1248 lex
268 1213 360 1259 tua,
373 1204 557 1249 Domine
569 1208 601 1248 2.
615 1204 770 1249 Dicant
789 1220 891 1263 ergo
910 1204 1144 1249 nobiscum
1162 1205 1239 1265 qui
1259 1204 1447 1249 credunt

52 1275 148 1319 haec
169 1273 312 1320 dicere
334 1284 378 1318 et
392 1290 485 1319 nos.
517 1275 752 1333 Negotium
776 1276 893 1320 enim
929 1275 1013 1320 1100
1039 1275 1158 1319 intus
1184 1284 1272 1331 est,
1313 1274 1445 1319 nullis

53 1346 198 1391 verbis
221 1346 392 1391 ostendi
408 1355 565 1406 potest.
590 1346 676 1391 Sed
696 1346 773 1407 qui
794 1348 876 1391 hoc
899 1346 987 1406 agit
1003 1383 1013 1403 ,
1036 1347 1186 1392 credat
1202 1362 1292 1392 esse
1316 1357 1360 1391 et
1400 1347 1447 1390 in

56 1417 140 1462 alio
167 1436 177 1462 :
205 1433 294 1462 non
318 1416 460 1461 solum
485 1432 529 1461 se
551 1426 679 1477 putet
702 1419 913 1478 accepisse
942 1418 1063 1479 quod
1095 1419 1171 1463 Dei
1207 1428 1286 1463 est.
1325 1418 1449 1463 Dicat

53 1503 159 1547 ergo
180 1487 227 1531 in
246 1488 313 1531 his
337 1487 542 1544 Idithun,
573 1506 594 1530 ‹<
619 1490 782 1534 Notum
824 1488 893 1533 fac
934 1488 1042 1532 mihi
1058 1489 1288 1545 ,Domine,
1314 1489 1449 1533 finem

59 1575 80 1600 ))
113 1572 277 1602 meum·
301 1575 322 1599 ))

118 1632 219 1673 VII.
250 1632 346 1674 «Et
376 1645 610 1674 numerum
632 1628 802 1674 dierum
824 1645 1023 1675 meorum
1051 1632 1128 1692 qui
1158 1640 1223 1676 est
1239 1632 1272 1675 ³.
1302 1651 1320 1673 »
1357 1633 1451 1677 Nu-

58 1715 229 1744 merum
253 1700 423 1745 dierum
446 1717 595 1761 quaero
614 1701 690 1761 qui
708 1710 786 1745 est.
810 1702 879 1746 Sic
900 1717 1076 1760 possum
1097 1701 1257 1757 dicere,
1280 1702 1340 1747 sic
1356 1718 1453 1762 pos-

59 1787 157 1815 sum
167 1770 411 1830 intelligere
433 1786 667 1814 numerum
689 1771 780 1814 sine
801 1787 1009 1827 numero,
1032 1772 1257 1832 quomodo
1269 1783 1454 1833 possunt

60 1842 147 1887 dici
169 1842 272 1886 anni
287 1842 378 1886 sine
399 1842 539 1886 annis.
565 1842 647 1886 Ubi
673 1843 789 1886 enim
814 1843 942 1899 anni,
962 1843 1114 1903 utique
1146 1844 1269 1904 quasi
1295 1860 1453 1888 nume-

61 1929 161 1971 rus,
185 1913 261 1959 sed
281 1924 429 1958 tamen
445 1949 456 1969 ,
483 1933 504 1956 «
530 1916 596 1958 Tu
618 1913 734 1958 idem
754 1914 844 1973 ipse
866 1930 909 1958 es
925 1950 935 1969 ,
956 1924 999 1958 et
1021 1915 1123 1958 anni
1149 1916 1210 1959 tui
1232 1932 1322 1960 non
1345 1916 1456 1960 defi-

65 2002 88 2027 »
115 1985 232 2029 cient
255 1986 286 2028 4.
317 2003 337 2026 »
358 1987 602 2030 Numerum
622 1983 792 2028 dierum
815 2000 1013 2029 meorum
1034 1985 1141 2029 mihi
1179 1996 1335 2031 notum
1357 1986 1423 2032 fac
1439 2023 1451 2043 ,

64 2054 142 2100 sed
158 2056 235 2116 qui
257 2064 335 2099 est.
357 2056 474 2108 Quid
496 2071 598 2114 ergo
620 2056 638 2099 Ρ
661 2058 746 2100 Iste
780 2071 988 2100 numerus
1012 2056 1057 2100 in
1073 2072 1162 2117 quo
1183 2066 1234 2102 tu
1255 2073 1298 2102 es
1314 2093 1326 2114 ,
1366 2074 1457 2102 non

67 2135 131 2170 est
152 2127 170 2169 i>
192 2125 348 2181 Plane,
368 2126 402 2169 si
420 2124 644 2169 attendam
667 2125 800 2180 bene,
820 2142 910 2170 non
927 2136 1016 2171 est:
1043 2127 1076 2171 si
1100 2128 1288 2172 haeream
1303 2164 1314 2184 ,
1336 2129 1459 2189 quasi

66 2205 160 2254 est3
184 2197 220 2240 si
241 2195 503 2251 transiliam,
543 2212 633 2241 non
654 2206 743 2241 est:
764 2197 798 2240 si
836 2197 890 2241 ab
918 2198 1008 2242 istis
1046 2213 1116 2243 1110
1139 2199 1359 2244 excutiens
1388 2216 1461 2244 su-

69 2282 206 2327 perna
227 2265 514 2327 contempler,
538 2267 573 2311 si
594 2268 863 2312 transeuntia
882 2270 1161 2314 manentibus
1183 2285 1431 2330 comparem
1447 2306 1460 2328 ,

69 2336 200 2382 video
220 2337 331 2398 quid
345 2352 499 2381 verum
525 2337 580 2381 sit
607 2356 615 2382 :
645 2336 753 2397 quid
783 2347 928 2382 autem
961 2340 1098 2399 magis
1119 2339 1319 2385 videatur
1342 2357 1433 2387 esse
1448 2377 1460 2398 ,

72 2422 206 2468 quam
228 2407 283 2452 sit
300 2409 319 2451 Ρ
337 2407 625 2452 Dicturus-ne
645 2423 740 2452 sum
760 2424 850 2452 esse
869 2409 971 2454 istos
993 2410 1082 2454 dies
1099 2413 1248 2455 nicos?
1272 2415 1376 2468 Hos,
1396 2412 1468 2457 in-

74 2492 207 2538 quam
224 2513 235 2533 ‚
261 2477 353 2523 dies
375 2493 468 2522 esse
491 2476 686 2522 dicturus
700 2494 795 2522 sum
817 2499 828 2537 3
853 2489 896 2524 et
912 2489 1003 2524 tam
1021 2495 1230 2541 magnum
1265 2482 1348 2528 hoc
1368 2499 1468 2529 ver·-

123 2570 132 2587 ¹
147 2563 265 2597 Coloss.
281 2575 330 2606 iv,
357 2563 387 2596 3.
406 2580 448 2587 --
464 2570 477 2587 ²
497 2563 578 2596 Psal.
602 2575 707 2606 cxviii,
727 2564 782 2597 85.
801 2581 842 2588 —-—
864 2563 877 2588 3
895 2565 942 2598 Id.
962 2576 1098 2611 xxxvui,
1113 2567 1146 2601 5.
1166 2585 1209 2592 —
1225 2567 1307 2613 4-1d.
1326 2569 1442 2614 ci‚‘'28.
