1841 3223
421 208 506 245 222
865 214 898 242 s.
935 213 1164 242 Atousfsim
1198 216 1379 242 muscom

416 293 472 327 tae
486 284 503 324 ’ἲ
519 282 656 327 Absit.
680 279 1011 324 Promissioncm
1030 280 1164 323 babes
1181 280 1279 323 vitae
1296 279 1517 339 praesentis
1535 288 1578 322 et
1596 279 1756 324 futurae
1769 281 1797 322 ².

416 353 496 398 Ille
526 352 581 396 ad
608 361 649 395 te
676 350 796 395 venit
819 350 863 393 in
887 359 1042 394 terram
1059 386 1070 405 ‚
1098 365 1175 409 per
1203 366 1333 410 quem
1364 349 1528 394 sactum
1549 359 1611 393 cst
1639 348 1802 394 coelum

415 432 459 467 et
482 432 608 466 terra.
641 420 839 480 Denique
867 419 1042 464 attende
1075 419 1182 480 quid
1211 419 1326 464 dicat
1353 439 1362 464 ι
1392 439 1412 462 «
1437 420 1645 464 Dominus
1675 434 1804 478 opem

417 512 437 535 »
472 492 584 536 ferat
605 490 668 535 illi
689 506 819 550 super
834 489 994 536 lectum
1013 490 1173 535 doloris
1195 492 1301 550 ejus.
1328 509 1348 531 »
1375 494 1530 535 Lectus
1553 489 1713 534 doloris
1732 490 1800 533 in-

414 563 594 608 firmitas
612 572 676 607 est
692 562 846 608 carnis.
877 565 939 606 Ne
961 561 1076 606 dicas
1103 581 1109 605 :
1138 564 1235 606 Non
1257 577 1429 620 possum
1446 571 1614 616 tenere,
1640 570 1683 605 et
1702 576 1805 620 por-

414 643 506 679 tare
523 670 534 690 ‚
566 643 610 679 et
629 634 801 679 frenare
827 648 1001 678 carnem
1023 647 1163 676 meam
1187 652 1196 675 :
1227 631 1440 691 adjuvaris
1463 642 1510 676 ut
1540 632 1687 691 possis.
1714 635 1803 677 Do-

414 706 559 750 minus
576 721 702 765 opem
726 704 838 750 ferat
861 704 939 748 tibi
963 718 1092 762 super
1117 702 1280 746 lectum
1304 701 1464 748 doloris
1488 703 1566 746 tui.
1599 702 1805 747 Portabat

414 787 457 821 te
479 775 617 821 lectus
635 811 646 831 ,
672 791 763 820 non
793 784 841 818 tu
862 774 1066 834 portabas
1094 772 1281 830 lectum3
1306 772 1381 817 sed
1402 772 1666 833 paralyticus
1687 774 1803 817 intus

414 863 506 893 eras
524 864 532 890 :
551 847 672 892 adest
693 846 769 908 qui
787 845 901 890 dicat
924 845 1004 889 tibi
1022 865 1031 890 ;
1053 864 1072 888 (ι
1095 843 1216 890 Tolle
1232 845 1460 903 grabatum
1476 855 1615 900 tuum,
1637 855 1679 890 et
1695 845 1804 890 vade

417 936 439 960 »
474 919 518 962 in
533 917 714 962 domum
729 918 889 960 tuam2.
907 915 1117 959 Dominus
1135 930 1261 975 opem
1285 913 1396 960 ferat
1409 915 1470 960 illi
1488 931 1618 975 super
1639 914 1804 961 lectum

417 1006 438 1030 »
474 987 634 1032 doloris
652 988 758 1046 ejus.
783 1004 802 1026 »
824 988 880 1030 Et
896 985 951 1029 ad
972 985 1113 1045 ipsum
1132 985 1365 1030 Dominum
1388 987 1603 1031 convertit
1623 1001 1683 1040 se,
1704 995 1803 1030 tan-

415 1074 547 1120 quam
561 1066 851 1119 quaereretur:
869 1059 1012 1109 Quare
1026 1072 1129 1115 ergo
1147 1073 1247 1101 cum
1260 1073 1385 1116 opem
1404 1056 1514 1102 ferat
1532 1057 1653 1102 nobis
1672 1061 1800 1112 Deus,

415 1139 536 1174 tanta
568 1128 681 1174 mala
712 1128 904 1188 patimur
929 1127 973 1170 in
1002 1128 1080 1171 ista
1119 1127 1228 1183 vita,
1261 1137 1378 1172 tanta
1408 1128 1634 1182 scandala,
1662 1137 1804 1172 tantos

414 1200 602 1256 labores,
617 1209 782 1245 tantam
804 1197 1150 1259 inquietudinem
1175 1198 1315 1242 carnis
1332 1207 1376 1242 et
1391 1198 1562 1243 saeculi?
1579 1199 1806 1244 Convertit

415 1288 460 1317 se
478 1271 533 1316 ad
560 1275 724 1326 Deum,
744 1279 787 1314 et
809 1278 1017 1329 tanquam
1047 1267 1277 1312 consilium
1306 1269 1532 1313 medicinae
1561 1270 1650 1329 ejus
1679 1269 1806 1314 nobis

416 1358 657 1403 exponens,
689 1361 709 1383 «
735 1343 894 1385 Totum
923 1349 1103 1384 stratum
1128 1341 1217 1399 ejus
1236 1375 1246 1394 ,
1283 1339 1448 1400 inquit,
1483 1341 1645 1385 vertisti
1667 1341 1712 1385 in
1735 1342 1805 1385 in-

418 1433 439 1456 »
474 1414 679 1458 firmitate
701 1413 808 1472 ejus.
832 1430 852 1453 »
873 1411 989 1464 Quid
1005 1420 1092 1465 est,
1120 1431 1139 1452 «
1160 1413 1317 1454 Totum
1332 1420 1513 1455 stratum
1529 1412 1618 1471 ejus
1641 1412 1806 1457 vertisti

417 1503 438 1527 »
473 1485 520 1528 in
548 1482 801 1527 infirmitate
833 1482 951 1541 ejus?
978 1499 998 1522 n
1029 1484 1110 1525 Per
1139 1490 1322 1526 stratum
1354 1480 1610 1540 intelligitur
1639 1482 1806 1543 aliquid

415 1564 654 1599 terrenum.
682 1551 834 1596 Omnis
869 1551 1012 1610 anima
1039 1551 1211 1595 infirma
1243 1551 1289 1595 in
1320 1553 1401 1596 hac
1425 1553 1513 1597 vita
1541 1553 1698 1612 quaerit
1722 1554 1805 1598 sibi

415 1625 582 1686 aliquid
609 1633 836 1668 terrenum
868 1621 945 1665 ubi
980 1621 1247 1681 requiescat3
1272 1623 1480 1681 quoniam
1517 1623 1805 1669 intentionem

414 1696 575 1740 laboris
596 1703 640 1739 et
657 1693 814 1738 mentis
827 1700 1011 1735 extentae
1022 1691 1068 1734 in
1081 1694 1220 1735 Deum
1240 1691 1417 1736 difficile
1434 1702 1576 1752 potest
1593 1704 1804 1754 perpetuo

415 1765 599 1812 tolerare
619 1784 628 1810 2
653 1761 820 1824 aliquid
841 1761 923 1806 sibi
944 1762 990 1805 in
1012 1770 1124 1806 terra
1147 1762 1365 1822 conquirit
1379 1764 1456 1808 ubi
1473 1765 1738 1825 requiescat,
1761 1775 1804 1810 et

414 1838 608 1899 quodam
629 1835 762 1881 modo
784 1833 1039 1901 pausatione
1061 1833 1251 1892 quadam
1273 1835 1513 1890 recumbat,
1541 1835 1676 1880 veluti
1701 1846 1803 1882 sunt

413 1912 493 1955 ista
514 1924 613 1969 quae
635 1906 825 1964 diligunt
846 1914 890 1949 et
909 1906 1175 1949 innocentes
1201 1907 1352 1965 Neque
1375 1906 1489 1950 enim
1508 1907 1562 1951 de
1586 1907 1802 1967 cupidita-

414 1981 532 2025 tibus
552 1977 767 2023 malorum
789 1991 909 2020 nunc
927 1973 1202 2035 loquendum
1224 1984 1309 2030 est,
1334 1976 1436 2036 quia
1458 1977 1587 2021 multi
1604 1979 1802 2039 acquies-

414 2060 522 2096 cunt
544 2049 590 2092 in
611 2046 814 2101 theatris,
849 2043 976 2089 multi
997 2045 1280 2105 acquiescunt
1306 2045 1352 2089 in
1381 2046 1522 2102 circo,
1551 2047 1598 2091 in
1629 2049 1802 2108 amphi—

413 2123 584 2167 theatro
601 2155 612 2174 ‚
652 2117 782 2162 multi
813 2115 1094 2176 acquiescunt
1125 2115 1171 2159 in
1213 2115 1305 2159 alea
1321 2150 1332 2171 ,
1375 2116 1503 2161 multi
1544 2118 1590 2161 in
1632 2117 1803 2164 luxuria

412 2193 698 2254 popinarum,
737 2186 866 2232 multi
902 2186 949 2229 in
985 2184 1166 2228 libidine
1200 2185 1515 2232 adulteriorum
1532 2223 1543 2243 ,
1588 2189 1717 2233 multi
1756 2190 1803 2234 in

412 2262 627 2310 violentiis
649 2259 920 2319 rapinarum,
947 2256 1074 2300 multi
1097 2256 1141 2299 in
1168 2256 1269 2301 dolo
1298 2267 1340 2302 et
1360 2257 1522 2302 insidiis
1543 2257 1768 2305 fraudium
1788 2279 1797 2306 :

413 2334 697 2395 acquiescunt
723 2329 769 2372 in
801 2327 865 2372 his
887 2326 1091 2371 omnibus
1113 2326 1325 2371 homines.
1352 2327 1468 2380 Quid
1499 2338 1586 2384 est,
1607 2330 1802 2389 acquies-

412 2405 552 2450 cunt?
586 2400 868 2447 Delectantur
899 2395 1003 2441 illic.
1047 2396 1131 2440 Sed
1167 2411 1464 2442 removeamus
1495 2399 1590 2444 haec
1623 2400 1795 2455 omnia,

413 2475 470 2521 ad
496 2475 776 2518 innocentem
798 2466 1023 2514 hominem
1047 2466 1301 2513 veniamus:
1332 2468 1565 2527 acquiescit
1591 2469 1637 2513 in
1664 2468 1797 2521 domo

459 2568 468 2584 ¹
499 2570 511 2591 1
531 2558 612 2592 Tim.
627 2566 669 2597 iv,
690 2554 722 2586 8.
740 2570 781 2576 -
801 2558 814 2576 ²
828 2554 926 2590 Marc.
947 2561 982 2592 n,
1006 2561 1056 2582 11.
