1841 3223
234 194 476 226 ENARRATIO
508 198 540 226 11
573 197 619 226 m
651 194 854 226 rsALMuM
886 196 1051 237 xxxlv,
1086 198 1212 226 SERM.
1248 201 1296 226 11.
1379 191 1434 227 29

50 264 216 308 nubem
231 263 492 325 pondusque
513 264 652 309 carnis
674 279 820 309 rursus
842 263 888 308 in
908 272 1067 308 terram
1095 265 1314 326 projectus
1329 299 1341 321 ,
1368 281 1438 310 re-

50 334 196 380 colens
217 335 296 380 ubi
317 334 488 391 suisset,
516 343 560 380 et
578 334 730 380 videns
761 335 839 380 ubi
861 344 997 392 esset,
1022 335 1143 380 dixit.
1174 354 1191 376 «
1214 337 1437 396 Projectus

50 419 146 450 sum
163 422 187 450 a
207 403 317 451 sacie
338 404 566 451 oculorum
584 414 776 450 tuorum.
807 425 826 447 »
847 407 963 465 Ergo
985 425 1003 447 «
1032 407 1150 451 Sicut
1164 407 1433 466 proximum,

54 496 73 519 »
108 476 221 521 sicut
242 476 421 522 fratrem
440 485 639 521 nostrum
668 476 727 521 ita
749 475 1103 536 complacebam,
1134 497 1152 519 »
1180 486 1355 538 praestet
1388 479 1453 522 ut

49 547 126 592 fiat
145 548 192 592 in
208 548 350 593 nobis.
383 547 566 602 Quando
586 556 732 593 autem
754 563 844 593 non
866 547 940 603 fit,
964 547 1034 592 vel
1055 548 1139 593 hoc
1156 549 1257 594 fiat:
1282 567 1300 591 «
1324 552 1438 594 Tan-

55 637 74 660 »
107 633 240 679 quam
260 618 413 678 lugens
435 628 480 664 et
500 618 799 675 contristatus,
823 618 882 663 ita
899 617 1177 663 humiliabar.
1208 640 1226 661 »

108 691 208 733 VII.
236 708 253 730 «
275 691 332 733 Et
353 688 557 735 adversus
579 705 649 733 me
665 689 799 734 laetati
816 699 918 734 sunt
939 698 984 734 et
997 693 1339 747 convenerunt1,
1359 691 1439 736 »in

50 775 204 805 unum.
231 759 301 804 Illi
322 759 428 817 laeti,
445 775 523 820 ego
545 760 688 806 tristis.
717 760 803 807 Sed
824 761 955 807 modo
974 761 1218 806 audivimus
1239 763 1284 806 in
1298 765 1439 807 Evan-

51 830 162 890 gelio
187 848 197 876 ε
224 849 242 872 «
263 832 383 876 Beati
405 831 481 893 qui
505 831 658 892 lugent
671 835 703 877 2.
735 852 753 875 »
786 832 830 878 Si
853 833 970 877 beati
997 832 1072 894 qui
1097 831 1270 892 lugent,
1295 833 1440 878 miseri

50 902 127 962 qui
149 901 307 947 rident.
342 921 360 944 ‹<
386 902 605 948 Adversus
634 918 704 947 me
727 902 860 947 laetati
894 912 996 948 sunt
1029 912 1073 948 et
1104 913 1435 948 convenerunt:

55 992 74 1016 »
110 983 371 1033 congregata
389 983 491 1018 sunt
508 974 553 1018 in
572 989 642 1018 me
663 974 850 1034 flagella,
876 984 919 1020 et
940 975 1263 1034 ignoraverunt.
1285 995 1303 1017 J)
1320 980 1439 1029 Quo-

51 1044 168 1089 niam
185 1061 284 1106 quae
304 1044 565 1104 ignorabant
586 1045 914 1104 interrogabant
927 1062 997 1091 me
1012 1082 1023 1103 ,
1050 1055 1093 1091 et
1109 1046 1188 1108 ipsi
1209 1047 1440 1107 ignorave-

51 1124 155 1159 runt
171 1131 303 1176 quem
324 1115 657 1175 interrogarent.

111 1188 234 1231 VIII.
255 1205 274 1228 «
293 1189 588 1231 Tentaverunt
609 1201 694 1242 me,
713 1195 757 1231 et
778 1187 1155 1232 subsannaverunt
1171 1203 1240 1232 me
1261 1189 1440 1233 subsan-

54 1276 73 1300 »
107 1256 327 1302 natione3.
352 1277 370 1299 »
397 1256 449 1301 Id
476 1266 559 1313 est,
579 1257 808 1302 irriserunt
828 1273 898 1302 me
914 1293 925 1315 ,
951 1257 1273 1303 insultaverunt
1301 1259 1436 1304 mihi:

48 1328 134 1373 hoc
161 1327 317 1388 capiti,
348 1328 432 1373 hoc
463 1329 648 1389 corpori.
676 1329 901 1374 Attendite
920 1364 931 1386 ,
966 1327 1141 1385 fratres,
1175 1330 1230 1374 ad
1259 1329 1440 1389 gloriam

49 1398 276 1455 Ecclesiae,
302 1415 401 1460 quae
427 1415 546 1444 nunc
569 1410 662 1452 est;
687 1401 885 1460 respicite
908 1401 1142 1461 opprobria
1172 1402 1262 1461 ejus
1284 1411 1442 1461 praete-

49 1469 129 1514 rita
141 1505 152 1526 ,
173 1469 370 1530 respicite
386 1469 624 1531 aliquando
646 1472 842 1531 undique
859 1472 1032 1531 fugatos
1050 1487 1139 1516 esse
1156 1472 1438 1528 Christianos,

50 1549 95 1585 et
125 1541 394 1602 ubicumque
421 1541 621 1587 inventos
639 1577 650 1599 ,
681 1541 858 1598 illusos,
891 1558 1045 1599 caesos,
1077 1543 1238 1587 occisos
1256 1578 1267 1599 ,
1294 1543 1442 1588 bestiis

50 1614 266 1674 objectos,
291 1614 510 1672 incensos,
537 1614 707 1661 laetatos
729 1616 927 1661 homines
953 1616 1156 1661 adversus
1180 1617 1290 1662 illos.
1315 1616 1442 1671 Quod

50 1684 208 1745 capiti,
232 1685 318 1729 hoc
351 1693 396 1730 et
418 1685 606 1746 corpori.
635 1686 757 1731 Sicut
780 1687 896 1731 enim
925 1687 1112 1733 Domino
1139 1688 1185 1732 in
1207 1704 1356 1743 cruce,
1382 1688 1442 1732 sic

51 1756 222 1817 corpori
238 1756 371 1816 ipsius
385 1755 432 1800 in
449 1756 567 1802 omni
583 1755 656 1801 illa
673 1773 773 1818 quae
790 1757 879 1818 jam
899 1755 1011 1803 facta
1029 1768 1093 1803 est
1109 1759 1410 1818 persecutione
1428 1777 1437 1803 :

51 1841 132 1873 nec
149 1826 356 1872 desinunt
376 1827 507 1872 etiam
525 1843 643 1873 nunc
661 1828 983 1888 persecutiones
1001 1828 1208 1889 ipsorum.
1237 1830 1443 1875 Ubicum-

52 1914 140 1960 que
160 1899 407 1945 invenerint
422 1899 716 1945 Christianum
732 1935 743 1956 ,
768 1899 909 1945 solent
930 1900 1139 1946 insultare
1153 1936 1164 1957 ,
1196 1902 1410 1960 exagitare
1427 1936 1438 1957 ‚

53 1969 248 2027 irridere,
267 1985 423 2016 vocare
443 1971 662 2026 hebetem,
680 1970 910 2027 insulsum,
927 1970 1090 2016 nullius
1108 1971 1264 2027 cordis,
1279 1971 1442 2016 nullius

53 2041 235 2101 peritiae.
267 2040 490 2103 Quidquid
515 2041 670 2087 volunt
693 2040 881 2098 faciant,
908 2042 1104 2087 Christus
1133 2043 1177 2087 in
1205 2042 1317 2088 coelo
1340 2053 1404 2088 est
1430 2062 1439 2088 ε

54 2110 272 2173 quidquid
288 2111 442 2157 volunt
461 2111 638 2168 faciant,
658 2112 891 2158 bonoravit
908 2112 983 2157 ille
1002 2129 1176 2173 poenam
1197 2130 1334 2170 suam,
1351 2115 1442 2175 jam

55 2198 229 2227 crucem
251 2198 372 2227 suam
389 2182 434 2226 in
456 2182 652 2226 omnium
675 2181 893 2227 frontibus
915 2184 1007 2228 fixit
1028 2203 1037 2228 ε
1057 2184 1215 2244 impius
1235 2184 1443 2229 insultare

55 2252 336 2313 permittitur,
354 2253 501 2297 saevire
518 2268 607 2297 non
621 2253 913 2312 permittitur,
934 2253 1009 2299 sed
1022 2263 1169 2298 tamen
1186 2270 1239 2298 ex
1256 2270 1306 2299 eo
1320 2254 1444 2315 quod

55 2322 205 2382 lingua
224 2323 401 2383 promit,
427 2322 686 2382 intelligitur
706 2323 814 2384 quid
837 2333 973 2384 gestet
994 2324 1039 2369 in
1061 2325 1206 2370 corde.
1236 2343 1253 2366 «
1280 2325 1445 2371 Stride-

62 2413 81 2437 »
116 2403 221 2439 runt
240 2394 286 2439 in
303 2409 373 2439 me
391 2394 596 2439 dentibus
619 2396 720 2440 suis.
746 2415 764 2437 υ

129 2467 206 2510 IX.
242 2484 260 2506 «
293 2465 477 2510 Domine
493 2500 504 2522 ,
541 2465 719 2526 quando
755 2466 982 2526 respicies?
1023 2467 1218 2512 Restitue
1255 2467 1441 2512 animam

110 2567 118 2584 ¹
141 2560 219 2596 psal.
238 2572 346 2603 xxxiv,
365 2561 415 2594 15.
432 2579 472 2585 —
492 2567 505 2585 2
525 2561 638 2594 Matth.
661 2572 692 2604 v,
713 2561 744 2594 5.
765 2579 806 2585 -w
827 2561 839 2585 3
859 2562 925 2594 Psal
959 2572 1069 2604 «των,
1092 2566 1141 2596 16.
