1841 3223
362 188 445 226 320
802 196 820 221 s
872 193 1100 221 AUGUST1N1
1138 194 1316 220 Emscox‘l

362 264 636 308 imminentes
655 260 773 304 omni
791 275 906 304 anno
923 259 1232 319 compulsores,
1258 256 1557 302 tribulationes
1575 270 1750 314 magnas

362 350 406 378 sc
424 333 512 392 pati
535 331 664 385 dicit,
686 346 765 374 1100
788 345 971 390 usquam
996 329 1175 389 respirat
1203 328 1283 372 nisi
1306 328 1349 371 in
1371 342 1445 386 spe
1469 324 1752 383 indulgentia}

364 417 508 447 rerum
546 410 816 445 terrenarum
846 419 855 445 :
885 409 1051 461 quanto
1073 399 1208 458 magis
1243 398 1414 442 debitor
1447 410 1674 456 poenarum
1698 393 1753 437 de

364 470 634 517 abundantia
668 470 926 515 delictorum
947 505 957 525 ,
990 469 1167 530 quando
1200 468 1353 512 reddet
1385 466 1505 528 quod
1537 465 1669 510 debet
1700 462 1755 507 de

364 542 477 587 mala
514 541 802 596 conscientia,
842 540 1019 602 quando
1048 540 1083 585 si
1106 539 1343 584 reddiderit
1378 538 1468 597 ipse
1489 536 1631 596 perit?
1662 536 1756 579 Hoc

365 613 481 658 enim
503 611 701 656 debitum
720 611 922 666 reddere,
943 626 1095 671 poenas
1111 609 1232 653 luere
1252 618 1330 652 est.
1357 612 1505 652 Restat
1522 621 1624 665 ergo
1640 602 1758 648 utde

366 684 499 744 ipsius
521 681 793 742 indulgentia
815 682 955 727 securi
979 697 1067 725 csse
1090 680 1300 740 possimus
1327 698 1335 724 :
1361 680 1394 723 si
1416 689 1559 723 tamen
1583 684 1759 737 accepta

367 753 641 813 indulgentia
665 769 754 798 non
777 769 921 797 rursus
945 751 999 796 ad
1021 751 1166 795 debita
1193 750 1491 795 contrahenda
1514 747 1755 793 redeamus.

429 828 504 870 IV.
531 825 602 869 Isti
624 840 725 883 ergo
758 823 835 867 filii
865 826 976 868 Coro
1004 822 1182 867 sortasse
1215 822 1522 880 intelliguntur
1549 836 1638 865 csse
1666 819 1756 876 illi,

369 896 530 958 quibus
548 895 722 940 locutus
746 904 809 939 est
831 898 984 939 Petrus
1018 893 1061 937 in
1084 893 1267 937 Actibus
1301 891 1634 953 Apostolorum,
1659 907 1762 936 011111

369 967 524 1012 intenti
556 967 658 1011 facti
681 978 819 1010 essent
837 966 891 1010 ad
910 964 1124 1009 mirabilia
1154 964 1366 1009 adventus
1393 964 1574 1024 Spiritus
1600 962 1758 1019 sancti,

370 1054 471 1083 cum
485 1053 633 1081 omnes
647 1037 690 1080 in
709 1053 817 1097 quos
838 1044 1032 1090 venerat,
1048 1035 1203 1093 linguis
1222 1035 1423 1079 omnibus
1440 1034 1760 1095 loquerentur1.

370 1109 661 1154 Annuntiavit
682 1108 798 1152 enim
821 1107 903 1152 illis
927 1108 1147 1152 Christum
1166 1143 1176 1162 ,
1199 1123 1299 1151 eum
1318 1107 1394 1168 qui
1415 1116 1531 1151 tauta
1555 1106 1765 1166 potuisset

371 1180 586 1225 mittendo
620 1180 829 1239 Spiritum
861 1189 1075 1223 sanctum.
1104 1177 1173 1223 Illi
1195 1194 1326 1238 quem
1355 1178 1435 1237 ipsi
1463 1178 1765 1222 crucifixerant

373 1251 575 1296 manibus
597 1251 700 1305 suis,
726 1250 966 1309 cogitantes
993 1265 1125 1310 quam
1149 1248 1490 1308 contemptibilis
1513 1258 1642 1303 esset,
1664 1262 1766 1292 cum

373 1323 428 1366 ab
467 1322 524 1366 cis
566 1321 859 1376 occideretur,
897 1336 1030 1380 quam
1057 1318 1168 1364 altus
1201 1329 1243 1364 et
1266 1319 1456 1364 excelsus
1484 1320 1602 1379 apud
1628 1322 1768 1363 Deum

372 1393 514 1438 faetus
538 1402 671 1447 esset,
697 1392 773 1452 qui
809 1392 971 1451 Spiritu
999 1401 1146 1435 sancto
1172 1391 1327 1435 idiotas
1356 1389 1582 1451 impleret,
1614 1398 1658 1434 et
1678 1389 1766 1433 lin-

375 1478 477 1522 guas
499 1462 736 1506 infantium
760 1462 921 1506 faceret
950 1460 1128 1506 disertas
1145 1497 1155 1516 ,
1190 1461 1443 1521 compuncti
1465 1460 1619 1515 corde,
1646 1460 1768 1504 dixe-

376 1543 501 1588 runt,
529 1553 548 1575 «
569 1532 687 1586 Quid
705 1532 941 1576 faciemus?
961 1551 980 1573 »
1010 1535 1106 1575 Istze
1129 1542 1251 1576 erant
1269 1532 1415 1575 nimiae
1438 1530 1767 1586 tribulationes,

375 1620 475 1665 quae
500 1603 595 1648 illos
626 1604 899 1646 invenerant.
925 1605 1023 1648 Non
1047 1603 1163 1646 enim
1188 1602 1267 1662 ipsi
1300 1602 1562 1646 invenerunt
1593 1610 1772 1661 peccata

376 1692 467 1730 sua,
484 1675 559 1719 sed
571 1674 747 1718 inventa
760 1673 805 1716 in
821 1672 879 1716 eis
892 1682 998 1715 eunt
1013 1672 1426 1717 commemoratione
1443 1672 1768 1731 Apostolorum.

380 1746 485 1790 Ideo
508 1745 770 1789 invenerunt
804 1742 900 1787 illos
926 1741 1246 1796 tribulationes,
1277 1758 1367 1786 non
1399 1742 1479 1801 ipsi
1507 1743 1772 1786 invenerunt

379 1816 698 1862 tribulationes.
725 1817 833 1859 Nam
856 1813 1034 1874 quando
1057 1813 1147 1858 sine
1165 1813 1345 1873 alicujus
1369 1812 1666 1858 admonitione
1683 1813 1772 1874 ipse

378 1889 512 1932 1101110
552 1885 798 1931 considerat
836 1883 1001 1929 factum
1035 1900 1186 1938 suum,
1224 1893 1266 1927 01
1305 1894 1426 1941 rogat
1461 1888 1628 1939 Deum,
1664 1882 1774 1944 quid.

379 1959 509 2003 dicit?
532 1977 551 1999 ‹<
579 1955 923 2001 Tribulationem
946 1965 989 2000 et
1019 1955 1214 2000 dolorem
1236 1955 1407 2010 inveni,
1435 1964 1477 1999 et
1498 1971 1660 1999 nomen
1683 1958 1774 1999 Do-

382 2049 402 2071 »
429 2028 537 2073 mini
570 2028 809 2072 invocavi2.
841 2045 861 2067 »
893 2025 987 2070 Alia
1006 2036 1070 2070 est
1092 2042 1195 2085 ergo
1220 2025 1443 2070 tribulatio
1468 2041 1601 2086 quam
1626 2034 1675 2069 tu
1703 2025 1774 2069 in-

381 2101 523 2154 venis,
548 2098 629 2142 alia
649 2113 748 2158 quae
771 2106 812 2141 te
830 2096 1012 2140 invenit.
1044 2100 1095 2140 In
1118 2106 1305 2156 utraque
1329 2106 1474 2140 tamen
1493 2096 1581 2140 sive.
1609 2112 1707 2156 quae
1733 2105 1775 2140 te

380 2169 573 2224 invenit,
598 2169 684 2213 sive
702 2183 835 2228 quam
863 2176 911 2211 tu
934 2166 1122 2222 invenis,
1148 2176 1198 2211 ut
1220 2176 1452 2226 utramque
1472 2165 1684 2225 depellat,
1703 2165 1776 2210 ille

382 2239 601 2300 rogandus
624 2247 711 2294 est,
737 2238 813 2298 qui
846 2247 910 2282 est
932 2236 1105 2297 adjutor
1140 2237 1185 2280 in
1210 2236 1576 2280 tribulationibus.
1601 2238 1710 2281 Nam
1732 2245 1777 2280 et

383 2311 455 2355 ille
469 2326 570 2356 cum
584 2310 812 2363 inveniret,
830 2309 913 2352 hoc
928 2307 1050 2362 dixit,
1062 2310 1143 2351 «Et
1157 2322 1318 2352 nomen
1333 2306 1505 2351 Domini
1518 2306 1715 2351 invocavi
1735 2323 1774 2350 ε»

383 2382 488 2425 ethi
511 2382 553 2424 in
594 2378 975 2433 tribulationibus,
1002 2394 1024 2422 a
1049 2377 1209 2439 quibus
1239 2393 1283 2421 se
1312 2377 1512 2421 inventos
1546 2391 1635 2420 esse
1655 2375 1777 2420 dixe—

386 2460 504 2506 runt,
520 2451 604 2495 hoc
622 2449 847 2494 dixerunt:
879 2468 898 2490 (ι
923 2451 1039 2493 Deus
1061 2457 1207 2493 noster
1228 2446 1447 2507 refugium
1470 2456 1513 2491 et
1534 2446 1685 2502 virtus,
1707 2444 1777 2490 ad-

434 2543 442 2560 ¹
464 2538 536 2568 Act.
557 2547 591 2577 11,
612 2534 644 2577 4.
665 2552 705 2558 —
723 2542 735 2560 ²
751 2534 932 2575 Psal.0x1v,
952 2533 982 2565 3.
