1841 3223
365 206 441 244 104
794 220 826 246 S.
864 218 1091 244 Anous'rlm
1125 216 1304 243 EPISCOPI

363 284 618 342 cgojustum
637 291 772 341 puto·7
797 281 903 341 quid
924 281 1037 324 facio
1059 280 1114 325 de
1140 280 1358 325 Abraham
1375 315 1386 334 ‚
1420 294 1552 340 quem
1577 280 1742 339 justum

361 355 451 413 ipsa
483 354 702 412 Scriptura
735 352 1037 396 commendati)
1064 352 1179 405 Quid
1208 350 1318 396 facio
1349 350 1402 395 dc
1428 351 1519 410 ipso
1549 349 1744 410 apostolo

363 424 516 477 Paulo,
548 423 623 482 qui
658 422 763 466 dicit
790 441 798 467 :
825 441 844 464 α
878 423 1119 466 Imitatorcs
1142 422 1225 466 mei
1257 431 1419 477 estote,
1449 422 1560 465 sicut
1592 431 1635 465 et
1665 437 1745 480 ego

367 512 387 536 »
405 493 616 539 Chi-ism?
643 511 662 533 »
693 496 759 536 An
779 502 829 537 ut
850 493 980 536 ctiam
995 509 1074 551 ego
1097 493 1175 537 sim
1199 494 1242 537 in
1258 492 1379 536 malis
1400 492 1544 552 qualia
1561 490 1746 551 illeper-

359 564 485 617 tulit,
515 583 534 604 «
562 566 612 607 Iu
637 562 748 606 fame
766 572 808 607 ct
825 562 894 606 siti
913 598 923 618 ‚
949 564 994 607 in
1019 564 1176 622 frigore
1194 572 1237 606 et
1254 562 1501 606 nuditate²P
1526 581 1546 603 »

420 637 500 677 ΙΙΙ.
532 637 593 677 lta
617 634 897 692 cogitantem,
923 643 981 687 ct,
1007 643 1057 677 ut
1079 633 1182 687 dixi,
1209 632 1426 677 dissolutis
1440 632 1644 676 membris
1658 647 1747 677 om-

359 704 491 751 nibus
518 704 796 748 interioribus
817 720 838 747 a
860 703 1066 748 facultate
1095 704 1234 763 operis
1268 704 1392 759 boni,
1418 719 1745 764 possumus—ne,

359 774 512 820 fratres
528 811 539 829 ‚
569 785 772 834 tauquam
800 774 1090 833 paralyticum
1118 773 1270 817 tollere
1291 809 1301 828 ‚
1325 783 1368 818 et
1396 774 1560 833 aperire
1584 783 1750 818 tectum

364 847 596 905 Scriptura}
632 846 783 904 hujus,
820 854 863 888 et
895 860 992 888 cum
1025 844 1280 888 submittere
1305 844 1359 889 ad
1387 845 1654 890 Dominum?
1676 834 1752 888 Vi-

363 916 474 962 detis
491 918 605 960 enim
625 918 727 977 quia
742 917 977 960 obscurum
994 924 1070 960 est.
1093 919 1227 960 Porro
1243 916 1277 959 si
1295 917 1529 961 obscurum
1547 925 1611 961 est
1626 951 1637 971 ‚
1657 925 1751 960 tec-

363 997 459 1034 tum
486 997 549 1031 cst
575 1006 584 1031 ε
610 996 652 1030 ct
671 986 960 1046 paralyticum
979 986 1123 1030 animo
1136 985 1370 1046 quemdam
1392 988 1578 1031 intueor.
1595 990 1653 1031 Et
1669 987 1752 1032 hoc

363 1067 530 1102 tectum
553 1056 678 1100 video
695 1091 705 1111 ‚
731 1065 774 1099 ct
795 1056 875 1100 sub
897 1057 980 1100 hoc
1003 1065 1117 1100 tecto
1145 1057 1367 1102 Christum
1391 1056 1525 1102 latere
1547 1072 1750 1115 agnosco.

365 1129 539 1174 Faciam
557 1163 567 1180 ‚
593 1136 808 1187 quantum
841 1143 1039 1186 possum,
1074 1128 1194 1188 quod
1227 1127 1453 1172 laudatum
1477 1137 1540 1172 est
1571 1128 1617 1171 in
1645 1127 1750 1183 illis,

366 1200 443 1261 qui
465 1208 614 1258 aperto
642 1207 757 1242 tecto
779 1197 834 1241 ad
863 1199 1084 1243 Christum
1119 1198 1407 1258 paralyticum
1435 1199 1750 1253 submiserunt,

368 1280 420 1315 ut
437 1269 598 1314 diceret
620 1268 683 1313 illi
699 1289 707 1313 :
739 1289 758 1310 «
779 1270 991 1314 Constans
1007 1279 1114 1324 esto,
1135 1269 1212 1324 fili,
1229 1271 1401 1314 remissa
1419 1279 1521 1314 sunt
1539 1270 1655 1314 enim
1674 1269 1755 1313 tibi

370 1360 390 1383 υ
417 1349 594 1401 peccata
619 1341 735 1383 tuass.
766 1357 785 1380 η
810 1340 877 1384 Sic
900 1340 1014 1383 enim
1038 1340 1140 1383 fecit
1162 1340 1411 1384 interiorem
1430 1341 1651 1383 hominem
1670 1338 1756 1384 sal-

367 1428 472 1456 vum
496 1428 517 1455 a
547 1409 749 1470 paralysi,
779 1410 1040 1455 remittendo
1062 1420 1256 1470 peccata,
1283 1421 1327 1455 et
1349 1410 1687 1468 constringendo
1710 1410 1758 1454 fi-

370 1483 488 1526 dem.
511 1481 594 1526 Sed
618 1480 1020 1525 crantibihomines
1036 1516 1046 1534 ,
1065 1481 1141 1540 qui
1164 1498 1251 1526 non
1275 1482 1499 1526 habebant
1526 1480 1675 1526 oculos
1703 1481 1759 1525 ad

371 1552 610 1597 videndum
632 1552 877 1595 interiorem
897 1550 1184 1610 paralyticum
1219 1553 1309 1612 jam
1343 1568 1432 1596 esse
1456 1561 1679 1606 sanatum,
1716 1560 1760 1595 et

371 1623 591 1669 medicum
626 1632 849 1667 curantem
878 1631 1144 1681 putaverunt
1171 1623 1562 1682 blasphemantem.
1600 1642 1620 1666 «
1655 1623 1760 1676 Quis

376 1713 396 1737 >›
419 1704 482 1738 est
502 1695 595 1748 hic,
612 1694 832 1753 inquiunt,
853 1693 929 1752 qui
943 1703 1119 1753 peccata
1142 1692 1348 1738 dimittit?
1365 1694 1644 1752 Blasphemat
1663 1694 1757 1738 iste.

375 1784 396 1807 »
425 1765 528 1818 Quis
555 1773 697 1824 potest
727 1763 945 1807 dimittere
977 1772 1175 1823 peccata,
1206 1764 1288 1807 nisi
1309 1763 1425 1808 solus
1453 1765 1627 1808 Deus4?
1653 1782 1674 1805 n
1704 1766 1762 1808 Et

372 1839 475 1897 quia
494 1835 565 1880 ille
586 1845 678 1879 crat
695 1839 808 1880 Deus
822 1870 834 1889 ‚
859 1835 958 1879 talia
985 1835 1224 1894 cogitantes
1241 1835 1460 1879 audiebat.
1493 1838 1586 1880 Hoc
1607 1850 1762 1879 verum

373 1906 430 1950 de
451 1910 540 1951 Deo
563 1905 830 1964 cogitabant,
859 1904 935 1949 sed
958 1908 1097 1949 Deum
1125 1914 1382 1964 praesentem
1417 1921 1508 1950 non
1534 1904 1758 1950 videbant.

377 1977 500 2022 Fecit
522 1991 623 2034 ergo
646 1976 718 2019 ille
747 1975 940 2019 medicus
972 1974 1137 2035 aliquid
1159 1984 1202 2019 et
1224 1975 1270 2019 in
1297 1991 1478 2035 corpore
1508 1975 1760 2035 paralytici,

376 2057 491 2092 utet
520 2047 695 2091 illorum
735 2046 811 2106 qui
844 2045 945 2089 talia
984 2045 1208 2100 dixerunt„
1248 2046 1498 2090 interiorem
1529 2045 1763 2105 paralysim

377 2129 562 2166 sanaret.
590 2118 711 2163 Fecit
732 2118 848 2161 enim
869 2116 989 2178 quod
1008 2116 1232 2172 viderent,
1258 2126 1302 2160 et
1332 2117 1451 2161 dedit
1471 2115 1593 2176 quod
1614 2115 1763 2160 crede-

378 2200 492 2235 rent.
518 2190 715 2245 Eiassergo
737 2187 930 2248 quisquis
943 2203 987 2231 es
1010 2196 1096 2230 tam
1115 2186 1313 2230 infirmus
1325 2196 1368 2230 et
1388 2185 1600 2244 languens
1614 2185 1760 2239 corde,

379 2270 431 2305 ut
452 2258 680 2304 attendens
702 2259 894 2301 humana
917 2255 1133 2316 exempla,
1153 2255 1258 2300 velis
1273 2272 1295 2300 a
1312 2256 1437 2300 bonis
1460 2255 1665 2314 operibus
1692 2254 1765 2299 de-

381 2332 528 2374 sistere
542 2364 553 2383 ,
573 2338 616 2372 ct
638 2327 824 2388 paralysi
851 2326 1040 2383 quadam
1061 2327 1265 2371 interiore
1291 2325 1525 2370 dissolutus
1547 2340 1612 2377 eS‚
1630 2339 1708 2384 age
1730 2325 1765 2369 si

378 2415 606 2459 possumus
620 2434 630 2454 ‚
652 2409 800 2458 aperto
816 2398 897 2442 isto
919 2407 1033 2442 tecto
1054 2397 1311 2441 submittere
1333 2395 1388 2440 ad
1411 2395 1661 2440 Dominum.

431 2500 441 2517 ¹
466 2505 477 2526 1
507 2495 645 2530 Cor.1v‚
669 2493 718 2524 16.
740 2510 781 2516 -
800 2500 813 2516 ²
835 2501 855 2524 ⁴2
879 2494 952 2524 Cor.
968 2504 1018 2534 xi,
1038 2500 1090 2534 27.
1115 2509 1159 2516 —
1176 2490 1189 2515 3
1214 2493 1290 2523 Luc.
1317 2503 1361 2527 v,
1385 2490 1498 2522 18·22.
1522 2508 1564 2514 ——
1582 2489 1598 2520 4
1627 2489 1711 2521 Ibid.
1730 2493 1763 2520 et

381 2549 493 2581 matth.
514 2561 555 2585 η’,
578 2548 606 2580 3.
