1841 3223
446 219 687 250 ENAnnAno
719 220 764 247 ῐΝ
796 217 999 248 PsALMUM
1031 217 1149 245 xmv.
1382 202 1466 242 297

83 290 252 348 Corpus
270 286 429 332 Christi
450 287 534 331 hoc
563 284 665 330 fecit
680 320 691 339 ‚
719 285 765 328 in
790 283 931 343 capite
952 297 1031 327 suo
1054 279 1219 326 didicit.
1246 278 1326 324 Ille
1347 279 1467 339 prior

82 359 196 404 sicut
216 359 305 404 ovis
325 358 379 403 ad
400 356 656 403 occisionem
679 355 837 399 ductus
859 363 948 409 est,
973 363 1017 398 et
1038 353 1148 398 sicut
1163 366 1299 411 agnus
1319 366 1467 395 coram

86 447 107 471 >›
142 433 351 475 tondente
372 444 416 473 se
435 444 523 473 non
540 426 708 487 aperuit
729 442 774 471 os
796 428 947 469 suum¹
971 444 980 470 ι
1010 442 1029 465 »
1057 439 1193 484 usque
1216 422 1323 467 adeo
1341 437 1466 466 man-

83 510 246 556 suetus,
266 510 315 545 ut
331 500 525 560 pendens
548 499 591 543 in
614 513 741 543 cruce
763 497 926 541 diceret
948 516 956 541 :
983 516 1002 538 «
1024 500 1164 550 Pater,
1189 495 1362 554 ignosce
1384 491 1467 538 illis

84 589 107 614 »
141 573 243 633 quia
264 573 462 616 nesciunt
483 569 592 632 quid
621 568 825 614 faciunt2.
848 588 867 610 »
889 568 1007 622 Quid
1034 578 1210 628 propter
1235 567 1469 626 iustitiam?

86 662 106 686 α
141 643 297 688 Veniet
330 642 481 697 etiam,
522 651 572 686 ut
595 641 788 702 judicet,
814 649 858 685 et
888 640 1102 684 retribuat
1133 639 1369 699 unicuique
1400 654 1469 683 se·-

83 731 106 755 »
141 712 337 757 cundum
359 728 492 772 opera
514 728 590 756 sua
605 714 636 756 ³.
661 731 680 753 »
707 711 824 756 Dixit
844 711 1088 765 veritatem,
1109 708 1288 769 pertulit
1304 709 1469 769 iniqui-

81 792 231 837 tatem,
252 782 462 827 allaturus
479 793 542 827 est
558 782 824 843 aequitatem.
846 784 937 826 «Et
953 779 1142 825 deducet
1161 788 1203 823 te
1218 778 1471 823 mirabiliter

83 872 104 895 »
140 853 313 898 dextera
336 862 426 898 tua.
455 871 476 895 »
500 855 586 898 Nos
602 854 776 897 dextera
797 853 947 912 ipsius,
971 852 1061 911 ipse
1083 850 1259 895 dextera
1276 866 1368 895 sua.
1391 849 1471 895 Ille

80 924 197 969 enim
218 927 357 979 Deus,
398 939 476 968 nos
508 924 723 969 homines.
759 926 943 968 Dextera
974 937 1051 967 sua
1073 919 1288 966 deductus
1315 930 1400 976 est,
1425 920 1470 966 id

80 1004 169 1050 est,
193 995 389 1055 potentia
410 1010 502 1039 sua.
530 994 705 1038 Etenim
730 994 969 1053 potentiam
992 1008 1125 1054 quam
1157 996 1284 1037 Pater
1310 993 1466 1048 habet,

79 1066 214 1111 habet
236 1067 410 1127 etipse,
436 1075 480 1111 et
499 1065 868 1110 immortalitatem
891 1065 1028 1109 Patris
1052 1064 1184 1109 habet
1206 1073 1249 1109 et
1269 1065 1382 1124 ipse3
1401 1063 1469 1108 dia

80 1138 306 1183 vinitatem
320 1138 457 1182 Patris
474 1137 623 1193 habet,
641 1138 928 1182 aeternitatem
941 1137 1079 1182 Patris
1090 1136 1224 1181 habet
1235 1172 1245 1191 ‚
1265 1137 1470 1180 virtutem

80 1209 217 1253 Patris
228 1209 376 1253 habet.
395 1210 592 1253 Deducet
604 1224 704 1253 eum
723 1207 980 1252 mirabiliter
993 1207 1168 1252 dextera
1186 1208 1292 1268 ejuS,
1308 1207 1470 1251 faciens

79 1278 251 1335 divina,
276 1280 444 1339 patiens
464 1280 679 1335 humana,
706 1278 889 1323 malitias
911 1278 1143 1323 hominum
1164 1287 1358 1322 sternens
1389 1278 1470 1322 bo-

78 1350 215 1394 nitate
230 1366 320 1394 sua.
338 1349 496 1395 Adhuc
513 1349 745 1394 deducitur
765 1359 809 1394 et
821 1349 899 1394 ubi
919 1347 1117 1393 nondum
1133 1358 1217 1404 est,
1235 1358 1278 1393 et
1297 1347 1471 1393 dextera

78 1421 170 1480 ejus
190 1419 368 1465 deducit
384 1436 500 1466 eum.
520 1423 612 1465 Hoc
626 1421 740 1464 enim
757 1435 858 1464 eum
881 1418 1018 1474 ducit,
1039 1417 1160 1479 quod
1181 1419 1270 1478 ipse
1292 1418 1471 1464 donavit

77 1492 236 1535 sanctis
258 1491 358 1535 suis.
387 1511 407 1534 «
428 1490 625 1536 Deducet
645 1500 688 1535 te
710 1490 965 1535 mirabiliter
986 1489 1161 1535 dextera
1180 1499 1268 1535 tua.
1292 1509 1313 1531 »

136 1564 257 1607 XVI.
284 1582 304 1605 «
327 1563 504 1622 Sagittae
526 1572 614 1607 tuae
638 1573 776 1608 acutae
797 1563 1134 1623 potentissimae⁴
1160 1582 1168 1607 :
1192 1581 1212 1604 »
1237 1563 1370 1607 verba
1396 1578 1471 1607 cor

79 1634 391 1692 transfigentia,
409 1650 599 1678 amorem
619 1634 866 1679 excitantia.
892 1633 1018 1679 Unde
1035 1633 1197 1679 dicitur
1213 1634 1257 1678 in
1281 1633 1470 1679 Canticis

76 1704 358 1750 Canticorum
377 1725 385 1750 :
413 1725 432 1747 «
457 1705 568 1758 Quia
585 1705 813 1749 vulnerata
827 1705 1036 1750 charitate
1059 1720 1138 1763 ego
1160 1719 1257 1750 sum
1272 1707 1302 1748 ⁵.
1320 1703 1471 1748 »Dicit

76 1775 193 1819 enim
214 1775 485 1819 vulneratam
507 1791 552 1817 se
573 1791 663 1817 esse
679 1776 911 1827 charitate,
937 1776 980 1820 id
1005 1785 1089 1832 est,
1115 1791 1258 1820 amare
1280 1790 1323 1819 se
1345 1774 1467 1830 dicit,

77 1853 260 1888 aestuare
283 1858 328 1887 se
349 1842 475 1898 dicit,
501 1843 715 1902 suspirare
738 1858 917 1902 sponso,
944 1841 1062 1886 unde
1083 1847 1249 1903 accepit
1271 1846 1471 1901 sagittam

76 1915 214 1960 verbi.
239 1933 260 1956 «
282 1915 456 1974 Sagittae
480 1923 566 1959 tuae
587 1923 725 1958 acutae
747 1913 1056 1974 potentissimae
1074 1934 1082 1959 :
1107 1932 1127 1955 »
1146 1923 1190 1958 et
1211 1915 1470 1973 transfigen-

78 1994 167 2041 tes,
195 1995 239 2030 et
260 1985 496 2030 efficientes
521 2005 530 2030 ε
561 2004 581 2027 (ι
605 1988 758 2029 Acutae
780 1984 1105 2044 potentissimae.
1137 1983 1294 2045 Populi
1320 1985 1401 2029 sub
1427 1994 1470 2029 te

81 2073 102 2097 »
137 2055 311 2100 cadent.
325 2074 346 2098 »
363 2056 449 2109 Qui
471 2055 751 2100 ceciderunt?
769 2055 854 2109 Qui
875 2055 1066 2115 percussi
1087 2063 1205 2110 sunt,
1232 2064 1275 2099 et
1296 2054 1469 2100 cecide-

78 2135 196 2170 runt.
232 2125 422 2186 Populos
449 2125 646 2170 videmus
683 2125 880 2170 subditos
912 2126 1110 2181 Christo,
1146 2125 1349 2171 cadentes
1379 2142 1468 2171 non

77 2197 292 2242 videmus.
328 2197 519 2257 Exponit
545 2197 624 2241 ubi
656 2196 849 2242 cadunt:
879 2216 899 2239 «
927 2200 978 2241 In
999 2197 1145 2241 eorde.
1170 2216 1190 2238 »
1218 2197 1285 2241 Ibi
1316 2213 1360 2241 se
1382 2197 1469 2241 eri-

79 2268 240 2325 gebant
272 2266 474 2312 adversus
504 2268 750 2323 Christum,
780 2268 843 2312 ibi
879 2267 1045 2313 cadunt
1082 2277 1182 2312 ante
1225 2268 1464 2313 Christum.

78 2337 414 2397 Blasphemabat
437 2337 590 2383 Saulus
616 2339 838 2383 Christum
854 2374 864 2394 ‚
901 2348 1070 2383 erectus
1099 2348 1190 2383 erat
1212 2359 1221 2384 z
1253 2339 1469 2399 supplicat

79 2408 251 2453 Christo
267 2443 277 2463 ,
316 2407 472 2453 cecidit
487 2444 498 2463 ,
540 2418 779 2468 prostratus
817 2418 881 2454 cst
917 2425 926 2451 ε
969 2410 1133 2454 occisus
1168 2418 1232 2453 est
1267 2409 1468 2455 inimicus

130 2505 229 2536 ¹1sai.
249 2514 317 2543 ιιιι,
337 2515 367 2547 7.
386 2522 427 2527 —
443 2512 456 2527 ²
472 2507 549 2538 Luc.
574 2516 652 2537 xxm
666 2531 674 2545 ,
693 2504 744 2547 32,
767 2523 807 2527 —
825 2502 838 2527 3
860 2508 952 2537 Rom.
969 2517 1002 2547 n,
1026 2505 1060 2537 6.
1076 2523 1117 2528 ——-
1135 2504 1150 2535 l,
1169 2505 1251 2538 Psal,
1271 2517 1356 2545 κων,
1373 2506 1406 2538 G.
1426 2522 1467 2528 —

81 2557 95 2580 5
115 2560 203 2590 Cant.
224 2570 261 2601 n,
280 2559 359 2601 5‚et
382 2570 412 2600 v,
435 2560 465 2591 8.
