1841 3223
0 2454 2 2476 t

0 2481 2 2502 i'

393 199 634 229 ENARRATio
666 203 711 229 IN
744 200 947 229 PsALMUM
978 202 1035 228 LI.
1324 189 1407 229 463

25 267 181 326 primo,
197 281 344 310 omnes
361 266 558 310 inimicos
580 268 694 326 ejus3
709 275 750 310 et
765 276 934 326 postea:
955 285 973 308 «
992 269 1053 310 De
1070 281 1203 309 manu
1221 265 1338 310 Saiil¹
1358 285 1367 310 ε
1386 285 1405 307 »

26 336 127 396 quia
149 336 377 380 novissima
398 335 572 380 inimica
594 336 840 380 destruetur
864 339 1022 380 mors‘2.
1045 335 1162 389 Quid
1185 345 1272 390 est,
1309 355 1328 377 «
1349 339 1414 380 De
1448 346 1452 350 “

30 425 53 447 n
85 421 218 450 manu
251 405 419 450 SaiiIP»
451 406 666 458 Quoniam
694 407 852 450 exemit
890 422 968 450 nos
1001 407 1057 450 ab
1085 405 1258 461 inferis,
1290 415 1334 450 et
1358 407 1414 451 de

27 491 161 520 manu
172 476 322 520 mortis
338 474 539 518 liberavit
554 490 648 519 nos.

87 550 169 591 III.
195 549 307 591 Cum
331 561 434 604 ergo
459 545 560 590 Saiil
582 554 913 606 persequeretur
934 546 1075 590 virum
1103 556 1301 591 sanctum
1325 550 1415 592 Da-

28 617 102 662 vid
118 653 129 671 ,
150 616 346 675 confugit
367 615 505 661 David
528 616 604 660 ubi
625 626 771 660 tutum
788 617 960 676 putavit
983 637 991 661 :
1019 618 1228 662 transiens
1250 634 1327 678 per
1349 635 1416 663 sa-

29 687 249 733 cerdotem
278 686 513 747 quemdam
535 686 814 731 Achimelech
837 707 845 731 :
876 688 1041 747 accepit
1075 688 1129 731 ab
1159 704 1211 732 eo
1232 704 1363 748 panes
1379 691 1412 734 3.

30 759 115 803 Ubi
136 757 338 817 figuravit
359 757 490 801 etiam
516 772 766 817 personam,
798 773 889 801 non
917 766 1086 801 tantum
1115 758 1246 815 regis,
1277 758 1351 802 sed
1373 768 1419 804 et

30 828 261 873 sacerdotis
282 843 291 869 t
318 829 420 888 quia
453 827 733 871 manducavit
758 842 892 887 panes
916 828 1246 887 propositionis,
1281 845 1414 889 quos,

32 900 143 944 sicut
163 899 269 944 dicit
290 899 500 943 Dominus
518 900 563 942 in
585 898 823 956 Evangelio
839 934 849 953 ‚
869 915 956 943 non
976 898 1135 943 licebat
1153 899 1420 944 manducare

32 969 113 1014 nisi
133 969 231 1014 solis
250 969 544 1013 sacerdotibus
558 969 588 1012 4.
617 972 767 1012 Postea
791 969 925 1029 coepit
947 984 1047 1012 eum
1071 985 1264 1029 quaerere
1289 970 1416 1026 Saul,

33 1050 77 1085 et
97 1041 232 1084 iratus
246 1049 310 1084 est
330 1040 431 1094 suis,
449 1037 572 1100 quod
594 1054 723 1083 nemo
740 1054 839 1082 eum
854 1039 932 1083 sibi
955 1038 1084 1083 vellet
1107 1039 1305 1099 prodere.
1326 1043 1420 1085 Hoc

31 1111 164 1156 modo
184 1111 347 1156 lectum
364 1111 486 1155 estin
506 1110 620 1154 libro
634 1113 900 1169 Regnorum.
916 1114 1020 1154 Erat
1037 1119 1183 1154 autem
1198 1111 1259 1154 ibi
1273 1112 1420 1156 Doech

34 1181 239 1243 quidam,
265 1181 442 1242 quando
457 1190 635 1225 venerat
657 1180 730 1224 ille
752 1181 806 1224 ad
824 1181 1103 1225 Achimelech
1125 1181 1390 1226 sacerdotem
1405 1218 1416 1238 ‚

33 1253 233 1312 princeps
245 1260 466 1312 pastorum
479 1250 595 1305 Saul,
609 1250 844 1295 ldumaeus.
857 1252 940 1304 Qui
954 1267 1053 1295 cum
1068 1251 1233 1296 adesset
1242 1254 1420 1313 quando

37 1324 139 1368 Satit
167 1323 429 1379 irascebatur
451 1322 560 1377 suis,
586 1320 706 1382 quod
734 1321 880 1366 nullus
902 1322 966 1366 illi
988 1322 1119 1367 vellet
1137 1323 1320 1382 prodere
1338 1327 1439 1368 Da-

36 1393 132 1449 vid,
157 1393 351 1454 prodidit
371 1393 449 1436 ubi
471 1407 572 1436 eum
594 1391 784 1436 vidisset.
811 1392 929 1436 Misit
955 1394 1163 1437 continuo
1197 1394 1320 1449 Saul,
1346 1410 1424 1438 ex-

35 1465 180 1509 hibuit
206 1463 474 1508 sacerdotem
502 1472 546 1506 et
572 1478 721 1507 omnes
743 1463 833 1522 ejus
849 1499 860 1518 ⁷
888 1473 931 1508 et
955 1464 1083 1524 jussit
1104 1464 1259 1509 occidi.
1285 1468 1425 1510 Nemo

37 1551 165 1580 ausus
192 1544 256 1579 est
278 1534 506 1579 hominum
530 1533 640 1592 regis
664 1532 781 1588 Saul,
803 1549 882 1578 nec
899 1534 1085 1594 jubente
1107 1549 1226 1593 rege,
1252 1536 1426 1581 mittere

37 1621 215 1650 manum
244 1605 291 1648 in
323 1603 563 1648 sacerdotes
591 1602 792 1647 Domini:
826 1603 902 1648 sed
928 1603 1002 1647 ille
1030 1605 1106 1665 qui
1142 1605 1421 1665 prodiderat,

38 1677 149 1721 sicut
169 1674 325 1730 Judas,
351 1674 426 1735 qui
450 1690 472 1718 a
496 1674 716 1734 proposito
734 1689 813 1718 suo
833 1690 920 1718 non
939 1675 1110 1719 recessit
1125 1710 1136 1730 ,
1162 1684 1204 1720 ct
1221 1691 1360 1737 usque
1381 1678 1426 1721 in

38 1747 170 1791 finem
192 1745 481 1806 perseveravit
507 1743 560 1788 de
588 1743 661 1787 illa
693 1743 834 1788 radice
856 1742 1022 1788 fructus
1050 1743 1184 1799 ferre,
1216 1745 1396 1806 (quales
1412 1782 1423 1802 ‚

40 1817 120 1860 nisi
142 1815 290 1877 quales
313 1814 397 1859 fert
417 1815 547 1859 arbor
560 1813 672 1858 mala
685 1816 726 1872 ‘?)
743 1814 900 1858 occidit
916 1815 1063 1859 Doech
1083 1815 1162 1859 iste
1178 1831 1309 1860 manu
1333 1833 1425 1871 sua,

33 1887 218 1947 jubente
236 1902 352 1945 rege,
374 1884 641 1930 sacerdotem
661 1893 704 1928 et
721 1900 869 1929 omncs
890 1885 981 1944 ejus
1002 1904 1009 1928 :
1031 1885 1190 1930 deinde
1212 1886 1430 1931 debellata

41 1967 105 2003 est
125 1958 273 2003 civitas
300 1958 428 2001 etiam
451 1955 726 2001 sacerdotum
744 1958 774 1999 ⁵.
801 1957 1054 2001 Invenimus
1083 1972 1183 2015 crgo
1204 1959 1349 2003 Do'ech
1374 1959 1432 2003 is-

43 2038 136 2073 tum
165 2028 390 2072 inimicum
422 2027 511 2085 regi
534 2026 671 2071 David
689 2035 732 2071 et
754 2026 966 2071 sacerdoti
989 2027 1283 2072 Achimelech.
1310 2032 1431 2074 Unus

42 2101 175 2145 homo
196 2109 260 2144 est
292 2099 439 2144 Doe‘eh
456 2134 467 2153 ‚
498 2098 574 2142 sed
597 2114 731 2157 genus
753 2098 982 2143 hominum
1016 2109 1079 2143 est
1104 2101 1251 2144 Doe'ch
1280 2116 1288 2141 :
1321 2101 1434 2145 sicut

44 2169 183 2215 David
204 2179 248 2214 et
263 2185 419 2229 corpus
443 2169 584 2228 ipsum
607 2169 717 2227 regis
738 2177 781 2212 et
810 2168 1065 2223 sacerdotis,
1091 2177 1298 2229 tanquam
1322 2185 1434 2215 unus

44 2241 178 2285 homo
199 2250 242 2285 et
263 2240 364 2285 duae
386 2255 599 2299 personae,
615 2239 691 2283 sed
709 2248 855 2283 tamen
878 2254 1016 2283 unum
1035 2255 1170 2298 genus
1187 2240 1430 2286 hominum.

47 2310 236 2355 Proinde
254 2310 300 2354 in
326 2310 407 2354 isto
429 2319 624 2369 tempore
639 2344 650 2364 ,
676 2319 719 2353 et
743 2310 790 2353 in
812 2310 894 2353 isto
917 2309 1076 2353 saeculo
1096 2309 1320 2355 videamus
1342 2312 1436 2357 haec

0 2392 1 2429 ἰ
47 2380 136 2427 duo
159 2396 336 2441 genera,
361 2389 411 2425 ut
432 2380 645 2440 pertineat
669 2378 725 2424 ad
741 2379 976 2424 utilitatem
993 2389 1201 2436 nostram,
1228 2381 1295 2426 vel
1317 2381 1439 2443 quod

96 2482 106 2499 ¹
125 2475 207 2508 Psal.
229 2486 307 2517 xvii,
326 2487 353 2507 1.
376 2493 416 2498 —
432 2482 446 2498 ²
463 2486 476 2507 1
499 2477 572 2508 Cor.
595 2487 651 2517 xv,
672 2484 727 2509 20.
749 2492 790 2499 —-
811 2472 825 2498 3
840 2486 853 2508 1
876 2477 953 2517 Reg.
969 2485 1035 2518 χχι,
1049 2474 1083 2508 6.
1104 2474 1175 2506 -4
1195 2477 1308 2510 Matth.
1330 2488 1388 2520 xii,
1403 2476 1436 2521 4.

0 2504 2 2557 i
51 2549 91 2555 —
107 2529 123 2554 5
150 2542 163 2564 1
185 2534 262 2573 Reg.
286 2541 338 2563 xxi
356 2535 390 2564 et
410 2541 486 2564 xxii.
