1841 3223
462 247 702 278 ENARRATIO
734 249 780 275 nv
813 244 1015 275 PsALMUM
1048 246 1118 272 XL.
1375 230 1458 269 217

80 328 168 373 tur,
187 327 231 362 et
252 316 434 361 dicitur:
450 318 593 360 Homo
615 323 720 358 erat.
746 313 863 366 Quid
886 314 1001 356 erat?
1022 315 1221 357 Mortuus
1244 318 1329 365 est,
1355 325 1466 359 cru-K

79 389 232 433 cifixus
252 395 316 430 est
341 405 349 430 ε
374 385 596 429 hominem
618 382 756 427 colitis
771 417 781 437 ,
803 383 850 425 in
873 383 1095 426 hominem
1124 396 1244 441 spem
1264 380 1429 424 habetis
1446 415 1458 434 ,

79 466 305 502 mortuum
333 454 534 499 adoratis.
572 451 766 497 Falleris,
805 452 1004 510 Intellige
1030 467 1158 511 super
1192 465 1377 509 egenum
1419 458 1463 493 et

79 540 338 588 pauperem,
363 533 413 568 ut
433 523 549 567 illius
576 530 830 582 paupertate
852 521 970 565 dives
993 522 1204 565 efficiaris.
1230 520 1346 574 Quid
1373 528 1457 574 est,

81 596 281 656 Intellige
300 610 429 655 super
452 608 637 652 egenum
659 602 702 637 et
725 593 986 652 pauperem?
1010 593 1066 635 Ut
1086 591 1229 651 ipsum
1241 590 1463 635 Christum

79 682 267 727 egenum
291 676 333 710 et
355 680 591 726 pauperem
613 663 794 724 accipias
810 698 821 718 ,
842 661 1060 706 dicentem
1081 661 1125 704 in
1148 660 1231 705 alio
1261 660 1429 704 Psalmo
1445 695 1456 715 ,

84 757 103 779 «
138 741 232 796 Ego
250 746 396 781 autem
418 751 578 793 egenus
593 743 635 778 et
656 749 820 794 pauper
842 748 936 777 sum
954 767 965 787 ,
990 731 1199 776 Dominus
1223 746 1370 774 curam
1393 731 1465 773 ha-

84 827 104 850 »
138 807 214 852 het
231 807 317 851 mei
337 809 366 850 ¹.
398 827 414 848 »
437 805 554 860 Quid
584 815 647 849 est
667 803 907 861 intelligere
929 817 1058 862 super
1081 816 1266 859 egenum
1293 809 1336 844 et
1358 816 1466 859 pau-

80 880 255 939 perem?
281 897 301 920 α
325 878 437 931 Quia
459 877 738 936 semetipsum
755 874 989 919 exinanivit
1003 909 1014 929 ,
1041 872 1226 917 formam
1241 870 1467 915 serviacei·

83 967 105 991 »
139 949 288 1009 piens,
315 949 360 992 in
390 946 673 992 similitudine
702 946 928 990 hominum
956 945 1119 998 factus,
1145 952 1188 987 et
1213 942 1367 986 habitu
1394 941 1465 984 in-

83 1036 106 1062 »
139 1027 296 1063 ventus
317 1027 367 1062 ut
382 1019 515 1062 homo
537 1021 574 1061 2:
600 1016 754 1061 »dives
769 1015 887 1075 apud
906 1019 1073 1059 Patrem
1088 1049 1098 1069 ,
1119 1022 1161 1057 et
1171 1027 1336 1073 pauper
1347 1010 1466 1071 apud

82 1106 186 1148 nos·⁷
202 1090 320 1135 dives
341 1090 387 1133 in
408 1089 520 1134 coelo
536 1125 546 1145 ,
573 1103 737 1149 pauper
754 1088 798 1130 in
820 1096 933 1131 terra
953 1108 963 1143 3
988 1086 1106 1130 dives
1127 1088 1242 1129 Deus
1258 1119 1268 1138 ,
1300 1097 1466 1143 pauper

81 1163 229 1207 homo.
263 1164 356 1206 Hoc
386 1171 425 1205 te
454 1177 557 1220 ergo
588 1160 762 1213 turbat,
788 1158 908 1219 quod
929 1158 1148 1203 'hominem
1174 1156 1293 1200 uides
1310 1190 1320 1210 ,
1345 1152 1468 1214 quod

82 1248 257 1277 carnem
276 1232 455 1276 intueris
473 1267 483 1287 ,
504 1231 625 1292 quod
646 1240 831 1275 mortem
854 1229 1050 1289 respicis,
1068 1228 1189 1288 quod
1210 1241 1385 1271 crucem
1407 1225 1467 1268 ir-

79 1302 192 1347 rides
206 1305 223 1347 ?
235 1303 319 1347 hoc
342 1312 382 1346 te
403 1303 553 1346 turbat
570 1304 587 1346 P
604 1299 804 1359 Intellige
816 1315 944 1359 super
959 1314 1143 1358 egenum
1157 1307 1462 1357 etpauperem.

83 1373 204 1427 Quid
227 1383 290 1418 est
305 1374 422 1417 hoc?
444 1372 659 1430 Intellige,
673 1371 776 1432 quia
790 1371 867 1415 ubi
890 1371 966 1414 tibi
981 1369 1175 1429 exposita
1197 1377 1261 1412 est
1284 1366 1468 1411 infirmi-

78 1452 142 1487 tas
157 1478 167 1497 ,
192 1442 254 1486 ibi
275 1442 382 1486 latet
398 1442 622 1487 Divinitas.
647 1442 774 1486 Dives
790 1476 800 1492 ,
831 1440 934 1501 quia
957 1440 1016 1484 sic
1038 1448 1102 1483 est
1128 1458 1136 1483 :
1158 1452 1339 1497 pauper,
1365 1436 1468 1496 quia

75 1515 166 1574 jam
178 1522 228 1561 tu
248 1513 307 1557 sic
325 1529 432 1558 eras.
453 1513 536 1558 Sed
549 1522 694 1557 tamen
708 1521 938 1572 paupertas
951 1510 1085 1570 ipsius
1102 1545 1111 1564 ‚
1133 1509 1294 1553 divitiae
1309 1516 1468 1552 nostrae

79 1592 180 1627 sunt
207 1583 464 1643 :quomodo
495 1583 723 1626 infirmitas
758 1582 913 1642 ipsius,
947 1579 1160 1624 fortitudo
1192 1588 1339 1623 nostra
1371 1586 1466 1635 est3

79 1653 302 1714 quomodo
323 1653 506 1698 stultum
526 1654 658 1712 ipsius
675 1688 686 1707 ,
713 1652 923 1710 sapientia
947 1660 1094 1695 nostra
1119 1660 1183 1694 est
1204 1671 1214 1706 3
1247 1648 1469 1710 quomodo

79 1724 319 1769 mortalitas
345 1725 478 1783 ipsius
498 1759 509 1779 ,
533 1722 834 1767 immortalitas
853 1732 999 1767 nostra
1017 1731 1082 1766 est
1098 1723 1130 1765 3.
1158 1721 1276 1774 Quid
1298 1721 1470 1779 sitpau-

78 1811 172 1855 per,
206 1794 381 1840 attende
409 1814 417 1840 :
443 1810 532 1838 non
559 1809 658 1838 eum
692 1809 742 1837 ex
777 1793 958 1838 aliorum
988 1801 1244 1852 paupertate
1262 1791 1465 1835 metiaris.

81 1864 267 1925 Implere
286 1865 407 1909 venit
427 1879 637 1924 pauperes
655 1899 665 1918 ,
697 1864 773 1923 qui
795 1879 962 1923 pauper
979 1863 1159 1907 effectus
1179 1871 1256 1906 est.
1288 1866 1470 1921 Propte-

80 1951 152 1980 rea
175 1935 293 1995 aperi
316 1935 461 1979 sinum
482 1934 585 1979 fidei
609 1954 618 1978 ε
643 1933 813 1993 suscipe
831 1949 1063 1993 pauperem
1081 1969 1092 1989 ,
1124 1948 1179 1976 ne
1203 1947 1370 1992 pauper
1400 1946 1469 1975 re-

80 2021 270 2051 maneas.

140 2079 200 2121 Π.
231 2095 251 2118 ι(
274 2078 431 2119 Beatus
454 2075 531 2135 qui
551 2074 752 2132 intelligit
775 2090 904 2134 super
925 2089 1109 2133 egenum
1132 2085 1174 2119 et
1207 2090 1442 2134 pauperem
1457 2110 1467 2129 ,

83 2165 104 2189 »
138 2147 185 2190 in
201 2145 272 2190 die
285 2145 399 2189 mala
414 2144 619 2188 liberabit
636 2160 737 2188 eum
756 2146 963 2189 Dominus
978 2146 1009 2189 ⁴.
1035 2164 1054 2186 »
1076 2146 1233 2189 Veniet
1247 2145 1361 2189 enim
1381 2145 1470 2189 dies

81 2215 193 2260 mala
215 2235 223 2261 :
249 2215 354 2260 velis
376 2214 508 2269 nolis,
534 2214 704 2271 veniet,
728 2215 818 2259 dies
839 2215 993 2275 judicii
1017 2215 1181 2270 aderit,
1215 2215 1327 2258 mala
1355 2214 1468 2269 dies,

81 2287 116 2331 si
132 2303 221 2331 non
236 2285 496 2330 intellexeris
513 2300 641 2344 super
658 2301 844 2344 egenum
862 2295 905 2329 et
923 2301 1173 2345 pauperem.
1200 2285 1329 2339 Quod
1352 2286 1470 2330 enim

81 2358 213 2402 modo
235 2374 325 2402 non
351 2358 413 2401 vis
435 2357 634 2412 credere,
660 2358 938 2402 manifestum
964 2359 1045 2402 erit
1076 2359 1121 2401 in
1145 2359 1246 2401 fine.
1276 2358 1358 2402 Sed
1381 2374 1472 2402 non

81 2428 221 2487 fugies
238 2463 248 2482 ‚
273 2444 375 2472 cum
395 2426 527 2471 fuerit
546 2427 848 2485 manifestum3
877 2429 977 2488 quia
1000 2444 1090 2472 non
1113 2428 1250 2472 credis
1271 2443 1373 2472 cum
1405 2438 1469 2473 est

82 2499 316 2544 occultum.
344 2500 541 2544 Invitaris
574 2508 624 2543 ut
656 2498 776 2559 quod
810 2515 899 2544 nou
928 2500 1047 2543 vides
1078 2498 1253 2555 credas,
1289 2515 1344 2543 ne
1367 2515 1468 2543 cum

132 2585 240 2622 [Psal.
262 2596 367 2626 xxxix,
395 2587 444 2618 18.
462 2602 503 2607 —-
520 2592 532 2607 2
553 2585 664 2627 Philip.
690 2596 729 2626 11,
744 2596 775 2626 7.
795 2602 835 2607 —
862 2583 874 2608 3
901 2597 911 2616 1
936 2586 1006 2617 Cor.
1034 2596 1065 2626 1,
1089 2585 1140 2618 3ο.
1165 2583 1464 2626 —4Psz11.x1.,1›..
