1841 3223
461 235 703 266 ENARRATIO
734 239 780 265 IN
813 235 1015 265 PsALMUM
1047 237 1117 264 XL.
1371 227 1454 266 223

69 316 144 349 sua
159 335 170 355 ‚
197 302 244 345 in
266 299 429 347 familia
455 318 554 357 sua,
584 304 630 347 in
652 305 835 363 conjuge
850 338 860 356 ,
885 302 932 348 in
952 303 1071 357 filiis,
1100 303 1145 346 in
1168 312 1424 362 paupertate
1441 339 1452 358 ,
1471 359 1473 361 .

70 367 117 424 iri
149 372 359 431 praediolo
394 389 502 429 suo,
537 374 583 417 in
617 373 789 417 novella
822 374 1024 417 manibus
1061 372 1147 417 suis
1181 373 1375 429 consita,
1411 375 1457 418 in

68 441 252 493 aedificio
275 443 423 503 aliquo
455 459 533 488 suo
562 443 706 488 studio
738 442 951 487 fabricato
979 463 987 488 :
1015 443 1294 504 acquiescunt
1323 444 1454 489 inno-

68 521 214 556 centes
242 512 289 557 in
308 513 390 558 his.
423 513 509 558 Sed
540 523 684 558 tamen
716 516 830 557 Deus
860 511 1009 557 volens
1041 529 1118 557 nos
1150 529 1342 572 amorem
1365 520 1456 559 no'n

66 583 228 627 habere
248 583 330 628 nisi
351 584 452 629 vitae
484 593 682 639 aeternae,
713 592 756 627 et
787 583 879 628 istis
907 582 1030 626 velut
1050 584 1356 628 innocentibus
1377 585 1456 630 de-

65 651 370 708 lectationibus
390 654 541 700 miscet
571 652 880 711 amaritudines
900 674 911 712 3
934 662 986 698 ut
1013 663 1056 697 et
1076 654 1122 697 in
1144 654 1210 698 his
1235 655 1454 714 patiamur

65 724 367 775 tribulationes
381 759 392 781 ,
417 735 461 770 et
481 726 732 772 universum
747 734 930 770 stratum
948 734 1147 774 nostrum
1169 725 1298 770 vertit
1314 726 1360 769 in
1382 727 1453 771 in-

66 794 270 840 firmitate
294 804 456 842 nostra.
486 815 506 840 «
530 797 787 842 Universum
814 804 996 850 stratum
1019 796 1109 855 ejus
1129 794 1294 839 vertisti
1318 795 1362 853 in
1382 796 1453 840 in-

69 883 90 908 »
124 866 326 912 firmitate
352 868 457 928 ejus.
486 885 507 910 »
530 871 628 914 Non
650 882 751 926 ergo
770 876 1078 927 conqueratur,
1103 865 1280 927 quando
1310 867 1355 910 in
1383 867 1450 913 his

65 952 164 996 quae
187 937 441 982 innocenter
462 937 620 993 habet,
645 938 806 998 patitur
826 937 992 997 aliquas
1014 936 1330 982 tribulationes.
1362 940 1450 982 Do-

64 1015 188 1051 cetur
221 1023 364 1052 amare
397 1007 575 1053 meliora
604 1024 679 1068 per
708 1008 1040 1053 amaritudinem
1069 1007 1325 1052 inferiorum
1351 1023 1361 1048 ·.
1394 1024 1450 1052 ne

63 1077 202 1122 viator
218 1077 400 1123 tendens
422 1078 477 1122 ad
495 1079 677 1138 patriam
695 1114 706 1134 ,
731 1078 953 1123 stabulum
971 1087 1085 1122 amet
1105 1094 1184 1138 pro
1206 1077 1337 1122 domo
1354 1094 1445 1122 sua.

67 1167 90 1191 «
124 1149 381 1193 Universum
403 1158 585 1194 stratum
602 1151 692 1210 ejus
713 1150 877 1194 vertisti
899 1150 944 1193 in
967 1149 1216 1194 infirmitate
1238 1149 1343 1209 ejus.
1367 1167 1387 1189 »

122 1220 199 1262 VI.
226 1218 308 1264 Sed
322 1235 456 1279 quare
471 1219 579 1264 ista?
597 1238 616 1261 «
632 1220 742 1273 Quia
755 1218 947 1278 flagellat
961 1234 1135 1263 omnem
1158 1217 1297 1262 filium
1318 1234 1450 1278 quem

66 1305 87 1330 »
122 1288 317 1347 recipit1.
347 1307 368 1330 »
399 1291 541 1342 Quare
572 1289 680 1334 ista?
711 1290 822 1343 Quia
854 1288 1052 1348 peccanti
1079 1288 1246 1332 homini
1283 1287 1450 1332 dietum

62 1367 156 1402 est:
187 1377 207 1400 «
227 1361 280 1402 In
305 1358 455 1404 labore
486 1359 633 1404 vultus
661 1359 725 1403 tui
757 1358 856 1403 edes
891 1374 1050 1418 panem
1079 1361 1248 1402 tuum2.
1278 1376 1298 1400 »
1333 1355 1450 1417 Ergo

62 1429 164 1489 quia
186 1430 478 1489 correptiones
495 1430 617 1486 istas,
636 1430 683 1474 in
699 1430 860 1491 quibus
880 1430 1132 1475 universum
1152 1438 1337 1473 stratum
1354 1444 1451 1474 nos-

62 1507 180 1543 trum
199 1500 383 1563 vertitur
403 1500 449 1545 in
464 1500 717 1546 infirmitate
738 1509 900 1556 nostra,
922 1514 1154 1559 agnoscere
1169 1498 1301 1546 debet
1317 1499 1450 1544 homo

61 1578 240 1628 propter
259 1580 436 1629 peccata
470 1585 514 1614 se
547 1570 636 1630 pati
657 1589 666 1615 :
700 1578 925 1615 convertat
946 1585 1012 1624 se,
1037 1578 1080 1612 et
1101 1568 1218 1613 dicat
1239 1568 1360 1629 quod
1380 1584 1450 1612 se-

61 1640 210 1700 quitur
231 1659 239 1685 :
260 1659 280 1684 «
300 1643 394 1700 Ego
417 1635 524 1685 dixi':
553 1641 758 1696 Domine,
783 1641 984 1685 miserere
1007 1640 1109 1692 mei,
1135 1656 1237 1684 sana
1259 1640 1450 1684 animam

62 1727 84 1751 »
120 1725 259 1754 meam
274 1745 285 1765 ,
310 1711 516 1770 quoniam
540 1710 714 1770 peccavi
737 1710 863 1754 tibiss.
893 1728 914 1751 »
939 1711 976 1753 O
993 1710 1177 1754 Domine
1192 1745 1202 1764 ‚
1232 1710 1277 1754 in
1307 1710 1450 1754 tribu-

59 1777 295 1831 lationibus
311 1795 381 1824 me
397 1795 573 1825 exerce:
595 1779 904 1838 flagellandum
920 1778 1090 1839 judicas
1113 1794 1285 1824 omnem
1311 1779 1451 1824 filium

61 1864 193 1910 quem
214 1859 465 1909 recepturus
493 1866 537 1895 es
554 1885 565 1906 ,
598 1851 673 1911 qui
696 1866 777 1895 nec
812 1850 948 1895 Unico
972 1850 1218 1910 pepercisti.
1247 1849 1326 1894 Ille
1348 1850 1450 1910 qui-

60 1918 162 1964 dem
183 1920 273 1971 sine
293 1929 472 1979 peccato
493 1919 735 1978 flagellatus
747 1930 809 1965 est
828 1939 837 1965 ;
857 1935 937 1978 ego
954 1929 1101 1964 autem
1126 1919 1248 1965 dico:
1281 1939 1302 1962 «
1324 1921 1452 1965 Mise-

63 2006 85 2042 p)
121 2005 213 2034 rere
234 1990 345 2045 mei,
371 2006 472 2035 sana
494 1990 683 2034 animam
704 2006 867 2046 meam,
889 1990 1097 2050 quoniam
1114 1990 1290 2053 peccavi
1307 1990 1403 2034 tibi.
1426 2009 1446 2033 »

62 2059 106 2105 Si
127 2069 292 2104 secatus
315 2069 379 2104 est
397 2061 474 2119 qui
493 2059 772 2119 putredinem
804 2076 895 2105 non
916 2060 1136 2116 habebat,
1168 2061 1203 2104 si
1229 2059 1449 2104 medicina

60 2129 152 2189 ipsa
172 2138 320 2174 nostra
340 2129 487 2188 ignem
510 2128 812 2174 medicinalem
837 2146 926 2174 non
953 2131 1118 2190 respuit
1139 2151 1150 2188 3
1174 2130 1452 2190 impatienter

61 2198 175 2244 serre
203 2198 414 2247 debemus
449 2208 648 2244 urentem
680 2199 896 2244 medicum
927 2210 971 2244 et
1003 2209 1245 2256 secantem,
1279 2199 1325 2244 id
1358 2209 1448 2255 est,

61 2269 265 2314 omnibus
297 2269 650 2314 tribulationibus
685 2286 763 2314 nos
797 2279 1093 2326 exercentem,
1136 2279 1180 2314 et
1212 2285 1235 2313 a
1269 2278 1451 2329 peccato

61 2341 310 2385 sanantem?
337 2339 469 2384 Plane
499 2340 822 2384 committamus
851 2356 930 2385 nos
964 2340 1122 2384 medici
1152 2339 1332 2400 manui:
1361 2355 1452 2390 non

61 2409 177 2454 enim
200 2419 329 2466 errat,
346 2420 396 2454 ut
412 2425 566 2454 sanum
587 2425 667 2470 pro
683 2409 803 2470 putri
818 2419 935 2454 secet
952 2429 960 2454 ε
978 2409 1100 2454 novit
1121 2408 1240 2469 quod
1258 2409 1447 2468 inspicit,

61 2480 184 2540 novit
202 2480 372 2536 vitium,
389 2480 491 2541 quia
512 2480 603 2540 ipse
625 2479 728 2534 fecit
746 2489 972 2538 naturam,
989 2478 1096 2540 quid
1117 2479 1208 2539 ipse
1229 2479 1445 2536 condidit,

112 2570 120 2587 ¹
139 2563 237 2596 Hebr.
255 2574 312 2604 ιιι,
328 2562 363 2597 6,
384 2580 425 2586 -
446 2571 458 2586 ²
475 2564 558 2596 Gen.
578 2574 626 2605 111,
648 2575 697 2606 ¹9-
718 2581 758 2587 -
780 2562 794 2587 3
817 2561 897 2596 Psal.
916 2573 969 2604 ιι,
990 2562 1022 2595 5.
