1841 3223
367 205 451 245 262
806 217 839 245 s.
875 216 1105 247 Aucusnm
1137 220 1319 247 Emscom

365 281 563 326 homines
582 280 937 340 reprehendenda
960 298 1049 327 non
1069 283 1304 339 videbant,
1329 299 1409 329 nec
1432 283 1504 329 ille
1525 286 1614 346 ipse
1635 286 1751 331 intus

366 352 441 412 qui
456 351 721 412 judicandus
744 361 807 396 est
824 371 832 397 :
855 356 958 398 Haec
976 354 1131 399 timens
1150 355 1291 398 anima
1307 354 1418 399 forte
1435 356 1748 402 conturbatur:

371 421 608 481 alloquitur
642 438 734 465 eam
757 438 901 480 mens,
936 425 1058 485 quasi
1085 424 1230 470 dicens
1251 444 1259 470 ε
1286 425 1403 480 Quid
1425 427 1549 471 times
1571 427 1625 471 dc
1649 443 1752 487 pec-

365 492 472 536 catis
490 527 500 547 ‚
527 493 627 553 quia
651 508 740 538 non
763 503 884 554 potes
906 496 1050 540 omnia
1073 494 1295 540 devitare?
1321 515 1340 537 «
1369 498 1500 556 Spera
1527 497 1572 541 in
1602 498 1753 542 Domi-

368 580 389 603 »
426 578 549 618 num,
570 564 777 624 quoniam
795 566 1037 610 confitebor
1059 566 1136 610 illi.
1155 584 1174 606 »
1193 565 1401 619 Quasdam
1424 577 1544 612 sanat
1566 584 1754 628 praesens

365 633 591 690 allocutio,
618 635 782 697 reliqua
810 647 968 697 purgat
992 636 1128 681 fidelis
1151 635 1377 681 confessio.
1414 638 1547 683 Plane
1570 639 1695 695 time,
1721 640 1754 683 si

360 706 528 765 justum
546 715 588 750 te
609 706 735 765 dicis3
760 708 794 753 si
815 725 903 753 non
925 708 1059 752 babes
1081 707 1197 752 illam
1219 723 1372 753 vocem
1390 725 1440 753 ex
1458 709 1541 754 alio
1554 710 1724 755 Psalmo
1742 729 1751 755 :

370 795 391 818 «
425 779 488 821 Ne
521 777 653 822 intres
676 778 719 822 in
737 778 951 838 judicium
987 794 1087 822 cum
1118 794 1241 823 servo
1269 788 1360 824 tuo.
1384 798 1404 821 »
1432 782 1575 834 Quare
1594 816 1605 835 ,
1641 799 1661 823 «
1691 783 1755 826 Ne

370 865 390 888 »
426 847 559 892 intres
588 848 633 892 in
663 849 878 908 judicium
907 864 1007 893 eum
1030 864 1153 894 servo
1176 851 1285 894 tuo?
1311 869 1331 892 «
1361 850 1654 895 Misericordia
1682 860 1756 895 tua

369 918 476 961 mihi
498 934 606 977 opus
631 928 708 962 est.
730 921 838 963 Nam
854 918 887 963 si
903 918 1119 979 judicium
1141 919 1387 964 exhibueris
1409 921 1500 964 sine
1521 920 1756 966 misericor-

369 987 467 1042 dia,
502 1005 591 1049 quo
623 989 694 1033 ibo
708 990 725 1030 ⁸?
758 1009 777 1031 «
812 989 854 1034 Si
898 990 1148 1051 iniquitates
1183 990 1502 1046 observaveris,
1542 991 1753 1046 Domine,

372 1077 392 1100 »
430 1060 634 1115 Domine,
671 1061 767 1121 quis
801 1061 1085 1106 sustinebit¹P
1110 1064 1173 1106 Ne
1196 1061 1328 1106 intres
1352 1062 1397 1105 in
1418 1060 1637 1122 judicium
1657 1077 1757 1107 eum

371 1147 392 1171 »
428 1145 550 1174 servo
576 1140 666 1187 tuo,
691 1131 793 1192 quia
816 1147 905 1176 non
923 1131 1234 1193 justificabitur
1250 1132 1295 1176 in
1314 1141 1550 1192 conspectu
1571 1142 1645 1178 tuo
1668 1148 1759 1178 om-

371 1218 393 1242 »
428 1201 494 1244 nis
522 1201 711 1246 vivens².
740 1220 760 1243 »
786 1205 902 1261 Ergo
925 1203 958 1246 si
991 1218 1081 1246 non
1110 1202 1420 1262 justificabitur
1448 1203 1492 1246 in
1521 1212 1759 1264 conspectu

371 1280 448 1316 tuo
469 1272 607 1316 omnis
628 1273 791 1327 vivens,
807 1272 907 1333 quia
924 1273 1192 1333 quicumque
1212 1273 1281 1317 hic
1298 1273 1419 1328 vivit,
1433 1273 1760 1333 quantumlibet

364 1343 481 1403 juste
500 1343 637 1397 vivat,
655 1359 722 1387 vae
743 1342 804 1387 illi
822 1344 856 1387 si
878 1359 978 1387 cum
1000 1342 1075 1388 illo
1093 1344 1136 1386 in
1154 1343 1369 1403 judicium
1386 1343 1610 1388 intraverit
1626 1348 1755 1389 Deus.

369 1416 478 1459 Nam
502 1429 552 1456 ex
578 1413 661 1458 alio
684 1414 900 1473 Propheta
927 1423 1179 1473 arrogantes
1209 1423 1252 1458 et
1277 1414 1486 1473 superbos
1520 1414 1759 1458 identidem

369 1485 429 1528 sic
453 1484 655 1544 objurgat
673 1504 680 1530 :
712 1505 731 1526 «
759 1484 922 1545 thuid
942 1484 1074 1530 vultis
1095 1500 1267 1529 meeum
1285 1485 1451 1545 judicio
1471 1485 1760 1531 contendere?

373 1573 393 1596 η
430 1556 590 1599 Omnes
625 1555 912 1616 dereliquistis
943 1571 1033 1610 me,
1067 1556 1171 1600 dicit
1200 1556 1449 1600 Dominus3.
1485 1575 1505 1598 »
1531 1556 1629 1601 Noli
1661 1571 1762 1615 ergo

369 1626 534 1688 judicio
562 1626 826 1671 contendere
853 1647 861 1671 ;
888 1628 942 1671 da
966 1642 1141 1687 operam
1163 1643 1252 1671 esse
1268 1629 1434 1687 justus3
1458 1637 1501 1672 et
1521 1637 1763 1688 quantum-

373 1713 563 1758 cumque
596 1697 752 1753 fueris,
795 1698 1002 1742 confitere
1035 1706 1077 1741 te
1105 1707 1405 1756 peccatorem3
1442 1714 1611 1758 semper
1641 1714 1764 1758 spera

372 1767 711 1812 misericordiam
733 1787 742 1812 2
760 1777 803 1811 et
824 1767 869 1810 in
890 1767 969 1811 ista
992 1767 1148 1812 humili
1169 1767 1438 1813 confessione
1460 1784 1635 1813 securus
1657 1768 1766 1814 allo-

371 1854 504 1899 quere
522 1839 772 1882 turbantem
796 1847 853 1892 te,
872 1848 914 1881 et
934 1837 1278 1882 tumultuantem
1296 1839 1501 1884 adversus
1517 1849 1559 1884 te
1575 1840 1764 1884 animam

373 1919 510 1953 tuam.
541 1929 559 1951 «
581 1908 747 1968 thuid
782 1909 912 1952 tristis
935 1924 999 1963 es,
1025 1909 1167 1952 anima
1190 1925 1306 1964 mea,
1336 1919 1381 1954 et
1408 1910 1566 1970 utquid
1585 1920 1765 1955 contur-

377 1998 397 2021 »
434 1980 509 2023 bas
533 1982 628 2023 me?
653 1999 672 2019 >›
696 1983 825 2023 Forte
848 1979 892 2022 in
922 1988 964 2023 te
988 1979 1162 2023 volebas
1185 1995 1355 2039 sperare
1375 1996 1383 2022 ε
1415 2000 1433 2023 «
1458 1984 1588 2041 Spera
1612 1982 1656 2025 in
1680 1985 1766 2026 Do-

377 2068 398 2091 »
433 2051 617 2104 minum,
636 2069 655 2090 »
678 2049 766 2093 noli
790 2051 834 2093 in
858 2059 914 2093 te.
939 2048 1056 2103 Quid
1073 2050 1188 2093 enim
1204 2066 1247 2094 cs
1269 2050 1314 2094 in
1337 2053 1409 2095 te?
1431 2051 1538 2112 quid
1561 2068 1603 2096 es
1626 2052 1765 2097 dete?

376 2120 455 2165 llle
490 2121 544 2164 sit
575 2120 733 2164 sanitas
772 2121 816 2163 in
847 2129 915 2174 te,
954 2121 1029 2179 qiu
1068 2122 1256 2180 suscepit
1287 2121 1467 2166 vulnera
1496 2132 1672 2182 propter
1703 2132 1760 2166 te.

380 2211 400 2234 «
438 2194 591 2251 Spera,
620 2192 777 2251 inquit,
804 2192 845 2234 in
866 2191 1125 2247 Dominum,
1148 2193 1352 2252 quoniam
1377 2193 1621 2238 confitebor
1638 2192 1716 2237 illi.
1740 2211 1762 2234 »

376 2262 493 2316 Quid
511 2261 573 2305 illi
592 2262 892 2306 confiteberis?
910 2281 928 2302 a
946 2262 1140 2306 Salutare
1162 2262 1308 2306 vultus
1331 2264 1431 2318 mei,
1454 2267 1567 2307 Deus
1583 2279 1721 2308 meus.
1741 2281 1761 2304 »

379 2338 443 2377 Tu
467 2349 509 2378 es
530 2333 714 2377 salutare
737 2333 883 2377 vultus
905 2334 1011 2388 mei,
1039 2343 1085 2377 tu
1109 2334 1277 2377 sanabis
1300 2350 1383 2378 me.
1409 2338 1540 2393 AEger
1563 2334 1616 2379 ad
1634 2345 1675 2379 te
1697 2335 1765 2380 lo-

376 2420 488 2464 quor
509 2424 516 2447 :
544 2421 730 2462 agnosco
755 2403 993 2458 medicum,
1020 2420 1107 2447 non
1131 2420 1199 2447 me
1218 2405 1335 2464 jacto
1352 2421 1520 2449 sanum.
1544 2406 1662 2459 Quid
1676 2415 1762 2462 est,

376 2489 563 2532 agnosco
586 2474 827 2529 medicum,
859 2490 948 2518 non
982 2488 1049 2518 me
1076 2475 1193 2534 J‘acto
1225 2476 1407 2518 sanum?
1439 2475 1568 2529 Quod
1599 2476 1643 2520 in
1678 2475 1762 2520 alio

425 2566 432 2582 ¹
457 2560 536 2591 Psal.
557 2571 662 2600 cxxix,
685 2561 714 2592 3.
739 2577 775 2580 —
797 2568 809 2582 ²
835 2562 879 2592 ld.
900 2572 992 2602 cun,
1013 2569 1043 2593 2.
1066 2577 1105 2582 ——
1131 2560 1144 2584 ³
1163 2564 1281 2593 Jerem.
1309 2573 1355 2603 xi,
1373 2571 1426 2603 29.
