1841 3223
369 163 450 199 528
802 169 835 198 S.
872 169 1103 198 AUGUSTINI
1138 172 1319 198 muscom

368 257 387 278 »
422 253 541 291 vero,
556 236 714 295 inquit,
730 236 862 280 homo
879 236 1112 291 unanimis,
1127 237 1216 280 dux
1233 252 1353 280 meus
1367 245 1409 280 et
1422 244 1550 280 notus
1569 240 1705 280 meus¹
1717 272 1724 280 .
1736 255 1755 277 »

364 311 495 352 Forte
513 307 749 368 aliquando
769 308 934 352 bonum
950 307 1180 352 consilium
1199 307 1371 362 dedisti,
1389 306 1499 352 sorte
1522 308 1760 368 aliquando

364 378 617 438 praecessisti
638 394 731 434 1110,
769 387 813 422 01
843 378 1016 423 salubre
1041 378 1209 438 aliquid
1236 379 1440 423 monuisti
1469 397 1477 422 :
1502 379 1548 422 in
1569 377 1761 422 Ecclesia

363 450 443 495 Dei
465 449 594 494 simul
616 448 795 494 fuimus.
825 469 845 492 «
873 453 938 494 Tu
961 466 1064 495 vcro
1088 451 1220 494 homo
1252 450 1492 504 unanimis⁷
1526 448 1615 493 dux
1640 464 1762 493 meus
1784 494 1790 498 ,

364 539 385 562 »
421 531 464 566 ct
486 531 615 567 notus
644 538 794 566 meus:
835 522 911 582 qui
945 521 1075 566 simul
1107 536 1281 565 1110011111
1304 520 1451 565 dulces
1477 520 1676 580 capiebas
1698 520 1762 565 ci-

365 610 385 633 »
422 592 542 637 11052.
572 611 592 634 »
619 592 700 645 Qui
732 601 836 637 sunt
868 591 1019 637 dulces
1052 592 1162 636 cibi?
1191 594 1290 638 Non
1313 606 1462 636 omnes
1498 590 1574 650 qui
1603 590 1764 635 adsunt

364 672 582 708 noverunt
609 679 617 704 ε
649 662 724 708 sed
758 679 848 708 non
877 663 1114 707 amaricent
1141 662 1218 722 qui
1250 670 1491 716 noverunt,
1520 670 1570 705 ut
1598 661 1764 723 possint

364 734 448 780 illis
472 735 548 796 qui
572 736 715 779 adhuc
734 751 823 780 non
841 743 1061 779 noverunt
1079 733 1251 778 dicere:
1271 753 1288 775 «
1307 734 1488 778 Gustate
1504 768 1515 788 ,
1539 742 1582 777 01
1599 732 1760 789 videte,

367 824 388 847 »
424 806 633 866 quoniam
651 804 790 849 dulcis
813 814 878 849 051
901 804 1153 849 1)01111111153.
1185 823 1205 846 «
1225 803 1311 857 Qui
1333 803 1461 847 simul
1483 818 1656 848 mecum
1670 802 1764 848 dul-

368 895 388 918 »
426 892 494 921 ces
513 876 715 936 capiebas
732 875 868 920 cibos.
885 878 936 919 In
954 874 1084 919 domo
1099 874 1175 919 Dei
1192 873 1512 918 ambulavimus
1534 889 1632 918 cum
1656 889 1764 918 con-

369 967 389 989 »
425 964 569 992 sensu.
592 965 612 988 »
637 947 762 992 Unde
780 962 882 1005 ergo
897 946 1130 991 dissensio?
1148 946 1234 999 Qui
1246 946 1363 989 intus
1380 954 1487 1000 erat,
1508 944 1609 989 foris
1624 944 1765 990 sactus

366 1028 444 1063 051.
467 1018 722 1063 Ambulavit
742 1033 917 1062 mecum
937 1018 984 1061 111
1000 1017 1132 1062 domo
1151 1016 1229 1060 Dei
1251 1031 1352 1060 cum
1375 1031 1612 1060 consensu:
1635 1014 1765 1059 aliam

367 1091 550 1135 domum
572 1090 706 1134 erexit
735 1098 887 1133 contra
909 1089 1092 1133 domum
1118 1087 1211 1132 Dei.
1238 1090 1381 1140 Quare
1405 1086 1477 1130 illa
1506 1086 1654 1130 relicta
1676 1096 1762 1142 051,

367 1161 446 1204 ubi
474 1159 795 1205 ambulavimus
825 1175 926 1204 cum
955 1160 1200 1204 consensu?
1222 1172 1357 1218 quare
1382 1156 1457 1201 illa
1478 1155 1647 1201 deserta
1673 1165 1762 1213 051,

367 1231 446 1276 ubi
468 1229 617 1275 dulces
638 1230 768 1275 simul
789 1230 1067 1290 capiebamus
1086 1229 1236 1274 cibos?

426 1304 548 1345 XVI.
578 1321 599 1344 «
624 1301 782 1346 Veniat
804 1317 918 1345 mors
943 1316 1072 1360 super
1094 1316 1166 1344 eos
1181 1334 1192 1355 ,
1218 1308 1262 1342 01
1279 1297 1549 1342 descendant
1566 1296 1621 1342 ad
1638 1296 1769 1342 infer-

371 1391 392 1413 »
427 1388 536 1416 num
563 1373 757 1418 viventes
777 1373 808 1415 ⁴.
840 1390 860 1413 1)
887 1371 1119 1426 Quomodo
1144 1369 1367 1429 replicavit
1395 1378 1437 1412 et
1468 1367 1658 1414 recolere
1690 1384 1769 1413 nos

368 1444 474 1489 fecit
508 1445 698 1504 primum
735 1444 845 1489 illud
888 1444 1126 1489 schismatis
1159 1442 1359 1496 initium,
1395 1440 1574 1502 quando
1614 1440 1660 1484 in
1692 1440 1769 1486 illo

370 1517 511 1577 primo
529 1515 694 1576 populo
717 1519 739 1559 J
746 1514 973 1559 udaeorum
988 1515 1169 1575 quidam
1190 1513 1369 1573 superbi
1384 1529 1428 1557 se
1442 1522 1766 1573 separaverunt,

371 1598 415 1632 01
430 1597 550 1632 extra
569 1587 809 1631 sacrificare
830 1585 1099 1631 voluerunt?
1115 1588 1236 1630 Nova
1259 1600 1373 1629 mors
1391 1600 1520 1644 super
1538 1600 1609 1629 eos
1626 1584 1766 1629 venit:

371 1658 544 1718 aperuit
565 1673 609 1701 se
640 1666 778 1712 terra,
811 1666 854 1701 et
887 1657 1007 1701 vivos
1042 1655 1311 1701 absorbuit5.
1342 1674 1362 1698 «
1387 1655 1570 1710 Veniat,
1602 1655 1768 1715 inquit,

373 1747 393 1769 »
431 1744 546 1772 mors
566 1743 696 1788 super
713 1743 807 1782 eos,
834 1736 878 1771 et
895 1720 1162 1771 descendant
1189 1725 1482 1770 adinfernum
1495 1726 1725 1771 viventesss.
1748 1743 1767 1765 »

373 1798 488 1852 Quid
510 1808 595 1853 051,
631 1818 651 1841 (1
676 1798 910 1842 Viventes?
929 1817 948 1840 »
980 1799 1170 1844 Scientcs
1199 1798 1300 1858 quia
1324 1806 1533 1856 pereunt,
1561 1806 1604 1839 et
1626 1804 1773 1839 tamen

371 1879 620 1930 pereuntes.
647 1869 764 1913 Audi
785 1869 980 1914 viventes
1006 1869 1145 1927 perire
1168 1878 1211 1910 et
1233 1866 1455 1910 absorberi
1478 1866 1603 1909 hiatu
1621 1874 1746 1909 terrae
1760 1900 1771 1920 ,

372 1939 417 1983 id
450 1949 537 1994 est,
580 1939 862 1983 devoratione
895 1946 1163 1980 terrenarum
1204 1934 1497 1994 cupiditatum
1533 1935 1769 1979 absorberi.

373 2010 486 2052 Dicis
510 2007 700 2052 homini:
722 2006 839 2060 Quid
860 2006 1040 2066 pateris,
1066 2006 1228 2050 frater?
1251 2009 1422 2050 Fratres
1445 2021 1609 2062 sumus,
1633 2021 1773 2049 unum

374 2082 514 2123 Deum
539 2078 794 2122 invocamus
814 2112 824 2132 ‚
855 2077 900 2120 in
932 2093 1070 2121 unum
1100 2077 1323 2122 Christum
1356 2069 1595 2132 credimus,
1634 2092 1773 2120 unum

372 2148 662 2208 Evangelium
685 2147 886 2192 audimus
903 2183 913 2203 ,
941 2163 1079 2191 111111111
1110 2148 1331 2192 Psalmum
1356 2157 1603 2203 cantamus,
1634 2161 1773 2190 unum

373 2224 515 2265 Amen
549 2218 887 2279 respondemus,
925 2234 1064 2263 unum
1097 2218 1284 2263 Alleluia
1319 2234 1596 2274 resonamus,
1633 2234 1774 2262 unum

376 2291 541 2335 Pascha
574 2290 875 2335 celebramus:
903 2289 1012 2351 quid
1037 2299 1085 2334 tu
1119 2288 1222 2334 foris
1255 2305 1297 2334 es
1326 2299 1370 2334 et
1399 2306 1479 2349 ego
1509 2289 1627 2333 intus
1649 2290 1774 2333 sum‘?

375 2361 641 2423 Plerumque
659 2371 913 2420 angustatus
926 2370 970 2406 et
986 2359 1263 2405 considerans
1276 2376 1409 2422 quam
1425 2376 1525 2405 vera
1542 2359 1770 2404 dicantur:

424 2465 432 2481 ¹
465 2458 544 2491 Psal.
576 2470 624 2491 1.1v
639 2484 647 2500 ,
671 2457 721 2501 14.
743 2475 784 2481 --
801 2458 912 2490 21bid.
942 2457 992 2490 15.
1014 2475 1055 2480 —
1073 2456 1086 2480 3
1110 2459 1157 2490 Id.
1179 2469 1291 2500 xxxnt,
1316 2469 1349 2500 9.
1377 2474 1412 2480 -
1431 2455 1446 2487 4
1468 2458 1503 2489 111
1517 2457 1711 2490 Donatistas.
1733 2473 1774 2480 —

379 2507 394 2532 ⁵
411 2514 490 2547 Psal.
512 2525 579 2557 mv,
602 2513 654 2547 16.
678 2531 719 2537 —-
734 2513 749 2538 6
772 2517 864 2547 Num.
885 2525 950 2557 xvi,
970 2514 1056 2546 1-33.
