1841 3223
396 254 639 289 ENARRATIO
671 259 716 286 m
748 254 952 286 PsALMUM
984 259 1041 286 L1.
1342 246 1426 289 475

48 339 70 363 u
104 320 289 365 obscuro
305 319 425 375 1060,
451 320 590 366 donec
613 322 703 366 dies
722 322 931 377 lucescat,
960 331 1003 366 et
1023 320 1178 366 lucifer
1199 322 1362 368 oriatur
1383 323 1446 372 in>

48 410 68 443 1)
104 390 309 435 cordibus
331 391 482 435 vestris
496 393 526 434 1.
559 409 577 432 »
600 391 806 445 Quandiu
828 407 928 450 ergo
951 393 1006 437 ad
1028 392 1252 437 lucernam
1274 394 1430 437 ambu-

44 461 209 515 lamuS‚
242 475 415 512 neccsse
439 469 502 504 est
528 470 578 505 ut
606 477 706 506 cum
735 462 889 505 timore
910 463 1120 508 vivamus.
1147 465 1260 508 Cum
1282 473 1429 511 autem

44 531 211 581 venerit
237 529 327 583 dies
361 539 522 586 noster,
555 530 600 575 id
621 541 706 586 est,
732 529 1020 576 manifestatio
1043 533 1227 588 Christi,
1261 532 1316 577 de
1341 550 1430 595 qua

43 600 160 649 idem
177 600 282 652 dicit
303 601 536 660 Apostolus
557 621 565 646 :
591 604 737 651 «Cum
751 602 948 646 Christus
971 604 1218 662 apparuerit
1240 603 1326 647 vita
1342 619 1431 649 ves-

47 691 67 713 »
104 682 168 717 tra
184 708 195 727 ‚
220 681 325 716 ωηο
343 681 387 716 et
407 674 483 716 veis
501 673 761 732 apparebitis
779 689 877 718 cum
897 674 990 733 ipso
1012 674 1056 718 in
1072 673 1231 731 gloria‘2
1254 693 1297 719 ι»
1324 684 1430 721 ωηο

40 744 146 804 justi
163 742 371 791 ridebunt
391 743 521 787 istum
542 744 702 788 Do'ech.
725 746 820 789 Non
836 753 898 788 est
916 744 1031 787 enim
1040 746 1129 805 jam
1148 744 1432 790 subveniendi

43 816 164 865 locus
192 836 201 860 :
232 832 321 861 non
346 816 567 876 quomodo
592 833 710 862 nunc
727 852 737 871 ‚
775 816 952 877 quando
974 816 1093 863 vides
1116 817 1338 861 hominem
1368 818 1434 862 in-

39 888 155 948 juste
175 886 417 942 viventem,
445 887 509 931 vis
541 902 641 931 cum
675 886 750 933 illo
783 887 980 933 laborare
1014 896 1063 931 ut
1086 887 1304 946 corrigas;
1326 888 1430 947 quia

45 958 121 1018 qui
143 957 330 1017 injustus
354 967 438 1011 est,
470 973 702 1003 conversus
723 958 883 1017 poterit
897 958 1040 1017 justus
1063 973 1152 1001 esse
1168 993 1179 1012 ,
1207 956 1431 1017 quomodo

45 1029 235 1088 etjustus
253 1043 424 1073 aversus
441 1037 585 1086 potest
601 1028 783 1087 injustus
801 1043 905 1071 esse.
924 1031 1076 1086 Itaque
1094 1043 1173 1071 nec
1191 1026 1245 1072 de
1265 1037 1305 1071 te
1323 1043 1430 1091 prae-

44 1114 186 1145 sumas
205 1133 217 1154 ‚
245 1113 325 1143 nec
353 1098 408 1142 de
429 1097 505 1143 illo
531 1097 753 1158 desperes3
778 1108 820 1142 ct
841 1098 896 1142 da
918 1114 1093 1157 operam
1116 1107 1330 1158 quantum
1349 1114 1432 1158 po-

43 1178 132 1225 tes,
164 1169 197 1212 si
225 1168 440 1228 benignus
467 1184 531 1223 es,
568 1169 600 1213 si
624 1184 713 1212 non
735 1167 875 1227 diligis
898 1168 1106 1213 malitiam
1130 1184 1259 1228 super
1277 1168 1432 1227 benig-

43 1232 239 1293 nitatem,
257 1249 307 1289 ut
319 1238 618 1284 ambulantem
641 1239 859 1282 hominem
884 1238 928 1282 in
950 1238 1017 1282 via
1035 1238 1144 1282 mala
1159 1248 1201 1282 et
1215 1247 1430 1285 errantem

43 1310 229 1368 corrigas
261 1309 316 1354 ad
333 1306 451 1354 'viam
475 1309 652 1353 bonam.
681 1311 802 1352 Tunc
833 1324 935 1352 vero
964 1324 1061 1352 cum
1090 1308 1258 1352 venerit
1278 1308 1433 1369 judicii

43 1371 213 1443 tempus
233 1417 244 1435 ‚
269 1381 546 1426 correctionis
572 1380 693 1424 locus
715 1396 804 1424 non
827 1381 932 1435 erit,
959 1381 1034 1424 sed
1058 1390 1229 1425 tantum
1247 1381 1432 1427 damna-

42 1453 170 1497 tionis
196 1472 205 1497 :
234 1461 277 1496 et
298 1452 379 1496 erit
399 1450 729 1510 ibipoenitentia
744 1486 754 1505 ,
783 1449 857 1494 sed
877 1450 1167 1506 infructuosa,
1194 1451 1296 1511 quia
1320 1466 1428 1495 sera.

42 1524 116 1567 Vis
137 1532 188 1568 ut
203 1523 257 1567 sit
279 1521 531 1567 fructuosa?
553 1537 641 1565 non
670 1521 724 1564 sit
745 1536 851 1564 sera.
881 1521 1020 1565 Hodie
1044 1531 1086 1565 te
1113 1523 1292 1579 corrige.
1317 1525 1432 1566 Reus

43 1609 108 1648 es,
143 1593 217 1637 ille
235 1593 371 1654 judex
391 1601 454 1636 est
472 1612 488 1651 ⁴:
514 1591 679 1650 corrige
702 1601 867 1636 reatum
882 1627 892 1645 ,
925 1601 968 1635 et
995 1592 1203 1651 gaudebis
1237 1591 1290 1636 ad
1308 1591 1432 1653 judi-

43 1678 153 1719 cem.
181 1663 321 1708 Hodie
344 1662 458 1709 enim
482 1662 682 1729 hortatur
700 1671 764 1715 te,
786 1678 839 1704 ne
852 1661 1020 1721 judicet
1041 1671 1083 1705 te
1102 1683 1112 1719 3
1137 1672 1180 1707 et
1200 1663 1277 1723 qui
1296 1662 1431 1723 judex

42 1743 144 1789 tuus
167 1732 340 1778 futurus
353 1743 431 1787 est,
447 1733 538 1791 ipse
549 1731 755 1776 esthodie
768 1731 1003 1777 advocatus
1022 1741 1136 1775 tuus.
1161 1725 1283 1777 Tunc
1306 1748 1429 1791 ergo,

44 1802 195 1854 fratres
211 1838 222 1858 ,
248 1812 379 1849 restat
401 1801 570 1849 ridendi
593 1810 779 1860 tempus.
806 1803 913 1845 Nam
936 1801 1070 1860 ipsam
1093 1802 1333 1848 irrisionem
1354 1803 1432 1847 ini-

44 1889 232 1934 quorum
268 1889 367 1933 quae
396 1871 543 1920 futura
576 1881 640 1915 est
661 1871 785 1931 justis
804 1907 814 1926 ,
849 1871 1105 1929 significavit
1134 1871 1246 1915 liber
1266 1871 1339 1916 ille
1362 1874 1433 1921 Sa-

43 1944 234 2004 pientiae.
266 1946 315 1987 In
339 1943 424 1996 suis
447 1942 562 1986 enim
580 1977 591 1996 ,
622 1941 667 1984 in
689 1957 876 2001 quorum
896 1941 1058 1985 animas
1077 1941 1281 1989 transfert
1297 1958 1340 1986 56
1362 1958 1431 1986 sa-

44 2008 228 2076 pientia,
264 2011 432 2065 factura
467 2021 530 2055 est
567 2010 686 2072 quod
721 2010 826 2054 dixit
865 2031 872 2055 :
901 2030 919 2052 α
938 2012 1225 2071 Increpabam
1241 2048 1251 2067 ,
1278 2022 1321 2056 et
1343 2028 1433 2060 non

48 2104 68 2127 »
105 2083 399 2133 exaudiebatis
417 2105 428 2142 ς,
452 2083 680 2144 loquebar,
701 2092 743 2126 et
764 2083 869 2127 meis
893 2083 1162 2127 sermonibus
1179 2100 1269 2136 non
1285 2084 1433 2128 inten-

49 2173 69 2206 η
105 2154 273 2210 debatis
295 2190 305 2209 ,
334 2164 377 2203 et
399 2170 479 2213 ego
501 2163 653 2198 vestrae
678 2153 911 2212 perditioni
933 2153 1253 2212 superridebo?
1285 2173 1304 2195 n
1339 2157 1432 2203 Hoc

46 2225 238 2270 fiettunc
256 2241 278 2269 a
290 2225 416 2285 justis
431 2224 476 2267 in
491 2224 622 2271 istum
640 2225 803 2268 Doecb.
827 2222 960 2267 Modo
981 2233 1126 2267 autem
1144 2223 1367 2272 videamus
1390 2233 1434 2273 et

46 2295 296 2350 timeamus,
322 2311 376 2338 ne
400 2295 484 2339 hoc
501 2294 632 2345 simus
649 2294 769 2354 quod
792 2294 835 2343 in
854 2309 953 2337 eum
973 2293 1156 2337 dicimus
1188 2313 1196 2338 :
1223 2304 1265 2338 et
1287 2295 1319 2338 si
1348 2295 1432 2341 hoc

47 2381 215 2416 eramus
233 2400 244 2421 ‚
266 2367 350 2414 hoc
378 2381 468 2412 esse
495 2365 768 2419 desinamus,
799 2374 848 2408 ut
870 2363 1001 2408 modo
1028 2364 1256 2421 timentes,
1283 2374 1430 2425 postca

47 2432 281 2491 rideamus.

105 2509 224 2555 XIV.
260 2507 374 2560 Quid
395 2515 540 2555 autem
563 2515 668 2551 ωηο
696 2506 842 2550 dicent
874 2506 951 2565 qui
978 2504 1211 2553 ridebunt?
1239 2508 1332 2555 «Et
1359 2522 1430 2552 su-

97 2598 141 2623 12
159 2593 244 2623 Petr.
261 2603 286 2632 1,
305 2602 354 2633 ¹9·
375 2607 417 2614 --
433 2598 445 2613 ²
464 2591 584 2624 Coloss.
606 2602 656 2632 111,
676 2590 706 2632 4.
728 2607 769 2613 --
792 2588 805 2612 3
824 2591 913 2622 prov.
936 2601 960 2629 1,
980 2588 1093 2633 24-26.
