1841 3223
409 287 651 316 ENARRATIO
682 289 728 315 m
759 287 960 315 PsALMUM
992 286 1117 313 xxxv,
1390 272 1440 311 41

69 372 90 394 »
126 352 331 413 ruptibile
357 354 440 397 hoe
460 352 652 396 induerit
672 353 1042 412 incorruptionem
1060 387 1070 407 ,
1100 360 1143 395 et
1163 349 1346 394 mortale
1365 350 1447 394 hoe

69 441 89 464 »
125 424 314 468 induerit
351 423 719 468 immortalitatem
735 425 764 465 1.
800 442 819 463 )›
855 427 1100 483 Antequam
1133 423 1216 466 hoc
1250 421 1352 474 fiat,
1387 430 1450 465 est

66 494 296 539 delectatio
313 494 551 554 iniquitatis
571 494 616 540 in
637 509 841 553 corpore,
867 493 942 537 sed
972 496 1107 553 major
1129 502 1190 536 est
1218 492 1448 536 delectatio

65 564 300 624 voluptatis
321 564 441 608 verbi
463 564 708 624 sapientiae,
729 565 935 623 praecepti
957 565 1047 607 Dei.
1068 564 1203 607 Vince
1221 572 1450 623 peceatum

66 644 109 678 et
131 634 401 679 voluntatem
430 635 535 694 ejus.
562 638 794 678 Peccatum
827 643 869 678 et
899 634 1174 694 iniquitatem
1207 634 1346 678 oderis
1364 669 1374 687 ,
1399 643 1450 677 ut

61 705 218 765 jungas
247 714 290 748 te
326 708 415 749 Deo
448 704 522 764 qui
550 704 692 748 tecum
728 703 840 747 illud
873 704 1026 748 oderit.
1067 707 1163 748 Jam
1191 705 1450 763 conjunctus

66 785 211 819 mente
231 774 316 833 legi
330 776 422 830 Dei,
442 784 588 819 mente
607 775 736 819 servis
753 774 838 833 legi
852 776 942 819 Dei.
961 775 1061 818 Etsi
1077 790 1205 818 carne
1222 783 1451 834 propterea

66 846 195 890 servis
215 845 301 904 legi
322 846 529 905 peecati2‚
554 846 655 905 quia
672 855 774 889 sunt
794 846 840 889 in
862 855 903 889 te
921 845 1227 890 delectationes
1249 844 1450 906 quaedam

66 915 258 960 carnales
285 935 294 960 :
331 925 436 960 tunc
465 915 599 959 nullae
628 926 756 960 erunt
777 915 954 976 quando
984 918 1071 976 jam
1100 933 1190 961 non
1220 915 1448 976 pugnabis.

65 986 199 1031 Aliud
222 995 286 1031 est
305 1002 395 1030 non
418 1002 633 1046 pugnare,
661 998 704 1030 et
727 1003 815 1031 esse
838 988 883 1031 in
904 1003 1006 1046 pace
1029 1003 1127 1033 vera
1146 997 1276 1048 atque
1297 1001 1454 1047 perpe-

66 1066 169 1115 tua,
200 1056 319 1101 aliud
349 1071 544 1116 pugnare
572 1066 615 1101 et
647 1057 844 1115 vincere,
874 1050 993 1102 aliud
1027 1074 1222 1119 pugnare
1245 1068 1288 1102 et
1310 1058 1451 1115 vinci,

66 1127 186 1172 aliud
206 1143 286 1172 nee
307 1143 525 1187 pugnare,
547 1127 623 1171 sed
636 1128 764 1171 trahi.
794 1131 904 1173 Sunt
919 1129 1035 1172 enim
1056 1130 1254 1174 homines
1275 1130 1452 1188 prorsus

66 1199 143 1258 qui
172 1214 261 1242 non
290 1208 513 1257 pugnant,
545 1198 684 1259 qualis
717 1207 781 1242 est
808 1199 886 1242 iste
908 1198 963 1242 de
986 1215 1074 1259 quo
1102 1199 1313 1260 loquitur.
1340 1202 1453 1244 Cum

67 1269 182 1312 enim
218 1268 323 1312 dicit
347 1285 356 1310 :
392 1287 412 1311 ‹<
438 1268 649 1314 Malitiam
684 1285 774 1313 non
809 1269 908 1313 odio
943 1269 1099 1314 habuit
1135 1290 1144 1315 ε
1179 1289 1199 1311 »
1231 1269 1455 1330 quomodo

65 1348 231 1398 pugnat
252 1348 403 1383 contra
424 1354 518 1383 eam
530 1355 662 1400 quam
680 1356 769 1384 non
786 1339 907 1384 odit?
923 1343 1006 1384 Iste
1024 1357 1046 1385 a
1061 1340 1225 1385 malitia
1247 1341 1451 1395 trahitur,

65 1423 146 1453 nec
170 1418 351 1468 pugnat.
375 1411 486 1453 Sunt
507 1419 652 1453 autem
676 1410 750 1470 qui
774 1426 970 1469 pugnare
989 1411 1229 1470 incipiunt,
1254 1410 1329 1455 sed
1352 1412 1455 1471 quia

65 1478 299 1523 deviribus
316 1479 402 1523 suis
423 1490 710 1539 praesumunt,
732 1490 782 1524 ut
799 1482 998 1525 ostendat
1016 1480 1099 1525 illis
1115 1484 1229 1526 Deus
1246 1482 1347 1542 quia
1366 1482 1456 1541 ipse

65 1550 221 1606 vincit,
247 1551 281 1594 si
302 1566 346 1594 se
368 1552 502 1596 homo
529 1552 758 1611 subjungit
780 1555 870 1596 Deo
886 1588 897 1606 ,
933 1561 977 1596 et
998 1562 1243 1611 pugnantes
1265 1553 1454 1596 vineun-

66 1630 153 1676 tur,
174 1630 218 1665 et
233 1637 334 1665 cum
353 1622 475 1682 quasi
491 1622 704 1681 coeperint
717 1631 864 1666 tenere
880 1622 1107 1682 justitiam,
1124 1623 1238 1666 fiunt
1258 1623 1452 1682 superbi,

65 1699 109 1734 et
130 1689 366 1735 eliduntur.
393 1692 468 1735 Isti
491 1701 704 1751 pugnant,
730 1691 805 1736 sed
822 1693 1073 1736 vincuntur.
1100 1693 1205 1746 Quis
1229 1703 1292 1737 est
1308 1703 1456 1737 autem

65 1761 142 1821 qui
163 1770 356 1820 pugnat,
392 1770 436 1805 et
467 1777 557 1806 non
587 1762 800 1806 vincitur?
821 1763 907 1815 Qui
940 1761 1076 1807 dicit:
1104 1783 1123 1804 «
1156 1763 1295 1807 Video
1329 1763 1456 1806 aliam

67 1850 88 1873 »
122 1831 262 1891 legem
280 1833 326 1876 in
340 1832 546 1876 membris
563 1833 668 1877 meis
682 1843 999 1893 repugnantem
1014 1834 1100 1893 legi
1117 1835 1274 1879 mentis
1292 1850 1416 1878 meae.
1431 1852 1452 1876 »

65 1902 176 1948 Vide
198 1912 467 1962 pugnantem
489 1923 498 1947 ε
522 1903 598 1947 sed
619 1920 709 1948 non
731 1904 785 1948 de
806 1905 971 1949 viribus
992 1906 1077 1949 suis
1102 1907 1325 1965 praesumit
1346 1906 1425 1950 iste
1442 1941 1454 1962 ,

65 1973 164 2017 ideo
179 1974 317 2018 vietor
338 1973 434 2017 erit.
459 1973 576 2027 Quid
598 1974 712 2018 enim
731 1975 951 2035 sequitur?
975 1995 994 2018 «
1022 1975 1177 2020 Infelix
1199 1992 1280 2035 ego
1302 1977 1451 2032 homo,

69 2062 88 2085 »
123 2044 219 2104 quis
250 2059 320 2087 me
343 2043 544 2088 liberabit
570 2044 625 2088 de
646 2061 828 2104 corpore
855 2047 1005 2090 mortis
1026 2047 1187 2108 hujus?
1210 2049 1356 2091 Gratia
1379 2048 1456 2091 Dei

68 2132 88 2156 »
123 2129 200 2173 per
220 2116 370 2158 Jesum
397 2114 618 2159 Christum
650 2117 884 2160 Dominum
911 2120 1153 2161 nostrum3.
1179 2136 1200 2158 »
1228 2118 1457 2162 Praesumit

66 2183 121 2228 de
143 2199 194 2228 eo
216 2184 291 2244 qui
305 2184 434 2243 jussit
454 2195 504 2228 ut
524 2195 712 2244 pugnet,
740 2196 782 2230 et
803 2187 938 2231 vineit
956 2189 1123 2232 hostem
1145 2188 1318 2248 adjutus
1341 2205 1363 2232 a
1381 2189 1456 2247 ju-

65 2254 212 2299 bente.
239 2258 324 2299 Iste
339 2264 484 2298 autem
510 2274 530 2297 «
556 2255 767 2301 Malitiam
786 2273 877 2301 non
897 2259 999 2302 odio
1026 2259 1196 2303 habuit.
1226 2277 1246 2299 »

125 2327 225 2369 VII.
255 2344 276 2367 «
302 2325 506 2381 Domine,
532 2325 647 2371 coelo
679 2327 973 2372 misericordi-a
1008 2338 1108 2384 tua,
1135 2338 1178 2372 et
1202 2330 1359 2373 veritas
1382 2338 1457 2374 tua

16 2398 25 2406 ‘
69 2414 89 2437 n
116 2411 254 2456 usque
276 2396 331 2440 ad
352 2395 535 2440 nubes4.
563 2415 583 2438 »
605 2399 757 2442 Nescio
788 2415 921 2459 quam
955 2400 1296 2444 misericordiam
1324 2400 1457 2459 ipsius

67 2464 172 2509 dicit
187 2501 197 2520 ,
221 2481 321 2525 quae
342 2466 387 2510 in
414 2466 528 2511 coelo
551 2476 627 2511 est.
658 2470 736 2512 Est
755 2470 872 2512 enim
896 2469 1193 2514 misericordia
1216 2470 1389 2514 Domini
1411 2479 1455 2515 et

116 2568 125 2584 ¹
155 2573 166 2593 1
199 2564 271 2594 Cor.
300 2573 367 2605 xv,
398 2562 451 2596 53.
473 2581 514 2587 ---
545 2571 558 2586 2
593 2566 686 2598 Rom.
719 2575 782 2604 vn,
815 2564 869 2596 25.
889 2582 931 2590 -.-
961 2563 1076 2598 31bid.
1113 2565 1233 2599 23-25.
1255 2583 1296 2589 -—
1317 2565 1333 2596 4
1368 2566 1449 2598 Psal.

71 2628 173 2659 xxxv,
191 2629 222 2660 7.
