1841 3223
359 180 442 217 176
796 187 830 215 S.
867 188 1097 215 Ateus-'rim
1130 188 1310 215 E1¹1scor1

359 259 510 315 Speras
533 255 778 314 pecuniam,
802 253 1017 297 incertum
1040 262 1104 297 cst
1122 270 1175 297 an
1199 253 1438 313 proveniat.
1465 256 1617 313 Speras
1636 267 1744 297 uxo-

355 341 468 377 rein,
495 325 713 368 incertum
735 333 800 368 est
821 340 876 367 an
895 324 1100 383 accipias,
1125 323 1195 369 vel
1217 323 1390 384 qualern
1412 324 1608 383 accipias.
1637 326 1745 382 Spe-

355 412 422 440 ras
446 395 570 450 filios,
590 395 803 438 incertum
826 403 888 439 cst
911 410 965 438 an
984 403 1217 439 nascantur
1239 413 1247 440 :
1273 395 1362 439 nati
1384 404 1500 451 sunt,
1531 395 1747 439 incertum

355 476 418 510 cst
438 482 491 510 an
509 465 657 509 vivant
679 484 687 510 :
712 466 884 521 vivunt,
905 466 1123 510 incertum
1141 476 1204 510 est
1222 482 1276 510 an
1300 466 1543 526 proficiant,
1563 481 1618 509 an
1639 463 1749 509 desi-

355 538 487 582 ciant.
515 540 803 598 Quocumque.
828 547 869 581 tc
889 538 1090 593 verteris,
1122 537 1286 582 incerta
1312 537 1457 582 omnia
1487 556 1495 582 :
1522 536 1611 581 sola
1633 550 1748 580 mors

355 617 487 653 certa.
515 611 684 667 Pauper
706 623 766 663 cs,
792 608 1005 652 incertum
1033 617 1096 652 cst
1118 623 1172 651 an
1196 607 1404 666 ditescas,
1429 607 1653 662 indoctus,
1678 607 1749 651 in-

355 689 525 724 certum
543 688 605 723 est
637 695 692 723 an
710 678 943 736 erudiaris,
965 678 1226 733 imbecillus,
1252 678 1468 723 incertum
1488 688 1550 723 est
1572 694 1627 722 an
1643 693 1750 723 con-

355 750 559 795 valescas.
586 753 721 794 Natus
751 766 794 794 cs
811 785 821 805 ‚
852 759 1021 794 certum
1044 758 1107 793 cst
1131 749 1233 810 quia
1264 749 1456 794 morieris
1484 769 1493 794 ε
1530 758 1573 793 et
1600 749 1646 793 in
1666 749 1750 793 hoc

356 822 449 881 ipso
469 822 571 882 quia
591 837 705 866 mors
727 821 817 881 ipsa
835 829 953 865 certa
969 829 1053 874 est,
1075 820 1165 864 dics
1186 820 1335 865 mortis
1357 820 1547 865 incertus
1566 829 1644 869 est.
1672 822 1749 864 In-

358 902 424 937 ter
450 893 543 937 haec
575 893 739 937 incerta
757 927 768 947 ,
801 891 879 935 ubi
913 891 1004 935 sola
1036 906 1151 935 mors
1174 900 1312 948 certa,
1341 892 1464 951 cujus
1485 892 1614 936 ctiam
1643 892 1752 936 liora

357 964 543 1018 incerta,
576 971 619 1006 et
642 961 731 1007 sola
755 961 945 1005 multum
968 971 1166 1018 cavetur,
1192 979 1292 1023 quac
1327 962 1450 1007 nullo
1472 961 1604 1007 modo
1629 960 1751 1006 devi-

361 1043 501 1088 tatur,
531 1052 550 1074 «
571 1032 723 1077 Omnis
746 1032 879 1076 homo
897 1033 1046 1077 vivens
1069 1048 1178 1078 vanc
1201 1033 1504 1078 conturbatur.
1534 1051 1554 1074 n

419 1106 516 1148 XX.
537 1107 653 1161 Ergo
670 1103 783 1146 inter
804 1103 898 1147 haec
916 1103 1007 1163 jam
1032 1103 1298 1160 transiliens,
1316 1105 1470 1165 jamin
1488 1102 1753 1165 quibusdam

360 1177 653 1237 superioribus
676 1191 829 1235 agens,
861 1176 956 1220 haec
976 1176 1061 1221 ima
1084 1186 1368 1221 contemnens
1386 1212 1396 1232 ,
1417 1175 1530 1219 inter
1552 1176 1646 1220 haec
1676 1191 1754 1235 po-

360 1249 466 1293 situs
487 1284 497 1303 ,
528 1267 549 1290 «
575 1247 770 1303 Exaudi,
792 1247 958 1308 inquit,
985 1248 1225 1292 orationem
1253 1263 1394 1292 ineam
1413 1249 1441 1291 ¹.
1462 1265 1482 1289 »
1512 1251 1571 1291 De
1594 1247 1754 1307 quibus

363 1318 599 1378 gaudeam,
625 1319 679 1363 de
701 1319 862 1379 quibus
892 1324 1091 1378 gemam?
1114 1322 1175 1363 De
1198 1319 1421 1362 transactis
1445 1317 1613 1376 gaudeo
1629 1353 1639 1373 ,
1675 1333 1754 1378 pro

361 1391 427 1435 his
445 1407 544 1451 quae
562 1399 725 1434 restant
748 1405 887 1449 gemo.
908 1391 1107 1434 «Exaudi
1122 1390 1363 1435 orationem
1381 1405 1520 1433 meam
1540 1398 1584 1434 et
1604 1388 1756 1449 depre-

364 1478 385 1502 »
404 1461 619 1506 cationein
636 1476 776 1505 meam
793 1461 995 1506 :auribus
1013 1461 1186 1521 percipe
1201 1461 1413 1519 lacrymas
1431 1476 1562 1504 meas.
1586 1479 1605 1502 »
1623 1463 1757 1506 Num-

363 1533 472 1592 quid
495 1533 610 1575 enirn
645 1531 746 1592 quia
770 1541 890 1576 tanta
915 1532 1150 1587 transilivi,
1186 1533 1290 1593 quia
1325 1542 1445 1576 tanta
1478 1531 1754 1587 transcendi,

357 1608 447 1660 jam
466 1619 556 1647 non
578 1603 693 1647 fleo?
717 1605 872 1648 Nonne
900 1603 1041 1648 inulto
1064 1603 1200 1662 magis
1224 1603 1461 1656 fleo?Quia
1480 1604 1555 1664 qui
1579 1603 1759 1664 apponit

364 1674 589 1717 scientiam
608 1708 617 1727 ,
640 1674 823 1732 apponit
841 1674 1037 1718 dolorem
1052 1678 1084 1717 ².
1114 1677 1271 1719 Nonne
1294 1684 1460 1735 quanto
1482 1674 1617 1732 magis
1638 1672 1759 1734 quod

364 1743 486 1787 abest
509 1741 732 1797 desidero,
768 1751 891 1786 tanto
929 1745 1065 1800 magis
1097 1744 1237 1786 donec
1264 1745 1410 1787 veniat
1439 1760 1564 1802 gemo
1582 1780 1593 1799 ,
1635 1753 1758 1789 tanto

364 1814 500 1872 magis
523 1813 664 1858 donec
686 1813 832 1858 veniat
855 1808 973 1856 fleo?
995 1815 1149 1858 Nonne
1169 1822 1290 1858 tanto
1308 1814 1456 1872 inagis,
1475 1824 1641 1874 quanto
1662 1831 1758 1859 ma-

366 1885 426 1942 gis
450 1884 730 1928 crebrescunt
744 1882 962 1938 scandala,
980 1892 1146 1943 quanto
1162 1884 1294 1942 magis
1317 1884 1513 1928 abundat
1534 1885 1754 1946 iniquitas,

365 1964 532 2015 quanto
552 1956 683 2013 inagis
698 1953 936 2013 refrigescit
953 1955 1032 1998 cha
1040 1955 1136 1998 ritas
1151 1954 1392 1999 inultorum
1406 1957 1420 1980 ²³
1436 1957 1453 1999 P
1467 1955 1572 2000 Dico
1589 1975 1597 2001 :
1620 1957 1758 2010 «Quis

369 2045 389 2068 »
426 2025 547 2070 dabit
568 2026 699 2085 capiti
729 2041 827 2070 mco
848 2040 1006 2085 aquam
1035 2034 1078 2069 et
1110 2025 1246 2070 oculis
1277 2027 1382 2070 meis
1416 2025 1583 2071 fontem
1610 2027 1757 2086 lacry-

369 2116 389 2139 »
425 2097 656 2141 niaruin⁴2²
690 2096 859 2141 Exaudi
892 2097 1132 2140 orationem
1167 2112 1308 2141 meam
1341 2106 1384 2141 et
1406 2097 1757 2157 deprecationem

370 2186 390 2209 »
427 2183 567 2212 meam
589 2187 597 2212 ε
616 2167 794 2212 auribus
812 2167 984 2227 percipe
998 2165 1211 2224 lacrymas
1227 2183 1356 2211 meas.
1372 2170 1435 2214 Ne
1451 2168 1573 2213 sileas
1595 2184 1618 2212 a
1634 2184 1753 2213 me.»
1811 2207 1814 2209 .

366 2242 429 2285 Ne
452 2238 760 2284 obsurdescam
783 2238 829 2282 in
846 2247 1073 2282 aeternum.
1104 2257 1123 2279 «
1149 2240 1212 2283 Nc
1234 2238 1354 2282 sileas
1378 2254 1486 2282 ame
1508 2258 1516 2284 :
1536 2257 1555 2280 »
1582 2239 1758 2284 audiam

369 2320 426 2355 te.
453 2310 635 2355 Occulte
654 2311 769 2354 enim
793 2309 899 2355 dicit
923 2313 1051 2365 Deus,
1072 2309 1219 2354 multis
1242 2310 1286 2353 in
1309 2309 1438 2354 corde
1459 2309 1655 2371 loquitur
1679 2331 1687 2356 :
1714 2320 1757 2356 et

368 2396 549 2440 magnus
571 2382 632 2425 ibi
655 2397 786 2426 sonus
807 2381 853 2425 in
874 2396 1033 2440 magno
1051 2379 1223 2425 silentio
1236 2380 1392 2437 cordis,
1409 2381 1586 2442 quando
1602 2396 1756 2440 magna

416 2484 424 2500 ¹
447 2477 530 2510 Psal.
550 2488 689 2520 xxxviii,
722 2477 770 2511 13.
796 2494 837 2500 —
863 2484 875 2505 ²
895 2476 993 2512 Eccli.
1010 2488 1041 2520 1,
1065 2476 1115 2511 18.
1135 2493 1177 2500 -
1209 2475 1221 2501 3
1240 2477 1353 2511 Manli.
1374 2488 1446 2520 xiv,
1475 2486 1525 2512 12.
1548 2476 1752 2513 -4Jerem.

368 2544 400 2568 ix
416 2559 425 2576 ,
453 2545 480 2566 ι.
