1841 3223
352 196 435 236 240
797 204 830 232 s.
868 204 1097 232 Aucvs'rtm
1131 204 1312 230 EPtSCOPl

352 273 552 318 fenestrse
589 280 689 315 sunt
723 270 877 314 mentis
914 289 922 313 ;
963 269 1140 313 interior
1173 277 1236 312 est
1264 268 1340 327 qui
1379 282 1455 326 per
1489 267 1563 311 has
1599 266 1738 323 videt3

352 345 529 405 quando
545 341 807 400 cogitatione
825 339 970 400 aliqua
988 339 1143 384 absens
1161 348 1244 393 cst,
1267 339 1423 382 frustra
1439 346 1603 397 patent.
1626 341 1741 381 Deus

350 431 472 459 meus
491 415 565 474 qui
590 412 690 456 fecit
708 413 801 456 haec
819 447 829 465 ‚
856 428 954 472 quae
978 411 1113 456 oculis
1131 410 1258 455 video
1274 446 1284 466 ‚
1311 426 1400 454 non
1418 409 1505 454 istis
1521 407 1656 454 oculis
1678 416 1742 452 ost

351 484 650 545 inquirendus.
667 482 847 544 Aliquid
860 482 990 526 etiam
1014 497 1091 542 per
1112 497 1155 526 sc
1171 482 1312 541 ipsum
1331 481 1498 524 animus
1513 481 1602 539 ipse
1615 494 1742 523 cons-

350 557 482 616 piciat
509 575 516 601 :
543 565 690 600 utrum
715 555 768 599 sit
799 553 965 615 aliquid
993 552 1114 614 quod
1137 569 1225 597 non
1248 568 1324 612 per
1354 551 1503 597 oculos
1533 551 1737 606 sentiam,

351 627 473 687 quasi
507 626 671 672 colores
700 635 743 670 et
770 624 938 682 lucen„
963 640 1052 668 non
1081 639 1158 683 per
1180 639 1327 678 aures,
1355 624 1476 683 quasi
1500 631 1677 667 cantum
1699 629 1742 665 et

352 713 507 742 sonum
524 719 534 756 3
550 713 638 742 non
656 713 732 757 per
749 712 894 752 nares,
916 695 1038 755 quasi
1054 694 1240 739 odorum
1255 694 1510 738 suavitatem
1528 714 1538 751 3
1554 708 1644 737 non
1666 707 1742 752 per

351 770 544 830 palatum
568 778 610 814 et
631 769 849 828 linguam,
875 767 997 828 quasi
1021 781 1245 826 saporem3
1271 781 1360 810 non
1383 781 1459 826 per
1482 774 1621 810 totum
1643 779 1743 809 cor-

351 857 448 901 pus,
476 842 599 899 quasi
617 839 820 884 duritiem
836 848 879 882 et
891 837 1136 892 mollitiem,
1160 837 1345 896 rigorem
1361 845 1493 897 atque
1510 835 1740 890 servorem,

351 912 625 972 asperitatem
662 910 975 969 lenitatemque
996 916 1257 968 pertractem
1276 929 1286 965 3
1313 907 1389 951 sed
1410 917 1559 951 utrum
1588 908 1641 951 sit
1662 905 1743 950 ali-

352 982 457 1043 quid
473 983 588 1026 intus
605 980 725 1042 quod
741 981 927 1025 videam.
954 979 1072 1033 Quid
1093 988 1157 1023 est
1173 979 1290 1023 intus
1303 978 1501 1022 videam?
1523 978 1643 1038 quod
1664 992 1744 1021 ne-

353 1069 438 1114 que
463 1052 582 1097 color
616 1053 694 1107 sit,
733 1068 876 1112 neque
904 1066 1062 1106 sonus,
1105 1065 1248 1110 neque
1275 1049 1399 1105 odor,
1428 1064 1570 1110 neque
1600 1064 1741 1108 sapor,

353 1140 496 1184 neque
514 1123 646 1177 calor,
674 1118 753 1167 aut
770 1122 908 1181 frigus
925 1157 935 1174 „
957 1131 1033 1166 aut
1051 1121 1232 1175 duritia,
1254 1119 1588 1165 autmollitudo.
1616 1120 1744 1164 Diea-

358 1204 427 1239 tur
448 1211 549 1253 ergo
573 1195 694 1248 milii,
719 1209 851 1254 quem
869 1192 1060 1237 colorem
1078 1192 1238 1236 habeat
1260 1191 1482 1250 sapientia.
1496 1193 1607 1235 Cum
1626 1190 1746 1249 cogi-

356 1276 495 1311 tamus
512 1266 740 1326 justitiam,
758 1265 938 1324 ejusque
956 1264 1071 1307 intus
1094 1263 1140 1306 in
1158 1263 1248 1322 ipsa
1269 1261 1531 1319 cogitatione
1554 1261 1744 1321 pulchri-

358 1337 508 1382 tudine
550 1337 736 1382 fruimur
753 1372 763 1392 ,
800 1335 906 1396 quid
951 1344 1075 1380 sonat
1108 1335 1164 1378 ad
1197 1336 1345 1379 aures?
1387 1333 1495 1393 quid
1537 1342 1746 1393 tanquam

356 1424 594 1469 vaporeum
617 1407 756 1466 surgit
773 1406 827 1450 ad
850 1405 1119 1465 narequuid
1142 1406 1234 1449 auri
1252 1404 1466 1448 infertur?
1483 1402 1591 1464 quid
1612 1420 1747 1448 manu

358 1490 567 1525 tractatur
589 1489 632 1524 et
653 1479 866 1523 delectat?
889 1481 945 1522 Et
961 1478 1077 1522 intus
1098 1486 1182 1531 est,
1210 1485 1253 1520 et
1267 1475 1451 1536 pulchra
1473 1485 1556 1531 est,
1586 1486 1629 1520 et
1647 1476 1746 1520 lau-

357 1551 502 1606 datur,>
524 1561 566 1595 et
591 1551 760 1595 videtur
784 1569 792 1594 :
814 1560 857 1594 et
879 1550 913 1593 si
934 1550 979 1593 in
999 1549 1188 1593 tenebris
1212 1547 1447 1592 suntoculi
1465 1547 1556 1602 isti,
1577 1547 1746 1592 animus

357 1622 471 1667 illius
493 1622 591 1666 luce
612 1619 866 1680 perfruitur.
885 1618 1001 1673 Quid
1022 1629 1085 1663 est
1101 1618 1211 1663 illud
1232 1618 1352 1679 quod
1371 1618 1525 1662 Tobias
1542 1617 1742 1672 videbat,

357 1692 534 1754 quando
568 1691 735 1736 videnti
768 1689 857 1735 filio
892 1705 1032 1734 caecus
1066 1688 1294 1733 consilium
1325 1689 1425 1732 vitae
1461 1687 1643 1732 dabam?
1672 1691 1748 1732 Est

357 1780 461 1823 ergo
480 1761 646 1823 aliquid
662 1760 782 1822 quod
797 1761 964 1805 animus
978 1760 1067 1820 ipse
1085 1759 1275 1819 corporis
1298 1758 1562 1813 dominator,
1586 1768 1743 1814 rector,

358 1835 576 1879 habitator
597 1832 716 1877 videt
734 1853 744 1889 3
767 1829 888 1891 quod
902 1847 990 1874 non
1012 1846 1088 1889 per
1103 1829 1254 1874 oculos
1276 1830 1466 1889 eorporis
1484 1829 1611 1873 sentit
1625 1864 1636 1884 ‚
1657 1845 1747 1874 non

358 1921 435 1966 per
449 1920 571 1949 aures
587 1939 597 1959 ‚
622 1919 710 1948 non
729 1918 805 1963 per
827 1918 970 1956 nares,
997 1917 1086 1945 non
1103 1916 1180 1960 per
1201 1900 1393 1960 palatum
1411 1935 1422 1955 ,
1447 1916 1535 1945 non
1557 1915 1634 1959 per
1655 1916 1746 1944 cor-

358 1977 474 2038 poris
491 1985 671 2030 tactum,
688 1973 762 2017 sed
779 1989 857 2033 per
871 1989 915 2017 se
929 1973 1069 2033 ipsum
1088 1991 1096 2016 :
1117 1981 1160 2016 et
1180 1972 1332 2032 utique
1356 1971 1510 2015 melius
1532 1970 1651 2032 quod
1669 1987 1744 2031 per

359 2064 402 2092 se
430 2048 571 2108 ipsum
586 2082 596 2101 ‚
623 2060 755 2105 quam
773 2042 892 2105 quod
919 2059 996 2103 per
1020 2058 1191 2088 servum
1210 2058 1353 2087 suum.
1375 2045 1452 2087 Est
1474 2058 1670 2102 prorsus,
1702 2058 1747 2088 se

359 2120 503 2179 ipsum
529 2117 645 2161 enim
667 2132 744 2176 per
772 2132 816 2160 se
853 2115 995 2175 ipsum
1016 2113 1156 2168 videt,
1182 2123 1226 2157 et
1247 2114 1414 2158 animus
1448 2114 1537 2172 ipse
1559 2122 1610 2157 ut
1632 2115 1748 2157 norit

359 2206 402 2234 se
417 2225 428 2245 ‚
454 2188 573 2233 videt
595 2204 654 2232 se.
675 2190 764 2232 Nee
783 2186 936 2246 utique
954 2193 1003 2228 ut
1023 2183 1167 2228 videat
1189 2199 1232 2228 se
1247 2219 1257 2238 ‚
1284 2182 1573 2243 corporalium
1596 2182 1748 2228 oeulo-

363 2275 460 2304 rum
479 2258 637 2320 quaerit
658 2257 865 2302 auxilium
889 2275 896 2300 :
922 2255 1114 2299 imovero
1137 2254 1191 2299 ab
1214 2255 1418 2299 omnihus
1440 2255 1630 2314 corporis
1646 2270 1746 2299 sen-
1797 2254 1799 2256 ’

363 2331 480 2374 sibus
496 2366 506 2385 ,
532 2339 743 2389 tanquam
758 2326 1096 2387 impedientibus
1114 2334 1156 2368 et
1178 2326 1548 2385 perstrepentibus
1576 2325 1746 2370 abstra-

360 2401 426 2445 hit
452 2416 495 2445 se
516 2400 571 2444 ad
592 2416 652 2454 se,
669 2408 719 2443 ut
734 2398 879 2442 videat
899 2413 944 2441 se
965 2396 1009 2440 in
1028 2412 1088 2451 se,
1114 2405 1164 2439 ut
1185 2397 1353 2440 noverit
1371 2412 1415 2440 se
1436 2395 1554 2456 apud
1575 2412 1633 2441 se.
1662 2396 1746 2441 Sed

361 2471 577 2531 numquid
603 2468 768 2530 aliquid
792 2467 876 2513 tale
899 2471 1011 2512 Deus
1040 2466 1170 2527 ipsius
1192 2476 1280 2523 cst,
1301 2467 1439 2527 qualis
1464 2476 1527 2512 est
1549 2467 1744 2512 animus?

409 2563 416 2580 ¹
435 2555 574 2597 Tob.1v‚
594 2564 626 2587 2.
