1841 3223
400 192 484 231 5216
836 203 868 228 s.
906 199 1134 228 Anousnm
1167 201 1347 228 Emscom

397 277 546 312 nostro
564 269 666 309 Jcsu
687 265 880 318 Christo,
900 274 1131 324 coeperunt
1149 264 1289 310 multo
1303 265 1437 322 magis
1458 264 1686 325 multoque
1704 281 1784 310 nu-

396 337 604 382 merosius
627 335 802 380 credere
819 336 862 378 in
889 335 1036 393 illum3
1061 345 1104 380 et
1125 345 1354 395 coeperunt
1376 339 1568 379 membra
1588 337 1678 395 ejus
1703 352 1783 380 au-

397 409 490 452 dire
512 406 631 466 quod
652 415 784 464 caput
808 405 1028 450 audiebat.
1055 409 1152 450 Jam
1180 421 1281 464 ergo
1304 407 1488 451 Domino
1509 415 1655 450 nostro
1681 409 1785 450 Jesu

396 478 569 523 Christo
591 477 633 520 in
648 475 763 520 coelo
777 477 1037 531 constituto,
1063 486 1106 521 et
1128 478 1219 537 ipso
1243 478 1287 521 in
1309 477 1434 521 nobis
1454 477 1499 520 in
1524 486 1635 520 terra
1657 475 1785 521 labo·-

395 557 542 602 rante,
574 547 777 591 dixerunt
798 547 941 591 adhuc
963 547 1126 591 inimici
1156 549 1247 606 ejus
1267 567 1274 591 :
1306 566 1326 588 «
1347 547 1534 600 Quando
1556 547 1782 602 morietur,

397 640 417 662 >›
455 629 497 664 et
514 620 673 678 peribit
685 633 843 663 nomen
859 620 965 678 ejus.
998 639 1014 659 »
1042 618 1154 662 llinc
1168 618 1283 661 enim
1298 619 1618 677 persecutiones
1632 617 1787 662 diabo-

395 690 462 734 lus
493 690 537 733 izi
565 689 756 733 Ecclesia
790 689 1025 733 concitavit
1045 687 1100 731 ad
1121 687 1396 747 perdendum
1423 704 1584 732 nomen
1607 689 1781 733 Christi.

395 761 485 805 Nisi
508 760 619 804 forte
642 760 803 819 putatis
819 794 829 814 ‚
857 758 1009 802 fratres
1024 758 1150 818 ‚quia
1179 757 1240 801 illi
1263 758 1612 818 Paganiquando
1639 760 1789 803 saevic-

396 831 505 875 bant
524 831 568 874 in
587 830 852 875 Christianos
871 865 881 884 ,
907 845 996 873 non
1013 829 1097 872 hoc
1120 828 1200 872 sibi
1219 827 1425 873 dicebaut
1439 864 1449 884 ‚
1466 828 1612 872 delere
1626 844 1786 874 nomen

396 902 555 947 Christi
569 900 622 945 de
646 910 772 944 terra.
800 902 855 943 Ut
877 899 1289 943 morereturiterum
1304 899 1500 944 Christus
1522 915 1611 943 non
1640 900 1685 942 in
1713 915 1786 944 ca-

396 973 486 1031 pite
505 1007 515 1027 ‚
540 970 614 1015 sed
637 971 681 1014 in
698 986 879 1030 corpore
901 986 1000 1025 suo,
1022 970 1150 1014 occisi
1165 978 1267 1014 sunt
1280 980 1323 1014 ct
1336 974 1561 1028 Martyres.
1588 969 1656 1015 Ad
1670 969 1788 1013 mul-

395 1041 678 1101 tiplicandam
694 1041 929 1086 Ecclesiam
953 1040 1091 1091 valuit
1117 1050 1288 1084 sanctus
1313 1042 1486 1100 sanguis
1504 1042 1668 1085 effusus
1685 1076 1696 1096 ‚
1722 1056 1788 1085 se-

395 1112 628 1158 minationi
653 1112 830 1156 accessit
861 1121 903 1155 et
925 1126 1039 1155 mors
1060 1114 1320 1168 Martyrum.
1353 1131 1372 1153 κ
1400 1112 1589 1156 Pretiosa
1612 1112 1657 1154 in
1679 1126 1787 1156 con-

399 1201 419 1226 »
456 1192 609 1243 spectu
632 1183 804 1227 Domini
826 1197 940 1226 mors
951 1184 1170 1242 justorum
1185 1182 1275 1241 ejus
1292 1184 1319 1225 ¹.
1347 1200 1366 1222 »
1388 1180 1666 1242 Multiplicati
1688 1191 1789 1226 sunt

396 1254 531 1312 magis
560 1254 782 1314 magisque
812 1252 1074 1307 Christiani,
1113 1261 1155 1296 et
1187 1268 1277 1296 non
1314 1262 1378 1296 est
1408 1252 1646 1312 impletum·
1669 1251 1790 1312 quod

397 1325 601 1369 dixerunt
626 1324 788 1368 inimici
815 1343 824 1369 :
854 1342 874 1366 «
900 1322 1086 1377 Quando
1120 1322 1345 1378 morietur,
1374 1332 1417 1367 et
1444 1323 1604 1382 peribit
1627 1338 1789 1368 nomeu

399 1414 420 1437 »
457 1397 564 1456 ejus.
594 1414 614 1436 »
641 1394 799 1439 Adhuc
821 1403 864 1439 et
886 1394 1017 1438 modo
1032 1393 1206 1438 dicitur.
1222 1392 1384 1438 Sedent
1402 1395 1563 1452 Pagani
1579 1429 1590 1450 ,
1611 1403 1656 1438 et
1676 1409 1789 1439 com-

396 1476 557 1526 putant
584 1466 663 1510 sibi
688 1481 822 1510 annos
838 1500 848 1520 ,
877 1464 1064 1509 audiunt
1084 1464 1294 1509 fanaticos
1320 1481 1419 1510 suos
1440 1465 1655 1510 dicentes:
1694 1465 1791 1510 Ali-

397 1536 576 1598 quando
592 1536 826 1581 Christiani
843 1551 933 1579 non
949 1544 1076 1579 erunt
1093 1538 1202 1593 (12),
1219 1544 1262 1579 et
1279 1535 1395 1580 idola
1412 1535 1486 1580 illa
1504 1536 1587 1580 coli
1603 1537 1785 1592 habent,

397 1608 776 1669 quemadmodum
800 1615 925 1650 antea
942 1605 1216 1650 colebantur.
1234 1607 1393 1652 Adhuc
1411 1606 1564 1651 dicunt
1583 1623 1591 1648 :
1613 1626 1630 1648 «
1647 1610 1794 1661 Quan—

399 1698 420 1720 »
457 1678 514 1723 do
546 1678 772 1731 morietur,
808 1685 851 1720 et
882 1676 1043 1736 peribit
1075 1691 1238 1720 nomen
1273 1678 1379 1736 ejus.
1410 1695 1429 1717 »
1456 1678 1525 1721 Bis
1558 1677 1688 1733 victi,
1724 1678 1793 1723 vel

396 1750 526 1794 tertio
555 1749 690 1808 sapite
717 1768 725 1792 ε
767 1756 964 1792 mortuus
998 1756 1062 1790 θεῖ
1092 1747 1289 1792 Christus
1307 1782 1318 1801 ‚
1344 1763 1434 1792 non
1468 1749 1595 1807 periit
1627 1764 1791 1793 nomen

397 1822 513 1879 ejus3
534 1819 698 1864 mortui
721 1827 825 1862 sunt
839 1821 1051 1874 Martyres
1064 1852 1074 1872 ,
1095 1816 1382 1877 multiplicata
1399 1827 1462 1862 est
1485 1819 1620 1878 magis
1637 1819 1792 1864 Eccle-

395 1892 457 1935 sia
475 1926 485 1946 ‚
519 1890 676 1935 crescit
713 1903 791 1948 per
826 1902 976 1932 omnes
1013 1896 1162 1946 gentes
1197 1903 1357 1932 nomen
1407 1889 1567 1934 Christi
1597 1909 1605 1934 2
1635 1890 1711 1951 qui
1737 1890 1792 1934 de

393 1970 535 2005 morte
559 1976 635 2004 sua
653 1968 696 2003 et
714 1958 768 2002 de
785 1957 1095 2001 resurrectione
1113 1973 1187 2001 sua
1206 1957 1434 2017 praedixit,
1457 1960 1534 2019 qui
1561 1958 1616 2003 de
1641 1962 1792 2004 morti-

394 2032 479 2076 bus
497 2034 740 2087 Martyrum
765 2043 944 2073 suorum
974 2037 1019 2071 et
1040 2028 1093 2071 de
1119 2044 1277 2072 corona
1301 2028 1523 2088 praedixit,
1550 2029 1640 2088 ipse
1664 2039 1706 2074 et
1737 2031 1791 2074 de

394 2102 588 2147 Ecclesia
621 2117 697 2145 sua
728 2099 876 2144 futura
910 2098 1134 2158 praedixit:
1159 2099 1192 2143 si
1217 2115 1369 2143 verum
1404 2099 1513 2144 dixit
1542 2100 1632 2156 bis,
1664 2103 1791 2147 tertio

396 2173 605 2217 mentitus
630 2173 727 2215 est?
751 2173 925 2214 Vanum
949 2179 1012 2213 est
1031 2185 1132 2227 ergo
1145 2170 1267 2230 quod
1282 2171 1455 2215 creditis
1474 2181 1623 2216 contra
1637 2171 1760 2217 illurn
1779 2190 1786 2215 :

394 2244 549 2288 melius
568 2252 693 2287 estut
715 2241 899 2286 credatis
920 2241 965 2284 in
986 2239 1112 2284 illum
1129 2276 1140 2296 ,
1168 2251 1217 2285 ut
1238 2261 1257 2283 «
1271 2242 1530 2302 lntelligatis
1543 2260 1672 2304 super
1686 2260 1789 2304 ege-

398 2332 418 2353 »
455 2329 563 2356 num
586 2322 629 2356 et
649 2326 885 2372 pauperem
902 2313 918 2336 ²
937 2312 1178 2364 :Quoniam
1213 2328 1379 2372 pauper
1401 2313 1541 2357 faetus
1573 2324 1660 2369 θεῖ7
1688 2331 1789 2359 cum

404 2401 424 2424 »
461 2384 579 2427 dives
597 2392 726 2438 essct,
761 2392 810 2426 ut
832 2382 984 2441 ipsius,
1005 2381 1169 2442 inquit,
1192 2393 1447 2442 paupertate
1465 2400 1541 2429 vos
1564 2384 1789 2429 ditaremi-

406 2474 424 2494 »
460 2453 504 2496 ni
524 2455 555 2496 ³⁵.
588 2472 604 2493 »
631 2456 757 2498 Nunc
783 2461 928 2497 autem
951 2456 1052 2512 quia
1076 2468 1241 2511 pauper
1262 2451 1399 2498 factus
1427 2464 1489 2500 est
1506 2490 1516 2510 ‚
1542 2456 1788 2501 contemni-

451 2545 458 2560 ¹
481 2538 558 2572 Psal.
579 2550 651 2581 cxv,
682 2540 732 2571 15.
753 2557 793 2562 —
818 2537 1233 2580 ²1‹1.x1.‚2.—32(‘.01·.
1256 2551 1321 2581 vui,
1337 2552 1370 2582 ς).
