1841 3223
410 247 651 276 ENAunAmo
684 249 729 275 IN
761 245 964 275 PSALMUM
998 246 1098 273 va.
1360 234 1444 273 319

57 326 205 358 omnes
226 312 527 357 tribulationes
549 314 752 356 humanae
770 312 926 355 animae
941 346 952 365 ‚
977 309 1098 354 nulla
1120 316 1183 353 est
1211 310 1349 367 major
1369 310 1448 353 tri·
1466 356 1469 359 μ

55 382 223 428 bulatio
244 399 377 444 quam
402 376 666 428 conscientia
690 382 964 426 delictorum.
987 384 1184 441 Namque
1212 380 1247 423 si
1265 379 1326 423 ibi
1347 379 1448 424 vul-

55 468 136 497 nus
151 469 241 498 non
262 453 340 509 sit,
361 467 603 513 sanumque
625 452 679 496 sit
695 453 812 495 intus
834 451 1022 495 hominis
1040 450 1162 511 quod
1184 449 1447 495 conscientia

53 534 234 569 vocatur
251 545 263 583 3
282 524 548 588 ubicumque
565 522 668 567 alibi
685 537 834 582 passus
847 522 980 566 fuerit
992 522 1298 566 tribulationes
1309 557 1320 577 ,
1341 520 1446 566 il‘luc

55 594 294 655 confugiet,
309 604 351 639 et
365 594 627 640 ibiinveniet
639 597 793 639 Deum.
810 593 852 638 Si
866 602 1010 637 autem
1024 593 1085 637 ibi
1100 594 1268 653 requies
1281 608 1371 637 non
1383 602 1448 637 est

54 675 232 726 propter
252 665 568 710 abundantiam
581 665 835 726 iniquitatis,
855 664 1063 725 quoniam
1083 673 1127 708 et
1147 664 1208 707 ibi
1226 667 1339 708 Deus
1357 680 1448 708 non

61 746 124 782 est
139 759 150 796 3
168 736 275 798 quid
295 736 489 782 facturus
512 746 575 781 est
592 736 749 781 bomo?
770 752 859 797 quo
877 734 1115 793 confugiet,
1142 747 1241 779 curn
1264 735 1450 794 coeperit

53 808 145 869 pati
164 807 490 853 tribulationes?
512 808 668 866 Fugiet
690 807 745 851 ab
765 823 868 866 agro
883 806 940 851 ad
960 806 1202 862 civitatem,
1222 823 1245 851 a
1267 805 1447 866 publico

55 877 111 922 ad
132 878 312 922 domum
329 914 339 934 ,
365 894 389 922 a
406 878 536 923 domo
552 878 599 921 in
616 877 867 922 cubiculum
886 913 896 933 ‚
922 887 966 922 et
983 877 1179 938 sequitur
1202 876 1443 921 tribulatio.

54 951 92 993 Α
122 947 326 994 cubiculo
351 951 442 1010 jam
464 964 553 1009 quo
594 947 735 1007 fugiat
766 964 856 992 non
891 948 1053 1004 habet,
1093 947 1174 991 nisi
1196 947 1241 991 in
1268 946 1449 991 interius

54 1019 198 1064 cubile
230 1035 373 1064 suum.
401 1022 536 1064 Porro
559 1019 592 1063 si
616 1019 679 1063 ibi
701 1018 920 1063 tumultus
943 1028 1033 1075 est,
1058 1019 1092 1062 si
1114 1017 1261 1062 fumus
1282 1017 1448 1078 iniqui-

53 1090 176 1146 tatis,
202 1090 236 1134 si
257 1089 436 1134 flamma
454 1089 623 1134 sceleris
639 1125 650 1145 ,
668 1105 758 1134 non
775 1088 880 1134 illuc
901 1099 1045 1149 potest
1064 1087 1302 1147 confugere
1330 1107 1339 1132 ε
1360 1086 1449 1147 pel-

26 1193 31 1196 -
52 1159 159 1206 litur
175 1160 305 1220 inde,
325 1171 368 1206 et
387 1177 488 1206 cti-m
512 1161 613 1205 inde
627 1159 821 1220 pellitur,
848 1177 870 1204 a
887 1161 1037 1220 seipso
1054 1159 1247 1220 pellitur.
1270 1161 1326 1202 Et
1349 1172 1449 1203 ecce

53 1230 222 1276 hostem
244 1247 371 1276 suum
393 1231 584 1286 invenit,
610 1246 699 1290 quo
719 1229 977 1290 confugerat
999 1250 1006 1275 z
1033 1246 1076 1274 se
1098 1231 1240 1290 ipsum
1264 1245 1353 1289 quo
1374 1228 1448 1273 fu-

53 1301 218 1360 giturus
235 1305 330 1347 est?
347 1305 636 1362 Quocumque
650 1300 833 1361 fugerit,
858 1317 902 1345 se
920 1301 1054 1345 trahit
1069 1311 1168 1361 post
1183 1316 1226 1345 se
1242 1322 1252 1358 3
1275 1310 1319 1345 et
1340 1315 1451 1361 quo-

51 1384 242 1433 cumque
262 1372 396 1417 talem
427 1372 605 1417 traxerit
637 1387 703 1425 se,
740 1371 906 1417 cruciat
937 1388 981 1416 se
1016 1371 1071 1415 de
1103 1386 1162 1416 se.
1201 1374 1310 1431 Ipsae
1347 1379 1450 1414 sunt

52 1441 356 1488 tribulationes
388 1459 489 1504 quac
509 1443 741 1488 inveniunt
771 1442 993 1487 hominem
1018 1442 1145 1486 nimis
1171 1461 1180 1486 ι
1206 1441 1450 1486 acerbiores

40 1512 168 1566 ssnim
188 1529 278 1559 non
310 1523 412 1558 sunt
439 1533 447 1559 :
475 1523 598 1558 tanto
621 1529 711 1558 non
733 1522 835 1557 sunt
868 1512 1134 1568 acerbiores,
1167 1521 1335 1572 quanto
1357 1527 1451 1557 non

52 1593 155 1628 sunt
165 1585 404 1630 interiores.
417 1584 588 1639 Videte,
603 1584 860 1640 charissimi,
878 1600 979 1628 cum
992 1584 1108 1642 ligna
1127 1583 1392 1643 dejiciuntur
1406 1593 1452 1629 et

52 1654 296 1713 probantur
317 1672 340 1700 a
360 1655 495 1700 fabris
514 1691 524 1711 ,
543 1655 780 1716 aliquando
796 1655 842 1698 in
856 1653 1084 1712 superficie
1101 1654 1309 1698 videntur
1326 1655 1452 1714 quasi

52 1724 153 1770 laesa
174 1734 217 1769 et
241 1725 384 1785 putria
414 1744 422 1769 :
448 1724 572 1768 saber
596 1735 743 1768 autem
769 1724 942 1783 inspicit
963 1733 1175 1784 tanquam
1208 1724 1451 1769 medullam

53 1795 304 1840 interiorem
341 1794 476 1854 ligni,
517 1803 560 1838 et
593 1794 628 1839 si
666 1810 768 1838 sana
801 1794 982 1838 interius
1019 1784 1136 1853 ligna
1171 1796 1448 1853 cognoverit,

54 1865 269 1925 promittit
290 1881 339 1910 ea
359 1865 407 1910 in
437 1864 621 1909 aedificio
651 1863 891 1921 duratura3
916 1879 996 1908 nec
1028 1863 1155 1908 valde
1177 1864 1258 1908 erit
1288 1864 1342 1908 de
1375 1880 1451 1908 su-

54 1935 342 1996 perficielaesa
356 1934 564 1980 sollicitus
582 1970 592 1990 ,
610 1934 788 1995 quando
810 1933 855 1978 id
874 1934 994 1994 quod
1013 1934 1194 1978 interius
1216 1943 1279 1978 est
1296 1950 1452 1978 sanum

56 2010 293 2054 renuntiat.
328 2012 462 2054 Porro
488 2008 657 2054 homini
684 2008 864 2052 interius
888 2008 1150 2052 conscientia
1169 2022 1258 2052 non
1279 2008 1451 2052 inveni-

56 2088 128 2126 tur
154 2079 287 2141 :quid
309 2081 443 2140 igitur
461 2079 659 2140 prodest,
682 2079 716 2123 si
733 2079 853 2140 quod
875 2088 939 2123 est
967 2078 1153 2122 exterius
1181 2094 1334 2123 sanum
1358 2089 1449 2136 est,

57 2161 102 2196 et
119 2150 363 2212 putrefacta
383 2161 446 2196 est
467 2149 659 2194 medulla
674 2150 976 2194 conscientiae?
999 2153 1142 2193 Arctae
1163 2149 1255 2193 istae
1270 2185 1280 2204 ,
1307 2158 1351 2193 et
1372 2165 1452 2194 ve-

56 2223 281 2267 hementes
305 2222 507 2277 omnino,
539 2231 583 2266 et
615 2222 725 2265 sicut
749 2220 945 2265 Psalmus
967 2221 1059 2280 ipse
1082 2220 1170 2276 ait,
1202 2220 1349 2264 nimiae
1372 2220 1453 2264 tri-

53 2291 300 2337 bulationes
314 2301 415 2337 sunt
434 2312 442 2337 :
462 2301 611 2337 tamen
624 2300 669 2335 et
680 2291 725 2335 in
739 2290 805 2335 his
820 2291 887 2351 adj
895 2300 993 2335 utor
1010 2288 1150 2334 factus
1164 2299 1227 2334 est
1243 2290 1454 2334 Dominus

59 2364 319 2408 dimittendo
327 2360 517 2424 peccata.
532 2363 793 2423 Iniquorum
806 2363 921 2406 enim
935 2361 1216 2406 conscientias
1228 2377 1317 2405 non
1330 2371 1456 2408 sanat

59 2433 140 2478 nisi
153 2433 438 2493 indulgentia.
462 2434 504 2478 Si
522 2433 636 2477 enim
652 2448 831 2492 magnas
843 2430 1145 2476 tribulationes
1158 2431 1320 2475 habere
1334 2447 1378 2476 se
1390 2430 1455 2475 di-

60 2503 120 2548 cit
132 2503 304 2548 debitor
317 2503 409 2548 fisci
422 2519 502 2548 con
509 2501 641 2547 fessus
655 2538 664 2557 ,
682 2512 724 2546 et
738 2502 912 2546 intuens
926 2502 1143 2560 angustias
1156 2501 1218 2546 rei
1234 2499 1455 2546 familiaris

60 2588 172 2629 suae,
217 2589 317 2619 cum
355 2589 400 2619 se
435 2573 555 2619 videt
591 2589 680 2619 non
716 2588 841 2633 posse
882 2587 972 2618 esse
1013 2571 1244 2628 solvendo,
1274 2581 1454 2633 propter
