1841 3223
402 258 404 261 -
441 245 684 275 ENARRATIO
716 249 760 274 IN
794 249 996 277 PsALMUM
1029 252 1115 277 Liv.
1318 229 1323 234 ¹
1388 240 1466 279 531

88 313 245 357 nuntio
263 327 389 358 mane
409 312 545 359 vitam
563 313 840 370 resurgentis,
855 314 989 358 orabo
1008 324 1056 358 ut
1073 313 1274 357 exaudiat
1297 314 1477 359 meridie

87 382 240 430 sedens
273 382 329 427 ad
359 381 578 426 dexteram
609 383 744 426 Patris
770 402 778 426 :
815 383 1014 426 exaudiet
1046 399 1197 428 vocem
1229 399 1369 427 meam
1397 385 1474 444 qui

87 451 334 512 interpellat
362 468 441 513 pro
473 452 640 497 nobis¹.
677 454 850 505 Quanta
888 453 1016 512 hujus
1043 453 1278 497 securitas?
1312 463 1473 514 quanta

86 517 538 584 consolatio,⁴quanta
571 521 749 566 refectio
777 537 801 566 a
834 522 1190 581 pusillanimitate
1223 533 1267 568 et
1292 533 1473 583 tempes-

86 603 198 649 tate,
218 604 369 640 contra
389 593 526 640 malos
540 629 551 650 ‚
584 604 734 641 contra
761 593 932 653 iniquos
950 603 993 637 et
1016 593 1119 639 foris
1141 605 1184 639 et
1204 595 1344 654 intus,
1364 606 1407 640 et
1427 596 1474 641 in

86 665 152 711 his
173 664 250 725 qui
272 663 375 711 foris
393 674 496 710 sunt
510 700 521 721 ,
539 681 641 710 cum
662 664 843 713 fuissent
863 664 1002 709 intus!

145 737 268 781 XIX.
294 738 448 796 Itaque
464 769 475 791 ‚
504 734 659 780 fratres
687 736 799 791 mei,
825 751 934 795 quos
956 736 1002 779 in
1023 735 1112 795 ipsa
1139 737 1475 795 congregatione

87 806 300 866 parietum
314 807 473 852 horum
493 806 648 852 videtis
669 806 947 851 turbulentos
963 841 973 861 ,
1003 806 1236 866 superbos,
1261 823 1336 853 sua
1359 824 1474 867 quae-

86 885 250 932 rentes,
274 876 409 924 elatos
423 912 435 933 ,
466 892 557 922 non
578 876 788 922 habentes
810 876 951 921 zelum
974 877 1052 922 Dei
1073 887 1237 922 castum
1254 914 1264 934 ,
1290 894 1441 922 sanum
1459 912 1473 935 ‚

85 947 312 1008 quietum,
345 947 422 992 sed
444 947 633 992 multum
663 948 746 992 sibi
778 948 1042 1003 tribuentes,
1066 942 1135 993 'ad
1168 948 1475 994 dissensionem

86 1028 280 1079 paratos,
310 1018 386 1064 sed
408 1020 678 1064 occasionem
714 1035 803 1063 non
831 1019 1128 1075 invenientes,
1158 1021 1246 1079 ipsa
1269 1029 1331 1064 est
1353 1019 1476 1080 palea

85 1089 317 1135 dominicae
343 1094 496 1134 areae2.
530 1090 643 1134 Hinc
669 1089 766 1135 illos
788 1106 947 1150 paucos
968 1091 1185 1150 superbiae
1215 1102 1368 1135 ventus
1402 1107 1475 1135 ex-

85 1160 235 1206 cussit:
255 1169 346 1205 tota
362 1159 486 1220 palea
507 1176 597 1205 non
614 1160 795 1216 volabit,
814 1162 893 1205 nisi
912 1177 1012 1206 cum
1036 1161 1108 1205 ille
1125 1162 1171 1205 in
1192 1161 1348 1206 ultimo
1366 1177 1474 1205 vcn-

86 1230 242 1277 tilabit.
276 1230 361 1277 Sed
383 1247 461 1276 nos
495 1232 627 1292 quid,
654 1231 735 1276 nisi
763 1248 863 1276 cum
889 1232 971 1277 isto
998 1241 1221 1276 cantemus
1238 1268 1248 1288 ,
1270 1227 1371 1277 cum
1394 1233 1475 1276 isto

86 1318 259 1348 oremus
274 1337 285 1358 ,
310 1318 412 1348 cum
433 1303 515 1348 isto
531 1302 788 1363 plangamus
817 1312 859 1347 et
880 1302 1075 1347 dieamus
1098 1304 1262 1348 securi:
1296 1323 1315 1345 «
1340 1302 1475 1347 Redi-

89 1392 109 1416 »
144 1383 234 1418 met
259 1375 306 1418 in
337 1390 444 1434 pace
472 1375 661 1418 animam
693 1375 881 1418 meam3.
911 1393 930 1416 n
956 1376 1117 1419 Contra
1153 1373 1247 1418 illos
1277 1374 1352 1433 qui
1386 1388 1476 1417 non

85 1453 234 1489 amant
266 1459 418 1503 pacem
446 1459 454 1484 :
484 1463 505 1486 «
527 1447 576 1488 In
602 1459 708 1503 pace
739 1444 922 1488 redimet
949 1444 1137 1488 animam
1172 1458 1328 1486 meam.
1365 1442 1476 1496 Quia

88 1533 110 1560 >›
143 1531 247 1561 cum
268 1515 334 1560 his
355 1515 433 1575 qui
455 1513 646 1559 oderunt
665 1530 839 1574 pacem,
864 1530 982 1558 eram
1001 1514 1247 1573 pacificus⁴.
1273 1512 1477 1558 Redimet

89 1605 109 1628 n
143 1586 191 1631 in
211 1601 318 1647 pace
333 1587 521 1630 animam
537 1601 696 1641 meam,
708 1586 762 1629 ab
778 1586 842 1630 his
855 1585 931 1645 qui
948 1585 1302 1646 appropinquant
1316 1585 1435 1629 mihi.
1451 1604 1471 1626 »

79 1659 188 1705 Nam
213 1657 269 1702 ab
285 1656 369 1702 illis
385 1657 461 1718 qui
477 1655 606 1715 longe
622 1665 724 1700 sunt
746 1673 767 1700 a
782 1671 868 1711 me,
885 1655 1022 1700 facilis
1043 1671 1171 1700 causa
1193 1665 1278 1713 est,
1300 1670 1390 1700 non
1404 1671 1475 1699 me

81 1735 170 1772 tam
187 1726 274 1772 cito
290 1725 403 1771 fallit
419 1728 496 1786 qui
513 1726 620 1772 dicit
632 1746 640 1772 :
652 1726 779 1782 Veni,
800 1725 967 1770 idolum
990 1725 1142 1770 adora:
1159 1725 1350 1770 multum
1367 1741 1389 1769 a
1404 1740 1474 1769 me

80 1798 210 1858 longe
233 1807 311 1843 est.
349 1797 621 1843 Christianus
649 1799 725 1840 es?
753 1798 1024 1842 Christianus
1044 1832 1054 1850 ,
1088 1797 1246 1855 inquit.
1283 1799 1348 1839 Ex
1377 1811 1476 1854 pro-

80 1870 248 1931 pinquo
266 1870 532 1924 adversatur,
558 1883 693 1928 prope
715 1876 794 1912 est.
827 1886 847 1909 «
868 1866 1070 1911 Redimet
1088 1868 1133 1910 in
1154 1881 1260 1926 paee
1281 1866 1471 1910 animam

83 1960 105 1985 ι)
139 1956 305 1997 meam,
329 1940 385 1987 ab
419 1940 486 1997 his
514 1939 592 2000 qui
625 1939 978 2000 appropinquant
1005 1938 1111 1982 mihi
1141 1956 1150 1982 :
1186 1937 1396 1998 quoniam
1428 1938 1473 1981 in

85 2030 105 2056 »
139 2011 288 2056 multis
319 2020 443 2056 erant
476 2026 666 2055 mecum.
696 2028 715 2052 »
743 2012 886 2064 Quare
915 2009 1030 2065 dixi,
1060 2028 1082 2051 «
1105 2008 1474 2069 Appropinquant

85 2101 105 2125 »
139 2083 278 2128 mihi?
302 2100 323 2124 »
343 2082 456 2136 Quia
479 2101 500 2125 «
523 2084 576 2132 In
592 2079 740 2126 multis
759 2090 883 2126 erant
902 2095 1090 2125 mecum.
1122 2098 1141 2121 »
1165 2083 1216 2123 In
1238 2080 1321 2123 hoc
1344 2095 1472 2124 versu

81 2153 172 2200 duo
203 2154 428 2200 sententiae
463 2162 714 2199 occurrunt.
751 2171 771 2195 «
796 2155 847 2197 In
876 2151 1024 2197 multis
1058 2159 1180 2196 erant
1207 2166 1382 2194 mecum
1409 2170 1417 2195 :
1447 2168 1468 2192 ³>

81 2225 354 2286 Baptismum
390 2225 661 2272 habebamus
694 2225 897 2285 utrique,
934 2223 980 2267 in
1016 2238 1067 2267 eo
1102 2230 1224 2266 erant
1262 2236 1468 2265 mecum:

82 2295 370 2355 Evangelium
383 2295 558 2356 utrique
571 2294 841 2354 legebamus,
864 2302 988 2337 erant
1010 2293 1054 2337 in
1072 2307 1124 2336 eo
1140 2306 1313 2335 mecum
1335 2311 1344 2336 ε
1365 2290 1474 2336 festa

82 2368 329 2424 Martyrum
346 2365 688 2421 celebrabamus,
703 2373 825 2409 erant
842 2363 902 2407 ibi
918 2377 1089 2407 mecum
1102 2382 1110 2407 :
1125 2362 1300 2406 Paschae
1315 2360 1474 2406 solem-

83 2437 266 2482 nitatem
282 2436 692 2498 frequentabamus,
717 2444 842 2480 erant
862 2434 921 2478 ibi
943 2448 1130 2477 mecum.
1154 2432 1239 2477 Sed
1262 2447 1353 2476 non
1378 2448 1474 2477 om-

83 2507 189 2553 nino
216 2522 388 2553 mecum
412 2527 422 2552 z
455 2507 503 2552 in
529 2507 758 2553 schismate
790 2521 880 2551 non
908 2519 1110 2559 mecum,
1141 2502 1188 2547 in
1208 2503 1361 2547 haeresi
1382 2518 1473 2548 non

130 2599 140 2617 ¹
161 2595 254 2628 Rom.
275 2602 347 2634 vm,
367 2591 420 2634 34.
441 2608 483 2618 -
509 2599 522 2616 ³
540 2591 655 2625 Matth.
677 2603 728 2633 111,
750 2600 805 2626 12·
832 2607 874 2616 -
890 2588 904 2613 ³
922 2588 1083 2631 Psal.1.1v‚
1105 2599 1157 2632 19.
1174 2605 1216 2612 -
1234 2587 1251 2619 4
1270 2589 1317 2623 Id.
1335 2598 1467 2631 cx1x‚7.

1192 2642 1258 2682 34.
