1841 3223
390 232 632 262 ENARnArio
665 234 711 261 m
744 233 946 261 PsALML‘M
979 236 1079 262 va.
1340 223 1424 261 317

36 301 237 359 ligamus.
258 300 564 343 Conimemoro
582 299 696 343 enim
716 314 792 343 vos
810 298 1006 354 scientes,
1028 302 1139 345 Core
1155 298 1429 358 interpretari
1462 354 1465 357 .

37 367 282 426 calvitium3
306 368 629 429 Dominumque
658 378 880 424 nostrum,
912 369 1119 429 quoniam
1146 369 1192 412 in
1220 367 1429 413 Calvariae

37 439 135 484 loco
168 438 397 483 crucifixus
439 439 525 482 est1
545 472 556 493 ,
604 437 830 482 adduxisse
867 439 948 482 sibi
989 439 1150 483 multos
1167 473 1178 493 ,
1218 447 1430 499 tanquam

37 509 148 556 illud
175 525 374 569 granum,
399 508 520 570 quod
541 508 622 553 nisi
644 510 955 553 mortificatum
976 520 1101 565 esset,
1127 509 1269 554 solum
1286 525 1430 554 rema-

38 585 204 640 neret‘23
227 590 271 625 et
287 596 359 626 eos
380 581 457 641 qui
473 579 652 625 adducti
668 590 793 636 sunt,
815 580 1054 640 appellatos
1077 582 1186 625 filios
1208 583 1318 626 Core
1346 582 1431 626 hoc

38 652 84 696 in
96 652 318 710 mysterio.
333 653 552 696 Caeterum
564 650 747 695 fuerunt
762 652 908 696 nescio
923 651 999 711 qui
1013 651 1088 694 filii
1106 654 1217 696 Core
1233 650 1309 695 illo
1324 660 1433 695 tem-

39 736 166 784 pore,
184 720 363 782 quando
375 721 453 765 ista
471 722 787 766 cantabanturss
810 740 818 766 :
843 721 919 766 sed
934 722 1108 781 spiritus
1124 737 1202 766 nos
1213 721 1433 766 vivificare

40 792 173 836 debet
187 793 203 817 4
216 826 227 847 ,
248 807 338 836 non
356 790 500 836 littera
516 791 703 836 velare5.
723 794 810 838 Nos
833 808 936 851 ergo
953 791 1024 836 hic
1042 791 1336 850 intelligamus
1354 826 1366 846 ,
1391 800 1435 836 et

39 862 187 908 videre
207 863 243 907 si
264 879 314 907 ea
347 879 446 923 quae
478 873 750 924 sequuntur,
788 863 833 908 id
861 873 945 918 est,
982 879 1082 924 quae
1109 863 1244 907 hahet
1276 862 1435 907 Psalmi

40 934 174 994 ipsius
194 942 420 978 contextus
433 968 444 989 ,
466 942 718 991 congruunt
734 933 859 978 nobis
877 953 886 978 :
906 942 950 978 et
973 933 1219 977 invenimus
1237 933 1308 977 hic
1330 948 1431 988 nOS,

42 1005 78 1049 si
98 1014 246 1049 tamen
267 1004 557 1049 inhaereamus
574 1005 779 1049 membris
806 1005 922 1065 ejus,
949 1006 1072 1065 cujus
1095 1004 1286 1064 corporis
1304 1012 1437 1064 caput

42 1075 90 1120 in
110 1075 224 1122 coelo
246 1085 310 1121 est
325 1111 336 1132 ,
363 1092 414 1120 ex
430 1075 502 1121 illa
518 1077 716 1137 passione
739 1075 973 1121 ascendens
987 1111 998 1131 ,
1023 1085 1073 1120 ut
1095 1092 1166 1120 eos
1186 1075 1326 1136 quiin
1347 1076 1435 1119 hu-

43 1145 224 1191 militate
253 1146 481 1207 jacebant,
518 1163 665 1192 secum
686 1147 732 1191 in
759 1147 959 1191 ubertate
997 1146 1209 1201 adducat,
1243 1145 1437 1191 fructum

44 1216 230 1262 ferentes
251 1216 297 1261 in
320 1217 564 1262 tolerantia.
599 1219 774 1262 Dictum
798 1227 861 1262 est
883 1226 1028 1262 autem
1043 1253 1053 1273 ,
1085 1237 1104 1259 «
1130 1221 1181 1261 In
1201 1218 1334 1261 finem
1355 1231 1437 1276 pro

47 1305 68 1329 »
95 1287 193 1332 siliis
210 1290 338 1344 Core,
353 1303 433 1348 pro
448 1288 628 1333 occultis
640 1323 651 1343 ,
671 1287 901 1332 Psalmusss.
926 1307 945 1329 n
965 1287 1200 1332 Occultum
1222 1297 1287 1332 est
1304 1303 1406 1346 ergo
1425 1306 1434 1332 :

44 1356 120 1402 sed
139 1356 213 1401 ille
244 1357 335 1418 ipse
369 1358 445 1419 qui
480 1358 526 1402 in
553 1357 761 1403 Calvariae
792 1357 890 1403 loco
927 1357 1156 1402 crucifixus
1185 1367 1270 1412 est,
1304 1350 1447 1402 nostis

44 1428 146 1488 quia
164 1427 312 1474 velum
326 1428 515 1485 discidit,
529 1439 580 1474 ut
593 1428 744 1489 templi
755 1439 920 1474 secreta
934 1427 1438 1489 patescerent7.Proinde

43 1499 148 1559 quia
164 1514 270 1543 crux
291 1500 465 1544 Domini
481 1501 617 1545 nostri
638 1500 765 1546 clavis
791 1500 876 1545 fuit
893 1535 904 1555 ,
931 1501 1033 1560 quia
1050 1500 1196 1544 clausa
1215 1499 1438 1559 aperiren-

44 1578 118 1614 tur
149 1587 158 1615 :
195 1570 422 1615 credamus
460 1572 702 1616 affuturum
737 1587 838 1616 eum
870 1572 995 1615 nobis
1013 1605 1023 1626 ,
1059 1579 1110 1615 ut
1146 1571 1226 1614 ista
1267 1569 1439 1614 occulta

44 1640 307 1686 revelentur.
330 1660 350 1684 «
374 1645 426 1686 In
457 1642 590 1687 finem
622 1661 641 1684 »
673 1641 794 1703 quod
820 1642 978 1695 habet,
1010 1655 1178 1699 semper
1216 1640 1440 1684 Christum

44 1709 288 1769 intelligere
306 1711 530 1754 debemus.
563 1731 583 1753 «
610 1712 728 1755 Finis
746 1712 863 1753 enim
885 1709 1010 1768 Legis
1030 1709 1250 1765 Christus,
1272 1709 1328 1753 ad
1345 1710 1440 1769 jus-

48 1797 70 1822 »
99 1780 234 1824 titiam
256 1779 376 1824 omni
399 1779 635 1824 credentiss.
659 1799 679 1821 >›
703 1780 821 1824 Finis
843 1788 989 1823 autem
1014 1778 1198 1835 dicitur,
1222 1795 1314 1823 non
1335 1779 1439 1839 quia

13 1874 17 1877 -
47 1850 286 1905 consumit,
306 1849 384 1894 sed
405 1849 507 1910 quia
534 1849 718 1910 perficit.
746 1852 854 1895 Nam
878 1849 1053 1893 finitum
1082 1849 1231 1893 cibum
1254 1848 1440 1894 dicimus

0 1973 1 1976 Ἴ
48 1920 124 1981 qui
150 1919 524 1975 manducabatur,
550 1929 594 1964 et
616 1921 783 1964 finitam
812 1919 1006 1964 tunicam
1037 1936 1136 1980 quae
1168 1920 1397 1964 texebatur
1427 1938 1436 1965 :

0 2186 3 2264 l

0 2285 5 2544 ἑ

48 1989 160 2035 illud
181 1990 238 2035 ad
258 1991 661 2051 consumptionem,
681 1991 766 2035 hoc
788 1989 844 2034 ad
857 1989 1185 2050 perfectionem.
1205 1990 1316 2043 Quia
1339 2004 1440 2048 ergo

0 2073 2 2121 ξ
49 2060 163 2105 ultra
178 2077 267 2121 quo
287 2060 518 2106 tendamus
536 2077 626 2106 non
647 2061 859 2106 habemus
875 2095 886 2115 ,
907 2076 1008 2105 cum
1028 2060 1083 2104 ad
1097 2061 1317 2105 Christum
1341 2077 1442 2120 per-

0 2161 3 2183 ,
49 2131 320 2187 venerimus,
359 2132 449 2191 ipse
485 2147 636 2176 cursus
665 2132 801 2176 nostri
833 2131 930 2175 finis
957 2130 1132 2175 dicitur.
1168 2134 1256 2177 Nec
1286 2141 1439 2191 putare

50 2201 282 2258 debemus,
307 2202 409 2262 quia
430 2218 531 2247 cum
557 2201 612 2247 ad
627 2201 753 2246 illum
776 2201 1098 2261 pervenerimus
1115 2236 1125 2256 ,
1157 2200 1323 2261 aliquid
1345 2216 1439 2245 am-

49 2272 164 2332 plius
177 2271 387 2317 debemus
401 2272 483 2317 niti
496 2282 546 2318 ut
558 2283 602 2318 et
618 2272 673 2317 ad
690 2275 861 2317 Patrem
877 2271 1196 2332 perveniamus.
1220 2274 1313 2316 Hoc
1323 2272 1439 2316 enim

50 2343 221 2402 putavit
253 2352 297 2388 et
317 2343 571 2404 Philippus,
603 2359 704 2388 cum
727 2343 766 2388 ei
789 2342 921 2388 dixit:
963 2363 984 2385 «
1021 2342 1229 2398 Domine,
1260 2341 1440 2388 ostende

101 2462 110 2480 ¹
138 2455 252 2488 Matth.
272 2467 366 2490 xxvn
380 2481 389 2497 ,
407 2456 461 2489 33.
477 2475 519 2480 —
539 2464 552 2480 ²
571 2458 662 2489 Joan.
679 2469 740 2499 xn,
762 2457 815 2501 24.
839 2475 880 2481 --
901 2455 914 2480 3
936 2469 948 2489 1
965 2457 1064 2489 Paral.
1081 2468 1168 2500 xxvi,
1190 2468 1219 2489 1.
1239 2475 1282 2480 —
1296 2456 1312 2487 4
1333 2468 1351 2489 2
1365 2460 1438 2490 Cor.

0 2545 5 2557 ἦ
51 2523 112 2553 m,
141 2511 174 2544 6.
204 2528 246 2534 -—
276 2510 291 2535 ⁵
319 2514 413 2545 Forte
442 2524 577 2546 necare.
602 2530 644 2535 —
670 2511 685 2536 ⁶
704 2513 786 2545 Psal.
807 2524 885 2553 xiv,
908 2525 936 2545 1.
958 2530 1000 2535 —
1019 2520 1033 2546 7
1053 2513 1164 2546 Manli,
1192 2523 1278 2546 xxvii
1293 2538 1301 2554 ,
1322 2513 1374 2545 51.
1396 2529 1438 2536 --

0 2561 7 2647 i

0 2646 7 2684 i

55 2564 70 2588 3
85 2569 174 2599 nom.
193 2577 224 2609 x,
243 2566 274 2607 4.
