1841 3223
372 214 456 251 230
814 221 846 248 s.
886 222 1113 248 Accus'rnvi
1146 221 1325 247 El‘lscom

376 308 395 330 «
417 291 472 332 Et
494 288 648 331 suscita
673 301 761 339 nie,
788 295 831 329 ct
853 285 1032 329 reddam
1054 283 1152 328 illis.
1177 302 1196 325 n
1225 286 1287 330 Ne
1304 283 1416 328 forte
1439 298 1562 337 sane,
1582 281 1756 338 fratres,

377 360 520 402 minus
543 365 765 416 potentem
790 354 967 410 Filium,
989 370 1121 415 quam
1135 358 1306 399 Patrem
1324 354 1505 413 putetis,
1525 368 1577 397 ex
1591 369 1642 398 eo
1659 354 1761 414 quia

374 431 505 473 dixit:
537 447 556 469 «
579 427 744 472 Suscita
762 441 853 481 me,
883 445 902 467 »
926 426 1047 487 quod
1072 427 1162 486 ipse
1188 441 1232 470 se
1259 425 1463 470 suscitare
1495 440 1585 469 non
1609 425 1758 484 possit.

376 503 469 544 Hoc
492 498 607 542 enim
630 497 852 542 suscitavit
873 497 993 557 quod
1006 497 1115 542 mori
1131 505 1302 556 poterat
1325 515 1334 541 :
1352 495 1397 540 id
1414 504 1502 551 est,
1528 510 1628 540 caro
1650 510 1765 540 mor-

377 581 449 615 tua
472 579 535 614 est
551 605 561 624 ,
587 585 686 614 caro
708 569 910 614 suscitata
936 577 1014 613 est.
1045 571 1108 613 Ne
1136 577 1283 612 tamen
1308 568 1495 627 putetis,
1528 567 1631 628 quia
1648 571 1764 612 Deus

376 647 502 687 l’atcr
524 641 685 687 Christi
706 641 850 700 potuit
873 640 1078 685 suscitare
1110 640 1330 685 Christum
1351 674 1362 694 ,
1395 638 1442 683 id
1466 648 1556 695 est,
1589 654 1765 684 carnem

374 713 472 758 Filii
501 713 594 770 sui,
619 721 662 756 ct
692 713 782 771 ipse
811 711 1032 765 Christus,
1063 725 1163 754 cum
1192 709 1387 754 Verbum
1409 709 1464 755 sit
1492 709 1570 754 Dei
1597 708 1765 770 aequale

376 785 519 838 Patri,
559 800 648 828 non
681 791 851 843 poterat
885 796 1061 827 carnem
1094 796 1219 826 suam
1253 781 1492 826 suscitare:
1535 780 1682 825 audite
1715 796 1767 824 ex

376 853 616 912 Evangelio
630 888 640 907 ,
667 872 688 895 (ι
716 852 877 898 Solvite
901 851 1112 912 templum
1133 852 1218 897 hoc
1234 886 1245 907 ,
1268 860 1311 895 et
1330 852 1374 896 in
1387 850 1534 896 triduo
1551 850 1768 895 suscitabo

377 923 547 968 »'illud.
569 942 588 964 n
617 926 710 967 Hoc
728 931 873 967 autem
895 922 1189 980 Evangelista,
1215 937 1270 966 ne
1283 921 1414 966 etiam
1435 920 1537 965 inde
1549 920 1768 965 dubitare-

376 1011 489 1049 mus,
513 1014 531 1036 «
556 995 757 1049 Dicebat,
778 992 937 1054 inquit,
957 992 1012 1037 de
1029 992 1192 1054 templo
1204 993 1396 1054 corporis
1423 992 1529 1038 sui1.
1557 994 1614 1037 Et
1635 1007 1771 1036 resus-

377 1084 398 1108 ,υ
423 1066 507 1110 cita
531 1081 625 1121 mc,
649 1075 693 1110 et
720 1064 901 1109 reddam
928 1063 1024 1110 illis.
1062 1083 1083 1105 n

433 1140 558 1182 ΧΙΙΙ.
590 1156 609 1179 «
637 1140 689 1181 In
709 1137 793 1182 hoc
818 1138 1001 1196 cognovi
1023 1137 1234 1198 quoniam
1254 1136 1429 1182 voluisti
1442 1151 1512 1180 me
1526 1170 1538 1191 ,
1561 1135 1772 1195 quoniam

377 1227 397 1251 n
420 1224 510 1252 non
528 1207 735 1266 gaudebit
757 1208 957 1252 inimicus
990 1223 1112 1252 meus
1150 1222 1279 1267 super
1299 1210 1412 1252 me2.
1452 1225 1473 1249 »
1506 1205 1618 1260 Quia
1641 1205 1773 1264 gavisi

379 1288 482 1323 sunt
514 1282 537 1323 J
544 1278 679 1333 udaei,
705 1277 881 1338 quando
901 1278 1107 1323 viderunt
1129 1278 1352 1323 Christum
1386 1277 1664 1333 crucifixum,
1687 1277 1773 1320 im-

371 1349 512 1409 plesse
546 1365 590 1393 se
627 1349 823 1394 arbitrati
854 1358 957 1393 sunt
991 1348 1267 1394 voluntatem
1304 1348 1522 1405 nocendi,
1564 1347 1774 1392 effectum

378 1420 573 1465 fructum
595 1421 770 1465 saevitiae
792 1436 881 1464 suae
898 1419 1103 1465 viderunt
1126 1420 1348 1465 Christum
1371 1418 1416 1463 in
1433 1434 1563 1464 cruce
1574 1417 1775 1479 penden-

376 1501 486 1549 tem·7
510 1491 784 1549 agitaverunt
822 1499 982 1550 caput,
1017 1510 1037 1533 «
1066 1491 1109 1535 Si
1149 1490 1286 1534 Filius
1316 1490 1393 1534 Dei
1422 1499 1514 1545 est,
1541 1487 1778 1534 descendat

380 1582 401 1604 »
428 1562 482 1606 de
506 1577 633 1606 cruce
649 1563 681 1605 3.
713 1580 731 1602 »
757 1564 854 1606 Non
872 1560 1167 1606 descendebat
1184 1561 1259 1621 qui
1277 1569 1477 1620 poterat,
1502 1576 1594 1605 non
1621 1569 1778 1620 poten-

379 1635 484 1678 tiam
502 1632 831 1677 demonstrabat
847 1667 858 1686 ,
883 1631 959 1676 sed
976 1632 1230 1691 patientiam
1254 1631 1456 1676 docebat.
1481 1632 1524 1677 Si
1546 1632 1662 1675 enim
1684 1631 1778 1675 haec

380 1704 464 1750 illis
486 1705 735 1749 dicentibus
757 1704 812 1748 de
833 1718 962 1748 cruce
990 1702 1296 1758 descenderet,
1322 1703 1445 1763 quasi
1467 1703 1780 1748 insultantibus

380 1776 552 1821 cessisse
580 1775 830 1829 videretur,
865 1782 909 1818 et
936 1774 1075 1818 victus
1108 1773 1342 1833 opprobria
1375 1773 1563 1818 tolerare
1588 1789 1677 1818 non
1698 1789 1779 1833 po·-

381 1847 514 1890 tuisse
526 1844 777 1890 crederetur
795 1864 803 1889 :
824 1844 958 1903 magis
972 1844 1128 1888 mansit
1142 1843 1188 1887 in
1205 1859 1333 1888 cruce
1348 1843 1430 1888 illis
1447 1844 1775 1899 insultantibus,

381 1917 490 1960 fixus
511 1915 593 1959 illis
617 1915 890 1959 nutantibus.
917 1913 1022 1959 Ideo
1041 1914 1158 1958 enim
1181 1923 1224 1958 et
1245 1923 1377 1974 caput
1405 1915 1652 1974 agitabant,
1677 1914 1778 1974 quia

382 2003 486 2032 vero
509 1987 639 2046 capiti
662 2002 750 2030 non
774 1985 1062 2029 inhaerebant.
1088 1985 1244 2030 Docuit
1266 2001 1343 2030 nos
1365 1985 1494 2045 plane
1517 1985 1592 2030 ille
1612 1986 1781 2046 patien-

382 2058 502 2102 tiam.
530 2060 638 2102 Nam
659 2056 778 2115 quod
803 2065 866 2099 cst
887 2056 1041 2100 fortius
1066 2054 1189 2110 facit,
1215 2057 1291 2116 qui
1323 2054 1465 2100 noluit
1495 2055 1636 2100 facere
1658 2055 1782 2116 quod

380 2131 402 2172 J
410 2127 521 2172 udaei
546 2127 857 2187 provocabant.
880 2125 1022 2171 Multo
1039 2135 1102 2170 est
1123 2126 1238 2170 enim
1258 2126 1481 2186 potentius
1494 2126 1549 2169 de
1571 2126 1778 2186 sepulcro

382 2213 578 2256 surgere,
605 2213 736 2258 quam
759 2197 814 2241 de
835 2211 963 2240 cruce
981 2195 1258 2240 descendere.
1281 2216 1301 2238 «
1322 2196 1540 2250 Quoniam
1557 2212 1646 2241 non
1670 2212 1782 2255 gau-

386 2287 407 2309 ›>
433 2268 556 2312 debit
576 2268 776 2312 inimicus
798 2282 920 2311 meus
942 2281 1071 2326 super
1092 2281 1178 2310 me.
1199 2285 1217 2308 »
1236 2267 1493 2311 Gavisisunt
1513 2282 1616 2326 ergo
1631 2276 1738 2311 tunc
1770 2287 1779 2312 :

381 2339 611 2383 resurrexit
628 2338 849 2392 Christus,
872 2336 1134 2396 glorificatus
1151 2346 1214 2381 cst
1229 2338 1441 2382 Christus.
1460 2336 1625 2382 Vident
1645 2338 1778 2382 modo

384 2410 427 2453 in
451 2409 625 2452 nomine
647 2409 778 2467 ipsius
801 2408 994 2454 converti
1015 2423 1148 2465 genus
1180 2408 1424 2452 humanum
1441 2443 1451 2462 ,
1478 2407 1610 2452 modo
1640 2407 1773 2451 insul-

383 2489 502 2533 tent,
534 2479 664 2523 modo
687 2488 819 2538 caput
840 2479 1005 2538 agitent
1036 2498 1044 2523 ε
1074 2478 1161 2522 imo
1179 2478 1268 2537 jam
1301 2487 1433 2538 caput
1462 2478 1623 2537 figant,
1652 2487 1727 2522 aut
1746 2478 1780 2521 si

438 2571 445 2586 ¹
467 2567 558 2596 Joan.
580 2575 615 2604 ιι,
641 2575 678 2606 19
693 2568 725 2595 et
741 2573 795 2594 αι.
818 2582 826 2585 -
844 2581 858 2586 -
876 2571 888 2587 ¹
910 2563 985 2594 Psal.
1009 2575 1059 2603 xc,
1083 2572 1134 2594 12.
1154 2579 1195 2585 -
1224 2561 1236 2585 3
1254 2562 1369 2595 Manli.
1395 2573 1498 2603 xxvn,
1521 2561 1638 2604 39‚4o.
