1841 3223
350 192 433 231 326
778 203 811 230 s.
849 200 1078 230 Aucus‘rnu
1111 203 1292 230 Emscom

349 278 448 323 vat,
476 276 523 311 ut
545 265 589 310 in
613 265 686 310 illo
709 266 785 321 sis,
810 281 941 327 quam
956 267 1000 310 in
1022 274 1065 311 te
1087 267 1316 323 incumbit,
1341 276 1390 312 ut
1407 267 1441 312 si
1457 276 1500 312 te
1512 267 1736 312 subduxe-

349 341 404 384 ris
421 375 431 394 ,
457 337 598 382 cadat.
623 336 700 380 llle
719 337 751 381 si
774 353 818 382 sc
843 337 1120 393 subduxerit,
1147 338 1272 384 cades
1307 345 1357 383 tu
1380 348 1389 380 τ’
1415 347 1465 382 tu
1492 348 1535 383 te
1561 338 1595 383 si
1628 339 1737 384 sub-

348 409 543 463 duxeris,
565 424 653 452 non
675 408 801 453 cadet
823 408 913 454 ille.
939 409 1053 463 Quid
1073 426 1176 469 ergo
1198 420 1262 455 est
1287 430 1297 456 z
1326 429 1346 453 «
1369 413 1483 455 Deus
1514 410 1560 454 in
1591 409 1737 456 medio

349 500 370 522 »
405 482 524 540 ejus?
544 497 563 520 »
593 482 686 524 Hoc
707 480 920 539 significat
942 481 1062 542 quod
1092 497 1244 542 aequus
1273 490 1338 526 est
1370 480 1574 526 omuibus
1596 484 1734 538 Deus,

345 561 388 595 et
409 566 611 610 personas
633 566 722 595 non
744 552 913 612 accipit.
935 551 1167 606 Quomodo
1185 551 1300 597 enim
1319 550 1428 595 illud
1440 550 1562 612 quod
1582 551 1627 595 in
1645 567 1738 596 me-

346 622 418 667 dio
439 632 528 677 est,
555 622 672 683 paria
694 622 828 668 habet
852 624 987 683 spatia
1011 623 1066 668 ad
1086 638 1235 668 omnes
1258 623 1365 667 fines
1392 641 1401 668 z
1424 623 1484 667 ita
1506 625 1620 667 Deus
1642 638 1737 668 mea

344 693 442 739 dius
463 709 551 737 esse
565 692 742 749 dicitur,
765 694 992 755 aequaliter
1006 694 1210 740 omnibus
1226 694 1456 739 consulens
1477 713 1486 739 ε
1516 712 1537 736 «
1559 697 1674 740 Deus
1691 695 1736 739 in

348 784 368 808 »
404 765 548 810 medio
568 767 659 826 ejus
675 802 685 821 ,
707 776 751 810 ct
766 782 855 810 non
872 767 1271 811 commovebitur.»
1289 764 1413 811 Unde
1434 781 1523 810 non
1537 780 1736 811 commo-

343 836 517 880 vebitur
535 838 553 881 P
574 836 685 889 Quia
709 837 753 880 in
776 835 920 880 medio
935 837 1026 897 ejus
1047 840 1176 881 Deus.
1208 855 1228 879 «
1251 835 1486 895 Adjuvavit
1506 851 1601 879 eam
1622 838 1737 881 Deus

348 924 369 948 »
403 906 530 950 vultu
557 921 650 951 suo.
682 905 761 949 Ille
783 915 847 950 est
871 905 1045 967 adjutor
1066 907 1112 950 in
1134 905 1491 952 tribulationibus
1506 940 1517 961 ,
1542 921 1643 966 quae
1670 906 1739 950 in-

347 995 367 1018 »
402 986 615 1020 venerunt
642 992 720 1021 nos
742 976 885 1022 nimis.
922 977 1160 1039 Adjuvabit
1182 993 1277 1022 eam
1296 980 1411 1022 Deus
1437 976 1566 1021 vultu
1597 992 1691 1022 suo.
1712 994 1734 1018 »

343 1048 461 1100 Quid
484 1057 568 1102 est,
604 1068 625 1091 «
650 1048 789 1093 Vultu
811 1051 921 1094 suo?
946 1068 966 1091 »
993 1048 1370 1094 Demonstratione
1388 1063 1480 1093 sua.
1506 1047 1739 1103 Quomodo

344 1136 388 1165 se
408 1119 678 1165 demonstrat
698 1124 833 1176 Deus,
856 1130 906 1166 ut
922 1122 1096 1166 vultum
1113 1122 1204 1182 ejus
1225 1120 1590 1166 videamusHam
1613 1135 1737 1165 com-

343 1207 561 1246 memoro,
583 1190 790 1236 didicistis
813 1202 1072 1252 praesentem
1096 1196 1234 1237 Deum
1248 1226 1259 1247 ,
1285 1190 1516 1236 didicimus
1538 1206 1617 1251 per
1637 1206 1740 1251 ope-

344 1279 405 1307 ra.
428 1263 615 1316 Quando
633 1263 687 1307 ab
705 1262 780 1308 illo
802 1262 969 1324 aliquid
986 1263 1189 1324 adjutorii
1207 1263 1464 1323 accipimus,
1489 1262 1549 1307 ita
1571 1271 1621 1307 ut
1643 1277 1738 1307 om-

343 1334 448 1378 nino
485 1349 575 1378 non
611 1333 864 1378 dubitemus
901 1351 925 1378 a
960 1335 1145 1379 Domino
1183 1334 1309 1378 nobis
1336 1349 1425 1378 esse
1457 1348 1734 1388 concessum,

343 1404 491 1449 vultus
520 1405 597 1449 Dei
625 1405 852 1449 nobiscum
882 1415 961 1450 est.
998 1425 1017 1447 «
1054 1404 1295 1466 Adjuvabit
1331 1419 1428 1449 eam
1463 1407 1578 1450 Deus
1611 1403 1739 1450 vultu

349 1493 370 1516 ))
404 1491 499 1519 SUO.
534 1493 555 1516 ))

402 1548 459 1590 Χ.
499 1565 519 1587 «
544 1546 831 1591 Conturbatae
861 1556 963 1591 sunt
990 1555 1153 1605 gentes.
1178 1564 1197 1588 »
1222 1549 1280 1591 Et
1302 1544 1525 1606 quomodo
1556 1554 1739 1590 contur-

343 1617 487 1661 batae?
506 1616 672 1677 thuid
715 1617 1018 1663 conturbati-13?
1042 1620 1097 1662 Ut
1128 1617 1366 1678 dejicerent
1393 1616 1609 1661 civitatem
1636 1616 1736 1673 Dei,

344 1687 391 1731 in
407 1688 474 1746 cuj
483 1703 530 1730 us
552 1686 697 1732 medio
720 1690 833 1731 Deus
854 1689 872 1731 Ξ)
892 1697 942 1731 ut
963 1697 1209 1732 everterent
1224 1686 1556 1732 tabernaculum
1576 1687 1739 1732 sancti-

345 1758 540 1812 fleatum,
559 1756 680 1817 quod
694 1757 870 1818 adjuvat
887 1760 1001 1802 Deus
1020 1757 1146 1802 vultu
1160 1773 1237 1802 suo
1254 1759 1272 1801 P
1289 1759 1401 1802 Non.
1428 1756 1512 1801 Sed
1517 1757 1608 1817 jam
1621 1756 1740 1801 salu-

343 1828 478 1873 briter
492 1830 764 1873 conturbatae
783 1839 947 1888 gentes.
974 1829 1091 1882 Quid
1108 1829 1223 1873 enim
1240 1829 1465 1888 sequitur?
1493 1847 1512 1871 «
1538 1831 1595 1872 Et
1613 1827 1739 1873 incli-

348 1917 368 1940 »
404 1908 504 1943 nata
526 1908 628 1942 sunt
650 1914 782 1957 regna
803 1901 831 1942 1.
861 1898 1095 1953 Inclinata,
1116 1899 1281 1959 inquit,
1303 1908 1404 1944 sunt
1417 1914 1549 1958 regna
1576 1918 1585 1944 z
1606 1916 1627 1940 »
1641 1901 1738 1944 Jam

345 1985 435 2014 non
469 1980 637 2022 erecta,
673 1979 724 2013 ut
757 1970 989 2028 saevirent3
1019 1969 1095 2015 sed
1128 1969 1358 2025 inclinata,
1402 1980 1453 2015 ut
1489 1970 1734 2014 adorarent.

345 2038 532 2093 Quando
557 2038 761 2084 inclinata
786 2049 888 2084 sunt
920 2043 1083 2099 regna?
1110 2039 1298 2094 Quando
1329 2039 1495 2084 factum
1525 2049 1587 2084 est
1618 2040 1739 2100 quod

344 2109 603 2171 praedictum
633 2119 696 2154 est
724 2111 769 2153 in
793 2110 876 2154 alio
905 2109 1074 2155 Psalmo
1101 2131 1110 2155 2
1140 2130 1159 2152 «
1182 2111 1442 2156 Adorabunt
1461 2127 1561 2155 eum
1590 2126 1740 2155 omnes

345 2199 365 2223 n
403 2196 521 2239 reges
540 2190 665 2224 terrae
681 2216 691 2236 ,
713 2196 862 2225 omncs
887 2190 1036 2240 gentes
1059 2182 1247 2225 servient
1267 2182 1306 2225 ei
1320 2185 1353 2225 2.
1378 2200 1398 2222 »
1425 2184 1533 2235 Quae
1549 2197 1614 2225 res
1634 2180 1739 2226 fecit

344 2262 396 2297 ut
416 2251 732 2296 inclinarentur
765 2254 931 2311 regna?
959 2254 1067 2305 Quae
1099 2268 1164 2296 res
1181 2288 1192 2307 ,
1222 2252 1324 2297 audi
1350 2272 1358 2297 :
1388 2271 1408 2294 «
1433 2252 1563 2296 Dedit
1586 2267 1736 2297 vocem

351 2341 370 2364 »
398 2338 518 2366 suam
530 2322 844 2378 Altissimus,ct
866 2331 982 2367 mota
996 2332 1059 2366 est
1081 2332 1209 2367 terra.
1233 2342 1253 2365 »
1279 2323 1501 2383 Arreptitii
1519 2323 1738 2368 idolorum

344 2403 554 2452 tanquam
574 2409 690 2437 ranae
708 2393 762 2439 de
775 2393 1008 2454 paludibus
1022 2395 1335 2453 personabant,
1353 2404 1474 2439 tanto
1489 2394 1737 2438 tumultuo-

342 2464 450 2518 sius,
476 2474 642 2523 quanto
662 2463 877 2509 sordidius
899 2463 953 2508 de
968 2464 1062 2509 luto
1080 2474 1123 2510 et
1144 2480 1288 2510 coeno.
1317 2468 1374 2510 Et
1400 2463 1508 2526 quid
1531 2464 1735 2525 strepitus

394 2555 401 2570 ¹
430 2547 510 2580 Psal.
531 2558 602 2589 ην,
623 2559 654 2590 7.
675 2566 716 2572 —
743 2556 755 2571 ²
775 2550 819 2581 ld.
845 2560 935 2590 uxr,
960 2560 1014 2581 ιι.
