1841 3223
392 172 476 212 430
824 183 857 209 s.
895 179 1126 208 Aucusnm
1160 182 1341 207 EPISCOPI

388 248 566 308 quando
588 246 644 290 ad
668 249 802 289 Deum
828 244 900 289 ille
919 261 1050 305 quem
1073 245 1247 299 irrides,
1268 254 1311 288 ct
1327 259 1459 303 quem
1477 242 1692 301 corripere
1707 255 1781 284 no-

387 318 529 372 luisti,
555 326 598 360 et
625 315 742 360 dicat
767 335 776 360 :
801 335 820 356 «
844 315 1185 360 Cont'umlantur
1202 315 1278 375 qui
1302 313 1458 359 dicunt
1478 313 1607 367 mihi,
1628 314 1751 369 Euge
1767 343 1779 364 ,

394 406 414 430 »
451 401 560 444 euge
576 389 605 429 ¹.
627 388 684 429 Et
699 385 848 444 lingua
872 395 946 430 tua
969 385 1165 445 amplexa
1183 395 1246 429 est
1267 384 1556 429 dolositatem.

450 459 638 502 XXVII.
681 475 701 497 «
729 455 890 500 Sedens
905 455 1108 500 adversus
1131 456 1305 499 fratrem
1320 464 1447 498 tuum
1468 450 1781 498 detrahebas.»

391 531 449 573 Et
467 527 609 586 ipsum
630 545 650 567 «
665 526 818 570 sedens
840 545 859 567 »
883 526 938 570 ad
962 528 1044 570 hoe
1073 527 1260 586 pertinet
1286 525 1409 584 quod
1431 523 1628 583 superius
1649 519 1783 574 dixit,

396 619 417 641 «
452 597 647 658 amplexa
667 606 744 641 est.
775 616 794 638 »
821 597 906 650 Qui
928 598 1044 641 enim
1066 606 1181 653 stans
1204 605 1280 640 aut
1303 595 1513 639 transiens
1542 593 1666 647 facit,
1698 606 1788 635 non

396 686 498 715 011111
539 669 765 729 voluptate
802 668 905 713 facit
931 669 1035 728 :qui
1068 684 1170 712 vero
1198 667 1253 711 ad
1283 668 1366 711 hoc
1401 666 1546 723 sedet,
1572 673 1789 725 quantum

395 742 535 786 otium
559 741 716 801 quaerit
737 748 783 782 ut
814 739 973 783 faciat?
996 758 1015 781 «
1039 738 1200 784 Sedens
1225 738 1429 783 adversus
1457 736 1635 781 fratrom
1662 744 1790 778 tuum

399 831 420 854 »
456 811 716 856 detrahebas
743 829 753 853 ·.
781 810 952 869 »ipsam
972 808 1286 854 detractionem
1309 808 1468 852 malam
1481 807 1712 866 diligenter
1726 804 1792 848 fa-

398 884 558 938 ciebas⁷
586 880 777 926 sedendo
794 880 981 925 faciebas
1004 902 1014 938 3
1034 880 1209 925 volebas
1237 880 1298 924 ibi
1320 879 1546 939 oeeupari3
1571 876 1792 936 amplexa-

398 954 514 998 baris
548 953 714 996 malum
746 961 900 1007 tuum,
937 951 1199 996 osculabaris
1226 949 1378 994 dolum
1411 959 1553 993 tuum.
1583 967 1604 990 «
1633 947 1794 992 Sedens

402 1044 422 1066 »
458 1024 662 1082 adversus
693 1022 873 1067 fratrem
892 1032 1019 1067 tuum
1042 1022 1301 1067 detrahebas
1330 1041 1338 1067 2
1365 1030 1408 1065 et
1430 1020 1634 1065 adversus
1656 1018 1795 1062 filium

402 1114 423 1137 »
459 1095 604 1139 matris
627 1104 714 1138 tuae
733 1093 927 1154 ponebas
949 1093 1247 1138 scandalum‘2.
1261 1093 1362 1146 Quis
1378 1102 1441 1136 est
1463 1090 1577 1135 filius
1593 1089 1791 1134 matrisi'»

400 1182 548 1211 nonne
579 1165 765 1210 fratres?
795 1168 888 1209 Hoc
913 1180 1016 1224 ergo
1048 1175 1243 1224 repetere
1266 1162 1427 1218 voluit,
1458 1162 1579 1223 quod
1600 1160 1803 1221 superius·

400 1236 583 1292 dixerat,
613 1257 632 1279 «
654 1235 833 1280 fratrem
857 1246 998 1280 tuum.
1020 1254 1040 1276 n
1062 1239 1131 1280 An
1155 1235 1346 1295 aliquam
1369 1233 1692 1278 distinctionem
1715 1247 1798 1276 no-

401 1308 468 1352 bis
484 1306 815 1366 intelligendam
830 1306 1095 1351 insinuavit?
1116 1305 1263 1361 Plane,
1286 1306 1455 1360 fratres,
1475 1314 1584 1364 puto
1602 1318 1691 1347 esse
1707 1301 1796 1347 dis-

402 1377 711 1438 tinguendum.
761 1382 913 1422 Frater
953 1377 1158 1421 adversus
1200 1377 1378 1420 fratrem
1416 1376 1606 1421 detrahit
1628 1410 1638 1430 ,
1676 1374 1801 1419 verbi

404 1451 555 1510 gratia⁷
581 1459 631 1493 ut
652 1457 758 1508 puta
778 1448 900 1508 quasi
918 1449 1069 1491 firmus
1092 1457 1135 1492 et
1157 1447 1338 1508 alicujus
1352 1448 1445 1508 jam
1468 1447 1677 1491 momenti
1693 1445 1800 1490 doc-

404 1531 473 1566 tor
486 1530 530 1565 et
550 1520 730 1574 doetus,
766 1519 957 1562 detrahit
984 1517 1107 1562 fratri
1135 1534 1236 1573 suo,
1264 1518 1377 1562 forte
1408 1518 1520 1562 bene
1550 1517 1726 1561 docenti
1756 1526 1801 1560 et

404 1592 517 1636 bene
532 1589 777 1635 ambulanti
797 1608 806 1633 :
823 1598 888 1632 est
902 1598 1049 1633 autem
1073 1587 1182 1632 alius
1205 1588 1401 1632 infirmus
1417 1623 1428 1643 ,
1454 1587 1657 1633 adversus
1678 1587 1804 1630 illum

403 1662 530 1722 ponit
559 1660 818 1706 scandalum
842 1659 944 1703 111110
973 1659 1259 1704 detrahendo.
1277 1660 1452 1703 Etenim
1481 1675 1580 1704 cum
1607 1658 1801 1703 detrahi-

406 1743 478 1777 tur
505 1732 633 1777 bonis
660 1731 715 1775 ab
754 1731 819 1774 his
850 1731 927 1790 qui
961 1729 1166 1774 videntur
1201 1729 1382 1791 alicujus
1408 1730 1619 1774 momenti
1651 1745 1740 1774 esse
1761 1738 1805 1774 et

407 1805 527 1848 docti
555 1818 644 1847 esse
659 1837 670 1857 ‚
702 1802 747 1845 in
770 1800 1026 1846 scandalum
1044 1801 1209 1845 cadunt
1231 1801 1414 1856 infirmi,
1440 1801 1516 1861 qui
1539 1800 1684 1845 adhuc
1707 1816 1805 1844 nes-

408 1876 531 1920 ciunt
539 1875 753 1935 judicare.
778 1873 882 1917 Ideo
894 1873 1091 1916 infirmus
1108 1871 1179 1916 ille
1199 1892 1219 1914 «
1239 1872 1352 1916 filius
1374 1873 1550 1916 matris»
1568 1871 1709 1917 dictus
1723 1881 1802 1927 est,

410 1945 609 1991 nondum
620 1943 770 2004 patris,
783 1943 926 1987 adhuc
943 1943 1052 1986 lacte
1068 1942 1263 2000 indigens
1278 1952 1320 1986 et
1336 1943 1547 1987 uberibus
1562 1942 1802 1987 adhaerens.

413 2020 621 2061 Portatur
641 2014 784 2059 adhuc
814 2014 910 2058 sinu
939 2013 1088 2057 matris
1111 2012 1312 2057 Ecclesiae
1329 2049 1340 2069 ,
1365 2030 1454 2059 non
1471 2013 1586 2059 valet
1603 2013 1808 2058 accedere

415 2087 472 2131 ad
494 2084 684 2130 solidum
707 2084 854 2128 cibum
878 2099 1039 2127 mensae
1060 2084 1192 2143 patris
1214 2084 1305 2139 sui,
1331 2084 1406 2128 sed
1428 2083 1482 2127 de
1505 2084 1639 2128 ubere
1661 2084 1809 2128 matris

413 2158 581 2202 victum
605 2155 739 2200 trahit
755 2190 766 2210 ,
793 2153 1228 2214 ignarusjudicandi,
1259 2154 1468 2214 quoniam
1481 2153 1624 2198 adhuc
1639 2155 1808 2198 anima-

411 2227 463 2272 lis
499 2236 631 2286 atque
665 2224 850 2270 carnali-s
882 2234 960 2269 est.
999 2224 1208 2284 Spiritalis
1241 2224 1358 2267 0111111
1385 2224 1531 2268 onmia
1559 2223 1768 2284 dijudicat
1795 2243 1804 2269 ε

416 2319 438 2342 11
472 2298 683 2344 Animalis
702 2307 848 2342 autem
865 2297 1096 2341 homonon
1118 2296 1302 2356 percipit
1317 2312 1366 2340 ea
1387 2312 1486 2356 quae
1504 2305 1604 2340 sunt
1621 2295 1808 2355 Spiritus

415 2389 436 2413 >›
472 2371 574 2425 Dei,
592 2369 801 2430 quoniam
813 2367 961 2412 stultia
978 2377 1041 2412 cst
1061 2366 1126 2411 illi
1139 2369 1170 2410 ³.
1193 2386 1212 2408 »
1241 2367 1416 2411 Talibus
1433 2366 1537 2412 dicit
1550 2365 1804 2427 Apostolus:

419 2459 440 2485 «
473 2443 572 2487 Non
586 2440 712 2500 potui
733 2439 857 2500 loqui
878 2439 1003 2484 vobis
1019 2437 1142 2499 quasi
1159 2436 1447 2498 spiritalibus,
1471 2436 1548 2482 sed
1565 2437 1687 2498 quasi
1711 2451 1808 2482 ear-

464 2533 474 2551 ¹
494 2525 575 2560 Psal.
592 2536 702 2568 xxxix,
723 2526 776 2559 16.
799 2542 841 2549 —
861 2525 937 2559 21d.
953 2536 1040 2567 xmx,
1062 2533 1116 2559 20.
1139 2541 1182 2547 —
1198 2522 1212 2547 3
1229 2535 1242 2558 1
1268 2525 1340 2557 Cor.
1362 2535 1399 2566 11,
1422 2523 1472 2565 14.
