1841 3223
363 250 447 288 456
787 263 819 291 S.
858 266 1087 292 AUGUSTlNI
1122 265 1300 292 Eriscori

364 348 383 368 η
422 329 572 370 meast.
605 329 869 389 »Expressit
901 331 1059 376 latinus
1095 332 1305 391 interpres
1338 329 1474 375 verbo
1510 330 1652 374 minus
1683 329 1748 374 la-

361 400 453 442 tino
488 399 798 457 proprietatem
823 411 966 446 tamen
988 419 1036 447 ex
1064 419 1219 462 grseco.
1248 406 1357 447 Nam
1381 417 1529 447 omnes
1552 402 1750 447 novimus

360 469 492 512 latine
515 486 604 514 non
626 471 710 515 diei
738 474 988 531 sanguines,
1020 491 1099 519 nec
1131 476 1337 533 sanguina
1355 510 1365 529 ,
1390 484 1536 518 tamen
1565 475 1666 535 quia
1692 475 1750 518 ita

359 555 526 598 gra‘eus
549 543 694 601 posuit
715 542 873 602 plurnli
897 560 1079 589 numero
1098 581 1108 599 ,
1134 561 1223 589 non
1246 546 1335 588 sine
1357 560 1483 589 causa
1501 580 1512 600 ,
1546 545 1626 588 nisi
1649 545 1751 604 quia

359 612 441 655 hoc
456 612 624 657 invenit
642 614 684 656 in
705 614 841 673 prima
866 615 1013 675 lingua
1031 617 1204 659 hebraea
1219 651 1228 669 ,
1254 614 1407 659 maluit
1424 616 1520 674 pius
1542 616 1752 674 interpres

358 682 505 726 minus
533 683 666 727 latine
696 685 861 745 aliquid
879 685 1045 741 dicere,
1078 701 1207 746 quam
1236 686 1378 730 miuus
1398 686 1587 745 proprie.
1614 690 1753 738 Quare

360 770 464 812 ergo
486 755 713 813 pluraliter
733 755 839 799 dixit
861 776 869 801 ;
892 760 952 799 De
970 756 1272 815 sanguinibus.
1295 775 1313 796 >›
1334 760 1385 800 In
1411 756 1555 800 multis
1578 757 1754 815 sangui-

362 825 514 879 nibus,
545 835 751 885 tanquam
774 826 818 869 in
842 827 1006 886 origine
1035 827 1173 870 caruis
1198 828 1363 886 peceati
1380 863 1390 882 ,
1420 826 1553 871 multa
1578 836 1753 886 peccata

360 895 544 955 intelligi
563 897 716 941 voluit.
734 896 802 941 Ad
824 897 913 957 ipsa
936 908 1111 957 peccata
1134 899 1362 958 respiciens
1383 899 1632 958 Apostolus,
1655 915 1754 959 quse

360 967 545 1011 veniunt
565 968 620 1012 de
643 969 922 1028 corruptione
944 971 1082 1015 carnis
1108 980 1150 1014 et
1172 970 1405 1029 sanguinis,
1431 970 1489 1014 ait
1512 990 1519 1014 ;
1543 972 1690 1015 «Caro
1713 979 1756 1014 et

364 1054 383 1077 ³>
422 1040 595 1097 sanguis
631 1054 811 1097 regnum
845 1041 920 1084 Dei
947 1057 1033 1085 non
1069 1040 1394 1100 possidel)unt'².
1424 1060 1443 1081 »
1470 1043 1578 1084 Nam
1602 1041 1755 1101 utique

362 1108 606 1153 seeundum
625 1109 757 1153 fidem
774 1126 919 1154 veram
942 1110 1137 1172 ejusdem
1159 1110 1370 1170 Apostoli,
1393 1126 1492 1155 caro
1514 1112 1592 1155 ista
1612 1127 1756 1155 resur-

364 1188 462 1237 get,
505 1187 548 1222 et
581 1180 671 1239 ipsa
705 1181 945 1226 merebitur
978 1181 1380 1240 incorruptionem,
1421 1181 1591 1225 dicente
1623 1182 1714 1241 ipso
1744 1201 1752 1227 :

367 1269 387 1291 «
422 1251 606 1309 Oportet
636 1251 920 1310 corruptibile
954 1252 1038 1296 hoc
1069 1252 1250 1295 induere
1282 1252 1678 1311 incorruptionem,
1715 1262 1758 1297 et

365 1339 384 1362 »
423 1320 605 1365 mortale
624 1322 705 1365 hoc
729 1322 909 1365 induere
932 1322 1345 1367 immortalitatch
1370 1341 1390 1364 »
1412 1323 1519 1375 Quia
1541 1338 1642 1381 ergo
1666 1339 1758 1367 cor-

367 1392 514 1450 ruptio
543 1392 621 1435 ista
660 1391 714 1434 de
748 1385 927 1450 peccato
970 1402 1057 1443 est,
1101 1393 1234 1452 ipsius
1270 1393 1447 1437 nomine
1482 1392 1758 1452 appellantur

365 1472 541 1522 peecata
566 1481 573 1506 ;
600 1462 972 1522 quemadmodum
997 1463 1157 1507 dicitur
1189 1463 1339 1522 lingua
1362 1473 1404 1508 et
1428 1463 1540 1508 illud
1573 1463 1757 1509 frustum

364 1533 504 1577 carnis
528 1543 570 1576 et
592 1533 836 1576 membrum
853 1532 972 1593 quod
997 1533 1041 1576 in
1064 1549 1136 1577 ore
1158 1543 1375 1588 movetur,
1401 1550 1501 1578 cum
1521 1535 1653 1579 verba
1672 1535 1759 1579 dis-

366 1605 632 1663 tinguimus,
659 1613 701 1647 et
721 1603 867 1663 lingua
893 1604 1013 1664 quod
1036 1620 1113 1664 per
1134 1604 1330 1663 linguam
1352 1606 1423 1660 fit,
1449 1605 1559 1649 sicut
1577 1604 1758 1650 dicimus

367 1676 494 1720 aliam
522 1674 715 1733 linguam
740 1690 921 1732 graecam
939 1710 949 1730 ‚
982 1674 1110 1718 aliam
1138 1675 1315 1719 latinam
1342 1695 1350 1720 :
1390 1691 1480 1720 non
1517 1676 1631 1719 enim
1660 1692 1760 1721 caro

368 1746 535 1789 diversa
558 1754 622 1789 est
639 1781 649 1799 ,
680 1744 754 1788 sed
778 1761 923 1789 sonus.
952 1744 1180 1798 Quomodo
1211 1761 1313 1804 ergo
1345 1745 1505 1790 dicitur
1526 1746 1673 1805 lingua
1694 1747 1762 1791 lo-

367 1817 487 1862 cutio
509 1833 607 1876 quae
630 1817 679 1859 sit
697 1815 979 1875 perlinguam
1003 1835 1012 1860 ι
1038 1817 1096 1859 sic
1117 1815 1276 1860 dicitur
1295 1825 1336 1860 et
1358 1817 1530 1875 sanguis
1553 1817 1759 1877 iniquitas

369 1904 468 1948 quae
500 1888 549 1929 fit
575 1902 651 1945 per
686 1886 957 1944 sanguinem.
998 1886 1238 1930 Attendens
1270 1902 1372 1946 ergo
1405 1886 1564 1931 multas
1598 1888 1759 1948 iniqui-

370 1969 477 2004 tates
502 1974 620 2013 suas,
647 1967 689 2001 et
718 1957 828 2001 illud
856 1958 1052 2018 superius
1079 1974 1087 1998 :
1114 1961 1171 2002 Et
1194 1974 1343 2002 omnes
1371 1959 1622 2019 iniquitates
1645 1975 1760 2003 meas

369 2030 496 2086 dele,
537 2038 580 2072 et
613 2044 683 2073 eas
718 2029 913 2072 tribuens
950 2029 1219 2087 corruptioni
1261 2029 1400 2072 carnis
1437 2038 1480 2073 ct
1510 2030 1755 2087 sanguinis,

373 2120 392 2143 κ
428 2100 584 2144 Libera
601 2115 686 2153 me,
706 2099 865 2159 inquit,
891 2098 946 2142 de
964 2099 1247 2157 sanguinibus
1269 2119 1277 2143 :
1299 2100 1383 2143 hoc
1406 2109 1483 2143 est.
1512 2100 1667 2144 Libera
1690 2116 1759 2144 me

369 2172 424 2216 ab
449 2170 774 2230 iniquitatibus,
799 2169 963 2213 munda
988 2185 1054 2213 me
1072 2169 1126 2213 ab
1150 2170 1269 2214 omni
1291 2170 1586 2229 corruptione.
1606 2173 1759 2216 Incor-

369 2243 618 2302 ruptionem
642 2242 755 2285 enim
777 2240 1014 2296 desiderat,
1040 2241 1117 2301 qui
1139 2240 1244 2285 dicit
1262 2260 1269 2286 ε
1291 2260 1310 2283 «
1328 2241 1482 2285 Libera
1504 2257 1574 2286 me
1597 2241 1651 2286 de
1666 2259 1761 2286 san-

372 2333 391 2355 »
429 2313 634 2371 guinibus
658 2331 666 2356 :
687 2312 789 2371 quia
812 2327 909 2356 caro
934 2320 976 2355 et
1000 2312 1173 2370 sanguis
1197 2327 1380 2370 regnum
1405 2312 1483 2356 Dei
1508 2328 1597 2356 non
1619 2314 1758 2371 possi—

374 2402 394 2425 »
430 2383 599 2426 debunt
617 2418 627 2436 ,
666 2397 809 2442 neque
848 2382 1068 2441 corruptio
1110 2382 1496 2441 incorruptionem.
1539 2385 1655 2426 Erue
1688 2399 1759 2427 me

372 2473 392 2495 >x
429 2453 787 2511 desssanguinibus
804 2456 918 2496 Deus
934 2489 944 2508 ,
967 2456 1081 2497 Deus
1099 2452 1247 2497 salutis
1262 2469 1383 2497 meae.
1404 2473 1423 2495 »
1440 2455 1639 2498 Ostendit
1656 2455 1757 2514 quia

368 2538 469 2568 cum
489 2522 618 2566 suerit
635 2522 748 2566 salus
771 2522 965 2582 perfecta
989 2523 1034 2566 in
1052 2523 1133 2567 isto
1155 2539 1336 2583 corpore
1351 2561 1362 2581 ,
1394 2525 1615 2584 corruptio
1637 2525 1682 2568 in
1705 2541 1756 2568 eo

421 2614 426 2628 ¹
451 2606 529 2640 Psal.
550 2617 578 2647 1.,
600 2606 648 2638 ι6,
673 2623 712 2627 —-
736 2613 746 2628 ²
771 2618 780 2636 ι
805 2608 875 2637 Cor.
895 2617 949 2647 xv,
971 2606 1023 2637 fu).
1049 2624 1085 2628 *-
1104 2605 1215 2639 31bitl.
1236 2607 1288 2639 53.
