1841 3223
375 200 427 237 28
814 206 848 234 s,
886 206 1116 234 Aucus‘ruvr
1149 205 1331 233 EPISCOPI

369 274 658 335 propinquet,
682 281 725 316 et
747 270 982 332 aliquando
1005 270 1132 329 longe
1154 271 1229 315 fiat
1250 290 1259 316 ;
1281 269 1547 330 propinquat
1564 269 1663 315 luce
1684 285 1757 315 ve-

369 346 505 389 ritatis
523 380 533 399 ,
554 343 680 401 longe
696 344 744 386 sit
761 341 914 386 nubilo
937 343 1090 386 carnis.
1117 344 1268 402 Neque
1289 342 1405 385 enim
1423 375 1433 396 ,
1460 340 1613 386 l'ratres
1630 376 1640 396 ,
1667 344 1757 386 Deo

368 417 444 478 qui
481 416 641 475 ubique
668 423 756 467 est,
793 423 835 458 et
859 413 982 457 nullo
1015 414 1264 457 continetur
1297 412 1416 467 loco,
1455 421 1531 456 aut
1558 427 1635 472 per
1662 411 1758 456 loca

369 487 712 548 propinquamus
731 519 741 539 ,
775 494 849 528 aut
868 485 922 528 ab
942 483 1014 528 illo
1035 500 1111 544 per
1138 484 1231 528 loca
1253 498 1544 528 removemur.
1572 483 1758 542 Propin-

368 572 500 617 quare
524 554 612 608 illi,
639 564 702 599 est
719 554 901 598 similem
925 554 986 598 illi
1006 555 1123 613 sieri3
1145 554 1344 599 recedere
1367 555 1421 598 ab
1440 553 1515 598 illo
1530 589 1540 609 ,
1571 553 1759 598 dissimi-

367 628 453 672 lem
482 626 543 670 illi
569 627 675 670 fieri.
707 629 861 671 Nonne
891 643 990 671 cum
1017 626 1136 670 vides
1169 627 1275 670 duas
1314 642 1378 669 res
1414 641 1550 685 prope
1574 624 1756 681 similes,

369 698 496 743 dicis:
526 697 793 758 Propinquat
818 699 907 742 haee
937 697 1028 741 illi?
1055 701 1111 741 Et
1133 696 1310 758 quando
1331 696 1409 741 tibi
1435 695 1657 740 dissimilia
1680 695 1760 740 de-

369 777 682 822 monstrantur,
710 769 906 828 quamvis
928 785 1017 813 uno
1040 768 1137 813 loeo
1162 777 1205 812 et
1226 767 1486 827 plerumque
1517 782 1604 810 una
1627 783 1762 811 manu

370 849 615 893 teneantur,
646 839 750 883 dicis
775 856 783 881 ε
820 843 966 897 Longe
996 848 1058 883 est
1080 839 1174 882 haee
1205 838 1367 897 species
1389 841 1443 881 ab
1468 836 1541 881 illa
1557 840 1575 881 ἰ)
1600 837 1761 883 Ambas

369 921 511 966 tenes,
543 902 689 954 ambas
723 911 941 971 adjungis,
976 919 1018 953 et
1043 910 1147 953 dieis
1182 928 1191 954 :
1227 911 1377 968 Longe
1400 918 1464 953 est
1488 909 1582 954 haec
1611 924 1675 953 res
1705 910 1761 954 ab

369 982 442 1026 illa
469 1001 477 1028 z
499 998 587 1026 non
609 982 760 1042 utique
777 982 874 1026 1000
890 1017 900 1037 ,
926 980 1000 1025 sed
1023 979 1388 1025 dissimilitudine.
1419 980 1460 1025 Si
1485 996 1587 1039 ergo
1605 980 1668 1025 vis
1691 996 1764 1041 ap-

369 1054 685 1114 propinquare,
709 1053 857 1097 similis
879 1063 970 1098 esto
988 1074 999 1111 3
1019 1053 1052 1097 si
1080 1069 1169 1097 11011
1191 1052 1253 1097 vis
1272 1068 1361 1096 esse
1384 1050 1532 1096 similis
1551 1087 1562 1107 ,
1587 1051 1763 1110 longin-

369 1126 538 1186 quabis.
567 1125 653 1171 Sed
674 1141 774 1171 cum
797 1125 946 1170 similis
969 1141 1035 1181 es,
1062 1124 1225 1184 gaude,
1249 1140 1349 1169 cum
1365 1122 1595 1179 dissimilis,
1615 1139 1758 1183 geme:

368 1205 417 1242 ut
435 1197 619 1256 gemitus
637 1197 793 1242 excitet
815 1195 1078 1241 desiderium
1095 1217 1106 1254 3
1124 1196 1210 1240 imo
1233 1194 1497 1239 desiderium
1517 1194 1674 1239 excitet
1695 1210 1765 1253 ge-

370 1268 544 1324 mitum,
570 1277 613 1312 et
634 1284 712 1329 per
735 1269 945 1327 gemitum
965 1268 1253 1328 propinques,
1282 1266 1358 1327 qui
1375 1280 1569 1326 coeperas
1590 1265 1766 1326 longin-

370 1355 518 1400 quare.
545 1342 699 1385 Nonne
727 1343 879 1384 Petrus
913 1338 1250 1399 propinquavit,
1276 1335 1454 1397 quando
1477 1336 1586 1381 dixit
1611 1356 1619 1382 :
1651 1356 1669 1378 «
1698 1339 1765 1382 Tu

375 1429 392 1452 »
429 1425 472 1454 es
505 1409 702 1455 Christus
737 1408 872 1454 Filius
905 1409 982 1453 Dei
1014 1409 1160 1454 vivi1?
1187 1428 1204 1450 »
1231 1410 1288 1452 Et
1322 1421 1495 1451 rursum
1527 1405 1642 1451 idem
1676 1407 1765 1465 ipse

371 1479 500 1539 longe
521 1480 660 1525 faetus
684 1489 748 1524 est
770 1479 957 1525 dicendo
978 1499 987 1525 ε
1010 1498 1027 1520 «
1051 1479 1235 1525 Domine
1250 1513 1261 1534 ‚
1293 1478 1405 1522 absit
1433 1493 1456 1522 a
1486 1487 1555 1534 te,
1576 1493 1666 1522 non
1689 1479 1765 1523 fiet

377 1572 395 1596 »
433 1551 592 1596 istud2.
618 1570 637 1594 »
659 1551 857 1612 Denique
874 1561 1083 1612 tanquam
1106 1549 1328 1611 proximus
1344 1548 1452 1610 quid
1467 1549 1575 1594 dixit
1590 1549 1766 1610 propin·

371 1623 556 1684 quanti?
578 1642 595 1663 ‹<
619 1624 776 1666 Beatus
799 1637 842 1666 es
863 1622 1012 1667 Simon
1036 1622 1261 1682 Barjonass.
1291 1640 1309 1663 »
1340 1622 1567 1681 Tanquam
1588 1619 1766 1680 longin-

370 1693 523 1754 quanti
541 1702 584 1738 et
598 1691 791 1736 dissimili
810 1691 918 1752 quid
936 1692 1074 1737 dixit?
1097 1711 1116 1734 «
1135 1690 1246 1736 Redi
1263 1699 1395 1746 retro,
1416 1691 1635 1736 Satanas⁴.
1659 1711 1676 1733 »
1696 1690 1765 1736 1111

366 1763 681 1824 propinquanti
703 1782 712 1809 :
749 1781 767 1803 «
793 1765 891 1808 Non
926 1762 1003 1807 tibi
1031 1760 1238 1807 revelavit
1264 1776 1365 1805 caro
1397 1770 1441 1806 et
1467 1762 1638 1820 sanguis
1655 1797 1665 1817 ‚
1691 1761 1763 1806 in-

371 1854 388 1877 »
425 1835 546 1895 quit,
573 1833 649 1878 sed
671 1837 798 1878 Pater
820 1848 942 1877 meus
970 1833 1047 1893 qui
1077 1833 1123 1876 in
1152 1830 1273 1876 coelis
1309 1840 1373 1875 est
1396 1850 1405 1879 ς
1436 1852 1453 1874 »
1479 1830 1593 1876 illius
1617 1831 1693 1876 lux
1719 1842 1763 1878 te

366 1906 589 1967 perfudit,
622 1905 737 1949 illius
766 1904 864 1949 luee
894 1904 1048 1963 fulges.
1082 1903 1266 1959 Quando
1301 1913 1447 1948 autem
1470 1903 1598 1963 longe
1621 1904 1762 1950 factus

366 1976 629 2023 contradixit
666 1975 854 2036 passioni
892 1976 1065 2021 Domini
1102 1975 1264 2020 futurae
1297 1991 1376 2035 pro
1409 1974 1547 2019 salute
1579 1978 1762 2021 nostra?

371 2069 388 2091 «
424 2052 524 2094 Non
546 2048 656 2108 sapis
673 2084 683 2103 ,
709 2048 878 2109 inquit,
904 2065 1002 2109 quae
1022 2048 1099 2092 Dei
1117 2057 1244 2103 sunt,
1269 2046 1344 2092 sed
1366 2063 1466 2107 quae
1494 2057 1597 2092 sunt
1619 2047 1763 2092 homi-

369 2140 388 2163 »
424 2135 531 2164 num
549 2122 579 2163 ⁵.
611 2140 628 2161 »
653 2120 809 2164 Merito
832 2120 980 2164 ambas
1019 2135 1083 2163 res
1111 2134 1275 2179 ponens
1308 2117 1486 2179 quidam
1516 2119 1561 2163 in
1591 2119 1761 2164 Psalmo

366 2192 424 2236 ait
445 2211 453 2236 :
480 2210 496 2230 «
520 2193 614 2249 Ego
637 2188 723 2234 dixi
746 2189 790 2234 in
813 2190 944 2234 extasi
968 2205 1061 2234 mea
1088 2209 1096 2235 :
1120 2191 1339 2249 Projectus
1360 2205 1455 2234 sum
1479 2206 1502 2234 a
1521 2189 1630 2235 faeie
1652 2207 1761 2236 ocu-

371 2282 388 2304 »
424 2261 567 2306 lorum
595 2270 771 2305 tuorum
788 2262 820 2306 6.
848 2280 868 2303 »
895 2265 947 2305 ln
975 2262 1104 2306 extasi
1140 2277 1230 2306 non
1261 2260 1445 2316 diceret,
1473 2262 1554 2305 nisi
1577 2263 1760 2322 propin-

366 2341 534 2392 quaret.
561 2332 729 2377 Extasis
750 2332 865 2376 enim
888 2333 1043 2377 mentis
1066 2348 1260 2377 excessus
1278 2341 1356 2377 est.
1379 2332 1550 2377 Effudit
1573 2349 1760 2392 superse

369 2403 558 2447 animam
585 2419 734 2460 suam,
772 2412 815 2448 et
837 2404 1146 2465 propinquavit
1176 2407 1265 2449 Deo
1289 2423 1297 2450 ;
1333 2413 1377 2448 01
1409 2420 1485 2464 per
1518 2404 1757 2465 quamdam

417 2506 424 2522 ¹
442 2499 557 2531 matth.
578 2511 642 2542 xw,
665 2502 715 2533 16.
742 2518 784 2526 -
805 2508 818 2525 2
836 2501 917 2538 lbid.
938 2511 992 2536 22.
1019 2519 1061 2526 -
1087 2500 1099 2527 3
1118 2501 1199 2536 Ibid,
1230 2512 1284 2543 17.
1301 2518 1343 2526 —-
1361 2499 1377 2533 4
1395 2500 1476 2537 lbid·
1502 2501 1557 2536 23.
1577 2520 1619 2526 -
1640 2501 1654 2528 5
1672 2503 1753 2536 Ibid.

370 2552 440 2578 -0
461 2554 541 2587 Psal.
565 2566 640 2595 xxx,
667 2556 719 2588 23.
