1841 3223
228 306 471 338 ENARRATIO
503 309 535 335 11
567 309 613 335 ΙΝ
645 306 848 335 PsALMUM
880 308 1043 346 vant,
1079 307 1205 335 sERM.
1241 307 1290 333 11.
1375 294 1459 333 393

76 393 98 417 «
130 374 260 428 Quasi
273 390 395 419 »non
412 382 537 428 esset,
554 371 780 417 mendicus
799 388 889 417 11011
904 380 1012 416 03301
1027 391 1036 417 :
1051 370 1127 415 sed
1142 369 1243 431 quia
1257 370 1420 423 «Quasi
1437 388 1457 411 »

72 453 179 499 erat,
200 445 425 489 mendicus
443 452 519 488 est.
547 446 700 503 Itaque
721 442 853 488 modo
870 443 945 503 qui
964 443 1019 487 ad
1041 442 1212 487 laetitias
1236 441 1462 486 saeculares

72 514 221 560 oculos
243 515 459 576 aperiunt,
475 523 519 558 et
540 529 614 558 cor
631 513 866 568 claudunt,
888 514 1042 558 transit
1060 513 1227 566 «Quasi
1247 532 1266 554 »
1288 527 1458 567 eorum,

73 595 117 630 et
143 586 260 631 venit
290 601 443 630 verum
474 585 682 645 ipsorum.
714 603 734 626 «
761 583 892 637 Quasi
916 602 936 624 »
963 584 1156 642 ipsorum
1188 583 1370 627 felicitas
1400 590 1463 627 est

73 655 240 712 saeculi,
264 672 415 702 verum
431 657 624 717 ipsorum
641 671 773 715 poena
797 664 874 698 est.
900 657 1105 700 Nostrum
1130 663 1277 698 autem
1304 672 1323 695 «
1341 656 1462 707 Qua-

77 746 98 770 »
133 728 182 782 si,
202 746 222 769 »
242 727 413 772 tristitia
435 736 520 784 est,
541 725 749 786 gaudium
771 741 861 770 non
884 733 948 769 est
972 744 992 767 «
1018 724 1164 778 Quasi.
1189 742 1209 766 »
1229 727 1327 770 Non
1348 725 1462 768 enim

74 799 135 844 ait
163 798 394 859 Apostolus
422 818 431 844 :
463 798 594 852 Quasi
623 797 883 856 gaudentes,
911 811 1078 856 semper
1113 805 1258 839 autem
1292 796 1460 853 tristes,

75 877 176 913 aut:
197 888 217 911 «
232 869 363 922 Quasi
384 869 545 923 tristes,
566 877 609 912 et
630 868 752 928 quasi
774 867 1031 926 gaudentes:
1056 886 1075 908 »
1099 866 1174 911 sed
1192 866 1272 911 ait:
1295 886 1314 908 «
1332 866 1463 919 Quasi

77 957 100 980 »
134 939 275 983 tristes
291 974 301 994 ‚
329 954 497 998 semper
514 947 659 982 autem
682 938 933 996 gaudentes.
958 957 977 979 n
1007 938 1127 983 Sicut
1156 937 1282 996 egeni
1304 956 1313 982 ι
1339 946 1382 981 01
1403 937 1463 980 ihi

80 1029 101 1053 «
138 1010 256 1054 Sicut
275 1025 391 1070 »pro
411 1010 589 1065 «Quasi,
611 1028 631 1050 »
658 1010 815 1069 posuit.
837 1009 1032 1054 «Multos
1055 1018 1200 1053 autem
1218 1007 1418 1052 ditantes.
1440 1024 1460 1048 »

75 1083 133 1125 Et
154 1096 255 1125 011111
277 1081 360 1125 1100
378 1081 562 1136 diceret,
594 1079 701 1124 nihil
723 1080 914 1125 habehat
931 1079 1164 1139 Apostolus
1184 1096 1195 1123 .·
1221 1078 1366 1123 omnia
1387 1094 1463 1122 sua

77 1149 296 1195 dimiserat
311 1186 322 1206 ,
348 1150 517 1196 divitias
536 1150 676 1195 nullas
694 1150 955 1211 possidebat.
982 1154 1039 1195 Et
1060 1150 1167 1211 quid
1185 1158 1357 1194 secutus
1380 1149 1465 1193 ait?

81 1241 102 1264 «
133 1222 266 1275 Quasi
287 1220 396 1265 nihil
418 1222 626 1266 habentes
646 1241 654 1266 :
675 1240 695 1263 »
714 1231 756 1266 et
779 1222 918 1281 ipsum
938 1221 1047 1266 nihil
1066 1222 1228 1266 habere
1247 1240 1267 1264 «
1290 1220 1420 1274 Quasi
1440 1238 1460 1261 >›

77 1292 273 1352 Apostoli
286 1301 391 1336 crat.
411 1295 466 1336 Et
481 1292 623 1336 omnia
638 1291 902 1352 possidentes
919 1309 927 1333 :
943 1292 1003 1335 ibi
1022 1308 1110 1341 non
1126 1291 1235 1336 dixit
1253 1310 1272 1333 «
1285 1290 1461 1344 Quasi.»

79 1363 210 1416 Quasi
231 1363 409 1422 egebat3
434 1379 523 1407 non
545 1372 691 1407 autem
711 1362 861 1423 quasi,
881 1362 957 1406 sed
978 1378 1077 1407 vere
1096 1360 1255 1406 multos
1278 1361 1461 1405 ditabat.

79 1433 211 1486 Quasi
233 1433 342 1477 nihil
363 1433 553 1477 habebat
579 1452 587 1478 :
613 1448 702 1477 non
735 1442 880 1476 autem
908 1433 1052 1493 quasi,
1090 1433 1165 1476 sed
1191 1447 1292 1476 vere
1321 1422 1467 1475 omnia

79 1503 341 1564 possidebat.
376 1503 501 1548 Unde.
527 1519 627 1548 vere
658 1504 801 1548 omnia
828 1503 1107 1563 possidebat?
1135 1504 1242 1556 Quia
1271 1502 1467 1546 omnium

81 1573 308 1619 Conditori
331 1574 961 1629 adhaerebat.«Verumtamen,
982 1573 1140 1634 inquit,
1159 1577 1273 1617 Deus
1288 1571 1473 1617 redimet

84 1663 105 1687 »
140 1645 330 1690 animam
356 1661 498 1691 meam
519 1645 574 1689 de
596 1661 732 1690 manu
760 1645 948 1700 inferni,
973 1661 1074 1690 cum
1104 1644 1317 1704 acceperit
1335 1659 1418 1688 me.
1447 1660 1469 1684 »

141 1718 218 1760 VI.
237 1716 497 1775 Quidigitur
515 1717 589 1776 qui
608 1716 675 1760 hic
692 1715 848 1760 volunt
870 1716 1051 1760 florere?
1070 1718 1135 1759 Tu
1153 1716 1322 1759 visurus
1336 1729 1378 1757 es
1396 1714 1473 1757 ho-

81 1785 244 1830 minem
267 1786 497 1830 florentem
519 1785 701 1842 malum,
723 1795 766 1830 et
780 1787 892 1830 forte
914 1785 1172 1830 titubabunt
1186 1784 1318 1844 pedes
1332 1783 1412 1838 tui,
1430 1791 1474 1826 et

83 1854 279 1900 dicturus
297 1871 340 1900 es
361 1856 407 1899 in
431 1856 574 1900 anima
591 1865 665 1900 tua
683 1876 691 1900 :
718 1860 831 1900 Deus
847 1892 857 1911 ,
884 1872 964 1915 ego
986 1856 1087 1900 novi
1111 1855 1224 1900 faeta
1249 1856 1376 1915 hujus
1397 1854 1476 1897 ho-

83 1926 212 1970 minis
225 1961 236 1981 ,
261 1941 361 1985 quae
382 1925 543 1969 scelera
563 1925 666 1970 fecit
686 1926 765 1969 iste
786 1927 920 1969 homo
935 1961 945 1981 ,
967 1935 1010 1970 et
1027 1941 1125 1969 0000
1145 1926 1293 1979 floret,
1317 1933 1472 1980 terret,

85 1996 349 2051 dominatur,
372 1994 608 2050 extollitur,
635 2004 767 2054 caput
784 1995 846 2039 illi
863 2011 953 2040 non
973 1995 1119 2050 dolet,
1145 1994 1254 2040 nihil
1276 1995 1321 2038 in
1343 1995 1475 2039 domo

85 2067 176 2126 ejus
203 2065 469 2109 diminutum
491 2074 555 2109 est
577 2084 586 2110 2
611 2074 654 2109 et
676 2066 847 2110 timebis
869 2101 879 2121 ,
901 2066 1002 2126 quia
1025 2065 1264 2120 credidisti,
1291 2074 1335 2109 et
1363 2064 1476 2109 forte

86 2136 192 2182 dicit
218 2152 293 2181 eor
327 2146 452 2181 tuum
475 2156 483 2181 :
510 2139 582 2181 Me
617 2136 847 2180 miserum!
882 2146 991 2196 puto
1017 2137 1108 2180 sine
1136 2152 1263 2180 causa
1285 2134 1472 2192 credidi,

86 2210 200 2251 Deus
223 2222 312 2251 non
330 2207 503 2266 respicit
520 2221 585 2250 103
605 2207 834 2250 humanas.
855 2207 1024 2250 Excitat
1041 2222 1142 2265 ergo
1165 2221 1243 2250 nos
1260 2208 1374 2250 Deus
1397 2224 1406 2250 :
1433 2215 1476 2250 et

88 2276 196 2338 quid
213 2277 344 2322 dicit?
361 2296 381 2318 «
396 2280 459 2322 Ne
480 2277 688 2332 timueris,
707 2292 806 2321 cum
829 2276 947 2321 dives
970 2276 1108 2320 sactus
1125 2275 1255 2320 fucrit
1269 2277 1436 2320 homo¹.
1452 2294 1472 2318 »

89 2352 229 2401 Quare
247 2348 361 2390 enim
381 2347 584 2402 timebas,
605 2347 705 2408 quia
724 2347 842 2391 dives
860 2348 1000 2391 factus
1019 2356 1082 2390 est
1098 2348 1260 2390 homo?
1277 2347 1476 2391 Timebas

89 2433 145 2461 ne
166 2418 257 2461 sine
278 2433 406 2462 eausa
427 2416 622 2461 crederes
639 2453 649 2472 ,
677 2433 731 2461 110
749 2417 860 2461 forte
882 2416 1139 2476 perdidisses
1159 2416 1353 2461 laborem
1373 2416 1477 2461 fidei

90 2496 199 2542 tuae,
228 2495 271 2531 01
298 2503 417 2546 spem
447 2488 738 2532 conversionis
766 2497 853 2531 tuae
880 2506 888 2532 :
915 2487 1016 2547 quia
1050 2486 1161 2531 forte
1186 2487 1368 2531 incurrit
1397 2487 1477 2531 tibi

92 2556 262 2602 lucrum
279 2572 379 2601 eum
403 2556 556 2602 fraude
572 2593 584 2615 ,
610 2567 652 2602 et
671 2558 876 2617 potuisti,
897 2558 930 2600 si
952 2556 1114 2602 faceres
1136 2557 1279 2617 ipsum
1300 2556 1474 2603 1110111111

142 2648 150 2664 ¹
169 2641 248 2674 Psal.
268 2652 376 2685 vam,
400 2653 450 2684 ¹7·
