1841 3223
394 224 478 262 236
829 231 863 261 s.
901 231 1131 261 Aucusnm
1164 234 1346 262 Emscom

393 302 520 344 rum?
542 299 728 353 Quando
756 299 1026 358 concupiscis
1050 297 1214 342 fontem
1243 297 1486 358 sapientiae,
1511 312 1610 342 cum
1636 297 1779 341 adhuc

392 372 561 416 labores
583 371 627 413 in
653 385 821 414 veneno
845 369 1045 414 malitise?
1070 370 1268 413 Interfice
1290 369 1335 413 in
1365 379 1405 413 tc
1429 367 1643 429 quidquid
1673 382 1781 412 con-

397 444 574 487 trarium
598 451 661 486 est
683 442 852 486 veritati
875 461 883 487 :
909 451 951 486 et
972 458 1071 485 cum
1095 451 1137 485 tc
1158 441 1316 486 videris
1344 450 1553 501 tanquam
1585 454 1737 484 vacare
1758 454 1782 482 a

393 513 707 574 cupiditatibus
732 515 965 574 perversis,
988 513 1076 557 noli
1100 528 1322 557 remanere
1343 513 1464 573 quasi
1487 528 1575 557 non
1592 511 1645 556 sit
1663 510 1784 572 quod

394 583 624 630 desideres.
648 588 724 629 Est
739 584 853 627 enim
877 583 1058 644 aliquid,
1085 599 1173 644 quo
1197 592 1238 626 tc
1261 582 1409 640 tollas;
1434 583 1465 627 si
1483 584 1571 642 jain
1595 581 1719 641 egisti
1738 580 1785 624 in

393 668 460 714 tc,
481 667 531 701 ut
554 671 643 700 non
665 656 719 700 sit
735 653 967 715 impeditor
989 663 1137 698 contra
1166 663 1219 698 te.
1249 655 1448 698 Dicturus
1474 653 1589 697 enim
1613 668 1655 696 es
1676 650 1785 696 sorte

385 731 478 790 jam
500 727 634 782 mihi,
653 726 685 770 si
708 741 858 770 cervus
882 740 950 769 es:
978 728 1091 769 Deus
1109 724 1252 779 novit,
1279 739 1367 768 non
1390 725 1558 784 mejam
1578 720 1753 767 avarum
1771 757 1782 776 ‚

393 816 482 845 non
506 815 575 843 me
593 800 683 858 jam
707 798 964 857 cujusquam
991 811 1082 839 rem
1113 795 1441 855 concupiscere,
1473 810 1561 839 nou
1584 792 1786 837 adulterii

391 870 629 931 cupiditate
664 869 846 926 ssagrarc
867 902 877 922 ,
904 882 993 911 non
1024 868 1282 926 cujusquam
1316 865 1416 910 odio
1445 864 1697 925 invidiaque
1718 873 1787 907 ta-

393 942 590 995 bescere,
617 948 658 982 et
695 947 850 982 czetera
880 936 1155 998 hujusmodi3
1186 936 1383 981 dicturus
1412 952 1454 981 es
1479 956 1487 982 :
1513 938 1609 981 Non
1647 935 1788 979 habeo

393 1013 487 1057 haec
511 1032 520 1057 ;
546 1020 588 1055 et
611 1010 768 1070 quaeris
792 1008 905 1054 forte
928 1007 1047 1052 unde
1070 1007 1310 1052 delecteris.
1345 1006 1547 1052 Desidera
1570 1005 1688 1050 unde
1711 1005 1788 1049 dc-

392 1082 583 1139 lccteris3
614 1079 809 1126 desidera
838 1080 893 1123 ad
924 1078 1065 1124 fontes
1091 1094 1303 1139 aquarum
1338 1098 1346 1123 :
1379 1077 1511 1123 habet
1535 1080 1649 1121 Deus
1670 1074 1790 1120 undc

394 1162 436 1197 te
458 1153 643 1205 reficiat,
677 1160 719 1195 et
741 1149 921 1211 impleat
947 1150 1195 1193 venientem
1219 1149 1273 1193 ad
1296 1164 1361 1205 se,
1386 1158 1429 1193 et
1456 1148 1672 1192 sitientem
1694 1155 1792 1206 post

394 1222 775 1283 interemptionem
809 1220 1074 1280 serpentium
1091 1256 1101 1276 ‚
1128 1229 1337 1281 tanquam
1371 1219 1566 1264 velocem
1594 1232 1786 1263 cervum.

456 1298 532 1339 lv.
559 1297 636 1338 Est
659 1291 778 1337 aliud
802 1291 923 1352 quod
957 1290 1274 1335 animadvertas
1297 1292 1342 1336 in
1362 1306 1505 1335 cervo.
1541 1289 1792 1334 Traduntur

396 1365 531 1420 cervi,
555 1375 597 1409 et
619 1380 642 1408 a
666 1363 929 1425 quibusdam
958 1363 1088 1406 etiam
1116 1362 1193 1406 visi
1216 1371 1316 1406 sunt
1338 1383 1349 1420 3
1375 1377 1465 1405 non
1495 1361 1610 1405 enim
1633 1360 1688 1404 de
1709 1359 1792 1404 illis

398 1435 483 1480 talc
506 1434 673 1496 aliquid
710 1434 987 1488 scriberetur,
1024 1433 1106 1477 nisi
1135 1442 1260 1477 antea
1291 1433 1514 1477 videretur
1543 1452 1551 1477 :
1585 1431 1794 1476 dicuntur

401 1522 504 1566 crgo
518 1506 632 1550 cervi
651 1504 717 1549 vel
733 1504 911 1566 quando
927 1505 969 1548 in
986 1505 1157 1563 agmine
1177 1520 1255 1549 suo
1274 1503 1516 1559 ambulant,
1532 1503 1602 1548 vel
1616 1503 1794 1563 quando

398 1576 588 1622 natando
608 1576 709 1621 alias
734 1585 943 1620 terrarum
967 1585 1108 1635 partes
1130 1584 1309 1635 petunt,
1330 1590 1461 1619 onera
1482 1574 1674 1634 capitum
1690 1589 1794 1618 suo—

398 1665 495 1693 rum
519 1664 649 1708 super
677 1663 721 1691 sc
742 1647 929 1690 invicem
950 1662 1136 1707 ponere,
1174 1647 1233 1691 ita
1262 1655 1312 1690 ut
1338 1661 1450 1690 unus
1472 1644 1713 1705 prfccedat‚
1753 1654 1797 1689 et

399 1729 637 1781 sequantur
655 1718 730 1778 qui
753 1733 881 1778 supra
900 1733 1001 1761 eum
1025 1717 1166 1778 capita
1187 1726 1354 1776 ponant
1371 1752 1380 1772 ,
1400 1725 1442 1759 et
1460 1731 1587 1776 supra
1606 1715 1702 1759 illos
1725 1714 1796 1758 alii

399 1800 714 1852 consequentes
730 1826 740 1846 ,
764 1800 807 1836 ct
830 1789 989 1834 deinde
1013 1788 1104 1843 alii,
1143 1789 1283 1832 donec
1306 1803 1463 1846 agmen
1488 1787 1665 1831 finiatur
1691 1806 1699 1831 ;
1723 1785 1798 1830 ille

401 1871 549 1906 autem
572 1878 687 1905 unus
712 1862 786 1921 qui
804 1859 978 1921 pondus
1002 1859 1152 1918 capitis
1170 1859 1216 1901 in
1234 1858 1427 1918 primatu
1451 1857 1680 1916 portabat,
1706 1854 1798 1900 fati-

403 1945 526 1994 gatus
546 1934 658 1978 redit
681 1932 736 1977 ad
753 1932 989 1993 posteriora
1006 1966 1016 1986 ,
1042 1939 1092 1974 ut
1114 1929 1219 1974 alius
1243 1929 1281 1973 ei
1300 1930 1505 1974 succedat
1522 1964 1533 1984 ,
1556 1929 1631 1989 qui
1654 1937 1798 1988 portet

400 2004 522 2067 quod
543 2005 615 2048 ille
643 2003 867 2064 portabat⁷
903 2011 1036 2062 atque
1066 2000 1140 2045 ille
1169 2000 1467 2060 fatigationem
1490 1995 1613 2044 suam
1634 2007 1800 2044 recreet

402 2078 544 2138 posito
567 2077 708 2136 capite
725 2111 735 2131 ‚
761 2075 873 2121 sicut
895 2083 936 2118 ct
959 2074 1103 2117 cwtcri
1126 2072 1350 2133 ponebant
1371 2088 1379 2113 t
1405 2071 1465 2116 ita
1487 2071 1671 2116 vicissim
1693 2086 1798 2130 por-

403 2147 538 2193 tando
561 2146 681 2208 quod
705 2161 832 2206 grave
858 2154 944 2200 est,
979 2153 1020 2188 ct
1042 2144 1156 2188 viam
1183 2152 1425 2203 peragunt,
1462 2152 1504 2186 et
1537 2142 1722 2187 invicem
1756 2157 1800 2185 sc

402 2237 493 2266 non
515 2220 737 2264 deserunt.
764 2221 919 2264 Nonne
942 2216 1153 2276 quosdam
1179 2230 1326 2259 cervos
1354 2213 1593 2275 alloquitur
1613 2216 1801 2274 Aposto-

409 2310 429 2334 »
464 2292 531 2336 lus
548 2327 558 2347 ,
585 2291 733 2335 dicens
756 2311 764 2334 :
795 2309 813 2331 «
840 2289 1033 2333 Invicem
1056 2303 1188 2332 onera
1211 2295 1354 2331 vestra
1371 2295 1557 2347 portate,
1579 2294 1622 2329 et
1644 2285 1702 2329 sic
1721 2283 1800 2329 ad-

409 2381 429 2403 »
465 2362 701 2422 implebitis
718 2361 860 2420 legem
883 2359 1044 2404 Christi
1066 2360 1107 2400 ¹?
1127 2376 1146 2398 »

467 2436 520 2476 V.
550 2432 662 2476 Talis
681 2447 783 2490 ergo
806 2446 958 2475 cervus
972 2430 1016 2473 in
1032 2429 1119 2472 fide
1142 2428 1419 2482 constitutus,
1438 2425 1637 2470 nondum
1650 2424 1802 2469 videns

408 2501 529 2562 quod
558 2502 716 2556 credit,
755 2501 934 2561 cupiens
964 2498 1207 2558 intelligere
1240 2496 1361 2558 quod
1382 2496 1545 2555 diligit,
1570 2497 1734 2556 patitur
1756 2504 1801 2538 et

462 2595 468 2610 ¹
487 2586 555 2620 Gal.
578 2599 622 2627 vr,
638 2596 669 2619 2.
