1841 3223
421 210 504 250 482
853 218 885 246 s.
923 221 1151 248 AUGUSTINI
1184 221 1364 248 EPlsCOPI

416 296 651 345 taeumque
675 284 858 334 dixeris,
886 285 1017 329 verba
1051 295 1152 329 sunt
1189 305 1197 330 ι
1229 285 1346 329 aliud
1376 293 1438 328 est
1467 294 1631 343 gustus.
1662 285 1804 329 Verba

415 355 555 400 laudis
579 357 670 415 ejus
684 354 870 399 audiunt
885 365 928 399 et
945 355 1066 415 impii
1085 376 1092 400 :
1117 372 1205 400 non
1227 365 1371 400 autem
1391 364 1565 414 gustant·
1583 371 1711 415 quam
1730 356 1803 415 ju-

414 428 611 472 cundum
629 435 708 481 est,
733 426 813 470 nisi
837 427 987 471 saneti.
1013 427 1197 471 Proinde
1214 427 1292 471 iste
1314 427 1500 471 sentiens
1523 425 1803 470 dulcedinem

414 498 602 542 nominis
620 498 712 551 Dei,
732 507 775 541 et
791 496 940 541 volens
963 497 1192 557 explicare,
1218 506 1260 541 et
1277 496 1426 541 volens
1448 497 1674 541 ostendere
1690 532 1700 552 ‚
1723 512 1803 541 nee

413 568 637 612 inveniens
663 568 821 628 quibus
848 587 856 612 z
883 569 1042 612 etenim
1071 568 1227 611 sanetis
1251 583 1338 611 non
1368 583 1476 626 opus
1497 576 1560 612 est
1583 577 1632 611 ut
1655 577 1801 611 osten-

413 638 509 694 dat,
535 640 635 699 quia
660 648 701 682 et
724 640 804 698 ipsi
829 649 1005 697 gustant
1032 648 1075 682 et
1104 648 1291 695 norunt3
1325 639 1446 698 impii
1476 648 1621 682 autem
1644 638 1803 682 sentire

411 725 500 754 non
518 719 699 768 possunt
720 709 837 769 quod
864 718 1035 767 gustare
1058 709 1216 753 nolunt
1243 728 1252 753 ε
1278 709 1383 769 quid
1406 724 1507 767 ergo
1532 708 1636 753 facit
1659 708 1802 768 deju—

410 780 634 824 cunditate
665 779 850 823 nominis
874 779 978 823 Dei?
1002 779 1119 822 Tulit
1143 795 1188 823 se
1211 780 1420 823 continuo
1443 796 1467 823 a
1490 779 1629 823 turbis
1646 779 1804 838 impio-

411 866 508 894 rum
531 870 539 894 :
569 869 588 892 (ι
605 854 662 894 Et
680 849 937 909 expectabo,
961 849 1129 910 inquit,
1157 866 1317 893 nomen
1336 859 1463 894 tuum
1482 885 1492 905 ‚
1520 850 1620 910 quia
1638 851 1802 910 jucun-

414 941 433 963 »
468 921 574 966 dum
593 931 678 976 est,
702 922 747 965 in
765 931 1001 981 conspeetu
1025 931 1270 965 sanctorum
1292 931 1520 965 tuorum.»
1548 924 1571 965 J
1578 920 1802 966 ueundum

409 1003 474 1037 est
503 1009 660 1037 nomen
692 1002 841 1047 tuum,
866 992 943 1037 sed
966 1008 1055 1036 non
1079 992 1125 1035 in
1153 1002 1389 1052 conspeetu
1413 992 1647 1052 impiorum
1689 1011 1697 1037 :
1724 1007 1803 1051 ego

409 1079 544 1125 quam
566 1064 694 1109 dulce
717 1063 772 1108 sit
794 1064 881 1109 seio
895 1099 905 1119 ‚
933 1062 1008 1108 sed
1030 1063 1094 1108 his
1113 1064 1189 1124 qui
1211 1073 1454 1122 gustarunt.

924 1376 1302 1425 ENARRA'HO

830 1538 890 1577 lN
934 1538 1237 1579 PSALMUM
1268 1540 1371 1578 Lll.

844 1682 993 1725 Sermo
1027 1679 1083 1725 ad
1106 1680 1321 1741 populum
1337 1683 1366 1724 ¹.

472 1831 507 1872 Ι.
545 1831 759 1873 ΡεΛωπΜ
778 1828 910 1873 istum
930 1828 1157 1873 vobiscum
1180 1828 1457 1873 tractandum
1472 1838 1687 1890 quantum
1708 1833 1800 1874 Do—

413 1899 557 1943 minus
578 1899 796 1958 suggerit,
833 1899 1089 1958 suscipimus
1112 1903 1143 1942 ².
1172 1899 1306 1943 Jubet
1341 1899 1487 1955 frater,
1517 1909 1565 1944 ut
1588 1899 1770 1945 velimus
1786 1936 1797 1957 ,

412 1980 456 2015 et
477 1980 595 2026 orat,
619 1980 668 2014 ut
687 1971 912 2030 possimus.
934 1970 976 2014 Si
1000 1970 1107 2030 quid
1124 1969 1399 2015 festinatione
1421 1972 1534 2016 forte
1558 1973 1800 2033 praetermi-

413 2057 507 2086 sero
524 2076 535 2096 ‚
560 2040 760 2100 implebit
787 2041 831 2084 in
855 2041 978 2084 vobis
1011 2040 1086 2100 qui
1110 2050 1153 2084 et
1174 2041 1296 2085 nobis
1320 2041 1422 2085 dare
1445 2041 1650 2101 dignatur
1681 2042 1802 2103 quod
1840 2099 1841 2108 ἵ

411 2113 554 2157 dicere
577 2111 860 2172 potuerimus.
889 2112 1058 2155 Titulus
1083 2113 1172 2172 ejus
1191 2122 1254 2156 est
1280 2132 1288 2158 ;
1321 2132 1337 2151 «
1362 2116 1412 2156 In
1435 2115 1564 2158 finem
1586 2132 1664 2175 pro
1681 2119 1801 2160 Mae-

417 2205 433 2226 »
469 2183 587 2238 leth,
620 2182 866 2226 intellectus
898 2183 977 2241 ipsi
1007 2182 1186 2227 Davidss.
1218 2187 1301 2227 Pro
1323 2183 1540 2240 Maeleth‘,
1570 2204 1590 2227 >›
1621 2186 1734 2230 sieut
1755 2187 1801 2230 in

414 2254 699 2299 Hebraeorum
722 2253 1153 2312 interpretationibus
1177 2255 1405 2298 nominum
1434 2255 1678 2301 invenimus
1694 2292 1705 2312 ‚
1731 2257 1800 2301 vi-

409 2325 538 2370 detur
560 2324 725 2380 dicere,
749 2328 831 2368 Pro
854 2324 1122 2383 parturiente
1142 2324 1230 2369 sive
1252 2324 1443 2369 dolente.
1462 2327 1566 2380 Quis
1589 2337 1736 2371 autem
1754 2327 1800 2372 in

412 2396 496 2441 hoe
531 2395 691 2441 saeeulo
726 2395 937 2456 parturiat
970 2404 1013 2439 et
1045 2395 1214 2451 doleat,
1239 2406 1479 2454 agnoscunt
1495 2397 1669 2454 fideles,
1695 2398 1799 2458 quia

460 2511 469 2528 ¹
492 2507 602 2537 Sermo
619 2505 678 2537 iste
693 2505 733 2537 ad
755 2504 905 2547 populum
923 2503 1049 2536 habitus
1069 2508 1117 2536 est
1140 2509 1251 2547 rogatu
1271 2504 1404 2546 alicujus
1429 2505 1559 2538 forsitan
1581 2506 1736 2549 episcopi.
1757 2523 1796 2529 —-

449 2561 524 2594 vide
537 2564 573 2594 Ι).
595 2561 720 2594 Guillon
737 2586 745 2602 ‚
759 2565 839 2593 tom.
860 2572 1017 2603 xx1,1‘›ag.
1039 2561 1192 2593 515-516.
1209 2578 1250 2583 -—-
1272 2559 1284 2583 ³
1299 2562 1378 2594 Psal.
1397 2572 1451 2604 ιιι,
1479 2574 1505 2594 1.
