1841 3223
392 224 448 262 90
815 231 847 258 s.
885 230 1116 259 Aucusnm
1149 232 1330 260 nmscom

388 314 433 343 se
456 307 499 342 et
513 297 698 341 veriores
717 296 948 340 Donatistis
965 295 1116 340 dicunt
1133 295 1480 352 Maximianistae,
1506 298 1608 358 quia
1630 313 1778 344 revera

388 372 601 430 majorum
635 383 813 414 suorum
845 368 921 427 ipsi
953 367 1106 413 imitati
1146 378 1260 413 sunt.
1298 369 1365 413 Sic
1402 369 1519 413 enim
1547 380 1778 414 erexerunt

386 441 695 486 Maximianum
725 438 929 483 adversus
965 440 1255 495 Primianum,
1288 441 1510 501 quomodo
1543 440 1604 484 illi
1628 457 1778 486 erexe-

388 522 491 556 runt
512 510 775 570 Majorinum
793 509 997 555 adversus
1020 512 1328 569 Csrcilianum3
1352 521 1393 555 et
1423 512 1481 556 sic
1505 512 1646 572 questi
1677 522 1781 557 sunt

384 583 452 627 isti
470 581 524 626 de
548 581 793 636 Primiano,
818 581 1041 643 quomodo
1062 582 1124 626 illi
1144 583 1197 626 de
1225 581 1472 627 Caeciliano.
1496 585 1603 628 Nam
1627 583 1661 627 si
1684 599 1780 627 me-

384 654 591 709 ministis,
626 654 709 699 hoc
747 653 950 698 dixerunt
983 654 1071 708 illi,
1105 653 1225 714 quod
1257 653 1311 697 ad
1340 670 1410 697 eos
1447 654 1561 697 exire
1589 653 1781 700 noluerit

386 723 667 779 Caecilianus,
700 739 867 769 memor
894 725 1167 769 conscientiae
1190 740 1307 782 sure,
1332 723 1405 769 ille
1429 733 1575 768 autem
1601 735 1782 770 noverat

382 794 617 840 factionem
650 811 801 839 corum
828 811 837 836 ε
871 795 931 839 sic
959 804 1002 838 et
1023 795 1090 839 isti
1114 804 1471 855 conqueruntur,
1506 795 1607 856 quia
1638 794 1781 856 noluit

383 865 435 911 ad
472 865 566 911 illos
604 867 719 910 exire
758 865 1016 910 Primianus.
1059 868 1201 920 Quare
1242 866 1460 911 Primiano
1494 866 1776 923 conceditur,

383 954 508 984 nosse
532 937 765 983 factionem
791 937 1223 993 Maximianistarum,
1249 947 1293 982 et
1314 938 1546 984 Cseciliano
1568 955 1657 982 non
1679 955 1783 984 con-

382 1009 552 1055 ceditur
574 1025 698 1054 nosse
722 1007 955 1053 factionem
987 1010 1342 1056 Donatistarum?
1370 1010 1575 1056 Nondum
1600 1019 1692 1055 erat
1714 1026 1780 1055 or-

382 1079 557 1124 dinatus
586 1080 899 1136 Maximianus,
939 1080 1118 1125 crimina
1151 1081 1410 1126 dicebantur
1440 1082 1495 1125 de
1518 1081 1737 1126 Primiano
1767 1100 1775 1126 :

382 1161 598 1196 venerunt
633 1152 849 1212 episcopi,
876 1151 1112 1196 voluerunt
1136 1161 1186 1195 ut
1218 1151 1273 1196 ad
1307 1168 1379 1196 eos
1407 1152 1569 1197 exiret:
1595 1167 1684 1196 non
1716 1161 1780 1196 est

381 1238 603 1282 egressus,
636 1223 748 1269 sicut
781 1238 931 1267 eorum
959 1222 1123 1266 indicat
1153 1223 1418 1267 Tractatoria
1449 1223 1565 1267 Actis
1600 1223 1776 1266 inserta.

380 1297 477 1340 Non
511 1304 575 1339 est
606 1311 827 1354 egressus,
862 1310 952 1339 non
985 1294 1213 1354 improbo,
1242 1295 1331 1339 imo
1359 1304 1401 1339 et
1433 1294 1583 1339 laudo.
1625 1295 1667 1339 Si
1697 1293 1779 1338 ali-

381 1381 514 1427 quam
543 1365 776 1410 factionem
814 1365 983 1420 vidisti,
1021 1381 1110 1410 non
1141 1364 1330 1409 debuisti
1364 1364 1419 1409 ad
1451 1364 1650 1409 factiosos
1675 1380 1778 1424 pro-

381 1436 560 1491 cedere,
589 1435 665 1480 sed
699 1451 868 1480 servare
900 1451 1074 1480 causam
1104 1445 1226 1480 tuam
1252 1434 1420 1479 meliori
1447 1435 1616 1495 judicio
1646 1435 1779 1494 partis

381 1516 485 1551 tuae.
514 1507 722 1551 Restabat
739 1506 855 1550 enim
878 1522 1034 1565 magna
1055 1522 1151 1566 pars
1173 1507 1343 1561 Donati,
1366 1506 1440 1550 ubi
1459 1523 1502 1549 se
1520 1515 1663 1566 posset
1679 1521 1779 1565 pur-

381 1593 482 1637 gare
509 1577 753 1623 Primianus
772 1597 781 1622 :
806 1586 1035 1637 propterea
1058 1576 1113 1621 ad
1139 1576 1234 1621 illos
1253 1577 1328 1637 qui
1346 1578 1437 1637 jam
1461 1577 1650 1621 factione
1673 1592 1781 1621 con-

379 1649 673 1709 spiraverant,
700 1650 813 1692 exire
831 1647 987 1692 noluit.
1016 1648 1147 1692 Vides
1170 1647 1394 1707 quomodo
1413 1647 1641 1692 laudamus
1668 1663 1778 1692 con-

379 1720 523 1764 silium
555 1730 682 1764 tuum
722 1719 927 1764 adversus
964 1719 1328 1774 Maximianistas,
1372 1718 1484 1762 benc
1523 1718 1701 1762 attende
1737 1728 1780 1764 et

380 1808 554 1837 causam
572 1790 819 1836 Caeciliani:
842 1807 929 1835 non
945 1791 1008 1835 vis
1031 1800 1080 1834 ut
1099 1790 1258 1848 frater,
1280 1788 1502 1850 quomodo
1525 1798 1773 1845 extraneus,

380 1862 439 1907 sic
464 1861 628 1922 judica.
655 1860 840 1907 Noluisti
864 1862 977 1904 exire
994 1896 1004 1913 ,
1031 1860 1138 1921 quid
1168 1860 1248 1904 tibi
1272 1860 1447 1904 dicens?
1484 1860 1560 1904 Isti
1587 1859 1779 1904 factione

380 1933 740 1993 conspiraverunt
765 1941 916 1977 contra
946 1931 1129 1975 salutem
1160 1946 1300 1975 meam
1317 1966 1327 1986 ,
1358 1931 1552 1990 corrupti
1579 1941 1682 1976 sunt
1701 1930 1780 1976 ad-

380 2019 553 2050 versum
570 2020 637 2048 me
651 2023 659 2049 ;
671 2004 704 2048 si
718 2019 788 2047 me
800 2002 882 2047 illis
896 2003 1168 2057 commisero,
1190 2001 1303 2046 facio
1317 2001 1622 2063 praejudicium
1636 2018 1779 2046 causae

380 2091 488 2120 meae
509 2095 518 2120 ε
540 2091 629 2120 non
652 2074 707 2119 ad
724 2090 795 2119 eos
818 2074 966 2128 exibo,
987 2082 1181 2117 servetur
1204 2088 1330 2117 causa
1347 2088 1441 2116 mea
1459 2070 1712 2117 melioribus
1736 2082 1779 2117 ct

380 2146 637 2191 auctoritate
671 2144 957 2204 gravioribus.
992 2146 1164 2187 Bonum
1200 2142 1443 2186 consilium.
1481 2142 1599 2196 Quid
1630 2144 1664 2186 si
1694 2144 1778 2188 hoc

380 2217 488 2263 dixit
523 2217 809 2263 Caecilianus?
844 2218 1107 2276 Quanquam
1135 2213 1353 2258 laborabis
1386 2223 1461 2269 tu,
1489 2224 1540 2258 ut
1576 2214 1777 2259 ostendas

380 2306 479 2350 quae
502 2289 704 2335 adversus
728 2298 769 2333 te
787 2288 889 2333 istos
907 2287 989 2332 alia
1012 2285 1176 2331 Lucilla
1201 2286 1468 2346 corruperit,
1491 2295 1535 2330 et
1557 2284 1669 2331 forte
1687 2303 1778 2332 non

380 2362 637 2405 inventurus
653 2396 664 2416 ,
683 2360 805 2421 quod
821 2358 893 2404 ille
912 2368 1016 2403 tunc
1035 2374 1173 2419 usquc
1196 2356 1306 2402 adeo
1329 2366 1524 2413 noverat,
1550 2367 1600 2402 ut
1628 2368 1777 2418 postea

381 2433 518 2477 Gestis
542 2433 782 2492 aperiretur
797 2434 875 2490 (6).
914 2429 998 2476 Sed
1026 2429 1173 2475 vidisti
1207 2429 1351 2474 nescio
1381 2429 1489 2490 (μιίἀ
1524 2429 1773 2485 occultum,

381 2503 677 2548 renuntiatum
702 2502 863 2547 esttibi
881 2500 1045 2562 aliquid
1068 2499 1369 2545 metuendum.
1394 2501 1600 2545 Concedo
1623 2502 1771 2545 timori

379 2582 457 2619 tuo
474 2573 689 2619 cautelam
710 2573 836 2618 istam
859 2592 867 2618 :
894 2581 1010 2618 recte
1024 2571 1177 2627 fecisti,
1196 2570 1251 2616 ad
1272 2570 1379 2617 tales
1401 2587 1489 2617 non
1507 2571 1772 2632 procedere3
