1841 3223
325 170 409 210 546
721 179 754 206 s.
791 179 1021 207 Aucus‘rim
1054 180 1234 207 Eriscom

323 247 425 290 teris
448 245 582 289 ullam
606 259 683 303 pro
711 244 884 288 Christo
909 245 1253 304 persecutionem
1271 278 1281 298 ,
1306 243 1405 288 vide
1435 259 1489 287 ne
1515 243 1713 288 nondum

323 315 507 375 coeperis
534 314 580 357 in
607 314 780 359 Christo
809 314 878 373 pie
921 314 1079 359 vivere.
1124 317 1236 358 Cum
1274 322 1421 357 autem
1453 314 1636 373 coeperis
1668 313 1715 356 in

323 387 496 432 Christo
525 385 594 444 pie
622 388 766 430 vivere
784 420 795 440 ‚
821 385 1036 443 ingressus
1060 401 1103 429 cs
1135 385 1353 443 torcular3
1380 400 1572 444 praepara
1597 394 1637 428 te
1659 383 1715 428 ad

322 472 541 517 pressuras
560 475 570 501 z
593 455 668 500 sed
688 454 777 499 noli
796 471 884 499 esse
902 456 1066 510 aridus,
1089 471 1143 499 ne
1161 454 1216 499 de
1234 471 1430 515 pressura
1448 454 1559 499 nihil
1575 463 1711 499 exeat.

381 542 436 584 V.
467 558 487 581 «
505 538 886 584 Conculcaverunt
899 554 968 582 me
979 539 1142 582 inimici
1155 540 1236 582 mei
1251 547 1341 583 tota
1359 538 1480 582 die.»
1506 537 1573 582 Illi
1587 537 1717 595 longe

321 609 426 655 sacti
444 626 468 654 a
489 610 669 664 sanctis,
695 609 774 668 ipsi
791 609 956 653 inimici
973 610 1072 652 mei.
1103 629 1123 651 «
1151 612 1258 653 Tota
1279 608 1348 652 die
1370 628 1378 654 ε
1403 627 1423 650 ))
1444 609 1720 669 jamdictum

322 690 402 726 cst.
431 700 451 722 «
478 681 548 725 Ab
570 679 800 724 altitudine
818 679 904 723 diei
926 681 955 722 ¹.
978 698 998 720 »
1023 679 1140 732 Quid
1162 679 1244 723 sibi
1266 680 1349 723 hoc
1370 679 1493 724 vult:
1524 697 1544 721 «
1562 679 1631 723 Ab
1654 677 1721 722 al-

325 769 346 794 »
377 750 566 796 titudine
584 751 704 795 diei?
729 753 860 794 Forte
883 749 1021 793 altum
1048 758 1112 793 est
1135 749 1191 793 ad
1213 748 1500 794 intellectum.
1521 751 1610 794 Nec
1632 750 1718 792 mi-

323 838 447 877 rum,
480 823 581 882 quia
615 820 802 865 altitudo
840 819 927 864 diei
955 829 1035 864 est.
1071 823 1202 864 Forte
1237 820 1354 863 enim
1390 819 1454 863 illi
1490 829 1721 879 propterea

323 895 454 953 longe
476 892 581 938 facti
601 903 704 937 sunt
721 909 745 937 a
767 893 925 937 sanctis
939 927 950 948 ‚
977 892 1080 952 quia
1108 907 1198 936 non
1230 901 1471 952 potuerunt
1494 900 1722 951 penetrare

326 964 604 1010 altitudinem
626 964 728 1019 diei,
754 965 878 1024 cujus
897 963 1337 1024 Apostoliduodecim
1355 965 1472 1008 horae
1486 963 1716 1021 fulgentes.

326 1040 444 1096 Ergo
465 1037 542 1097 qui
564 1046 775 1096 tanquam
796 1036 1018 1080 hominem
1038 1036 1349 1080 crucifixerunt
1362 1071 1372 1090 ,
1398 1036 1443 1079 in
1461 1035 1531 1079 die
1548 1050 1720 1079 errave·-

327 1118 447 1152 runt.
474 1110 617 1161 Quare
639 1117 786 1151 autem
808 1107 1009 1150 tenebras
1026 1107 1137 1166 passi
1158 1115 1260 1150 sunt
1279 1142 1290 1159 ‚
1316 1115 1366 1150 ut
1386 1105 1517 1165 longe
1536 1107 1724 1150 fierenta

327 1180 516 1224 sanctis?
536 1179 648 1232 Quia
682 1178 728 1222 in
759 1177 848 1222 alto
878 1177 1054 1222 lucebat
1082 1176 1196 1232 dies,
1222 1178 1268 1221 in
1292 1176 1381 1221 lato
1403 1176 1612 1221 latentem
1635 1191 1726 1221 non

327 1260 646 1310 cognoverunt.
675 1269 696 1291 «
726 1250 767 1294 Si
800 1250 916 1293 enim
946 1249 1277 1308 cognovissent,
1313 1264 1542 1308 nunquam
1574 1247 1725 1292 Domi-

330 1342 350 1365 »
387 1339 496 1367 num
519 1323 668 1382 gloriae
698 1321 1011 1366 crucifixissent
1027 1325 1059 1364 ².
1081 1339 1100 1361 n
1130 1323 1220 1364 Hac
1246 1336 1350 1379 ergo
1384 1319 1613 1364 altitudine
1639 1318 1725 1363 diei

329 1393 591 1453 repercussi,
617 1402 661 1436 et
681 1391 812 1451 longe
834 1391 940 1435 facti
962 1407 985 1435 a
1003 1391 1179 1445 sanctis,
1197 1390 1297 1435 sacti
1319 1397 1421 1434 sunt
1440 1389 1627 1445 inimici,
1651 1390 1727 1450 qui

333 1463 542 1508 tribulent
559 1473 602 1508 et
618 1462 878 1507 conculcent
895 1473 1105 1521 tanquam
1129 1475 1260 1505 uvam
1276 1461 1321 1504 in
1345 1460 1567 1505 torculari.
1590 1463 1666 1504 Est
1686 1468 1730 1504 ct

329 1535 438 1580 alius
470 1534 733 1578 intellectus.
760 1533 867 1577 «Ab
899 1531 1131 1576 altitudine
1161 1531 1247 1576 diei
1271 1531 1642 1577 conculcaverunt
1660 1546 1730 1575 me

335 1625 355 1649 »
390 1605 557 1650 inimici
574 1605 659 1649 mei
679 1614 771 1649 tota
788 1602 858 1647 die
874 1638 885 1659 ‚
912 1621 932 1644 n
955 1604 1038 1647 hoc
1060 1611 1144 1658 est,
1169 1611 1263 1647 toto
1289 1612 1482 1663 tempore
1507 1622 1517 1647 ε
1548 1604 1652 1646 «Ab
1669 1601 1732 1646 al·-

336 1696 357 1720 »
392 1675 583 1722 titudine
605 1676 691 1720 diei
707 1711 718 1731 ,
742 1694 762 1716 n
787 1676 871 1719 hoc
894 1684 983 1731 est,
1009 1691 1032 1718 a
1054 1675 1256 1734 superbia
1278 1673 1522 1733 temporali.
1545 1672 1731 1726 Quando

333 1749 450 1793 enim
471 1745 757 1801 conculeant,
778 1745 854 1790 alti
875 1746 977 1789 sunt
1001 1765 1010 1789 ε
1035 1744 1222 1789 humiles
1245 1756 1348 1789 sunt
1367 1745 1444 1804 qui
1465 1743 1731 1788 conculcan-

334 1828 423 1874 tur,
449 1817 526 1862 alti
542 1826 646 1860 sunt
666 1816 743 1876 qui
760 1815 1038 1859 conculcant.
1067 1814 1150 1859 Sed
1170 1814 1259 1858 noli
1281 1815 1434 1858 timere
1455 1813 1733 1858 altitudinem

336 1887 693 1934 conculcantium
723 1906 732 1932 :
764 1884 852 1930 diei
885 1884 1073 1929 altitudo
1101 1893 1193 1940 est,
1233 1884 1483 1944 temporalis
1513 1894 1608 1941 est,
1643 1900 1735 1930 non

337 1969 516 2005 aeterna.

397 2045 476 2086 VI.
514 2060 535 2083 u
561 2039 779 2093 Quoniam
803 2037 931 2082 multi
953 2037 1029 2097 qui
1050 2035 1275 2082 debellant
1301 2053 1397 2094 me,
1423 2032 1683 2082 timebunt-³.
1712 2056 1732 2080 »

341 2111 530 2168 Quando
557 2110 814 2156 timebunt?
847 2110 962 2154 Cum
995 2108 1213 2153 transierit
1244 2109 1363 2165 dies,
1390 2125 1477 2170 qua
1506 2109 1580 2153 alti
1616 2118 1733 2153 sunt.

342 2184 517 2230 Etenim
550 2182 606 2227 ad
639 2191 811 2241 tempus
843 2180 919 2224 alti
953 2189 1076 2235 sunt,
1112 2180 1236 2225 finito
1268 2190 1463 2240 tempore
1494 2179 1738 2225 altitudinis

344 2272 434 2302 suae
456 2254 690 2300 timebunt.
719 2272 740 2295 «
762 2255 856 2311 Ego
877 2267 980 2296 vero
1000 2250 1045 2295 in
1073 2261 1114 2295 te
1139 2251 1345 2312 sperabo,
1372 2251 1570 2296 Domine.
1599 2270 1619 2293 >›
1641 2254 1739 2297 Non

347 2328 407 2372 ait
424 2329 541 2384 :Ego
558 2340 661 2369 vero
685 2338 774 2367 non
797 2321 961 2365 timebo
987 2341 996 2366 :
1023 2320 1121 2376 scd⁷
1144 2320 1392 2382 «Multiqui
1407 2320 1628 2366 debellant
1645 2336 1735 2376 me,

349 2415 371 2440 >›
406 2396 625 2442 timebunt
651 2414 660 2439 ;
686 2411 708 2435 ³>
734 2396 848 2439 Cum
869 2391 1038 2437 venerit
1058 2391 1131 2435 ille
1154 2391 1244 2436 dies
1261 2392 1437 2451 judicii,
1459 2391 1741 2436 tunclamcn·

400 2515 407 2531 ¹
436 2507 505 2538 P'sal
539 2517 590 2546 tv,
611 2505 643 2547 3,
661 2504 689 2546 4.
714 2522 752 2526 —
773 2511 785 2526 2
806 2514 825 2535 2
844 2506 904 2536 Cor
934 2503 1020 2543 1178.
1045 2519 1082 2524 --
1105 2500 1117 2524 3
1140 2502 1218 2533 l‘sal.
1245 2512 1294 2542 tv,
1317 2500 1349 2542 4.
