<?xml version="1.0" encoding="UTF-8"?>
<!DOCTYPE html PUBLIC "-//W3C//DTD XHTML 1.0 Transitional//EN"
    "http://www.w3.org/TR/xhtml1/DTD/xhtml1-transitional.dtd">
<html xmlns="http://www.w3.org/1999/xhtml" xml:lang="en" lang="en">
 <head>
  <title>
</title>
<meta http-equiv="Content-Type" content="text/html;charset=utf-8" />
  <meta name='ocr-system' content='tesseract 3.04.00' />
  <meta name='ocr-capabilities' content='ocr_page ocr_carea ocr_par ocr_line ocrx_word'/>
</head>
<body>
  <div class='ocr_page' id='page_1' title='image "./operaomniaaccura08auguuoft_0086.png"; bbox 0 0 1841 3223; ppageno 0'>
   <div class='ocr_carea' id='block_1_1' title="bbox 389 236 1336 275">
    <p class='ocr_par' dir='ltr' id='par_1_1' title="bbox 389 236 1336 275">
     <span class='ocr_line' id='line_1_1' title="bbox 389 236 1336 275; baseline 0 -1"><span class='ocrx_word' id='word_1_1' title='bbox 389 236 444 275; x_wconf 80' lang='lat'>&#39;76</span> <span class='ocrx_word' id='word_1_2' title='bbox 817 246 850 275; x_wconf 88' lang='lat' dir='ltr'>s.</span> <span class='ocrx_word' id='word_1_3' title='bbox 889 245 1120 275; x_wconf 72' lang='lat' dir='ltr'>Aucus&#39;ruu</span> <span class='ocrx_word' id='word_1_4' title='bbox 1154 247 1336 275; x_wconf 79' lang='lat' dir='ltr'>EPISCOPI</span> 
     </span>
    </p>
   </div>
   <div class='ocr_carea' id='block_1_2' title="bbox 378 309 1780 2568">
    <p class='ocr_par' dir='ltr' id='par_1_2' title="bbox 380 309 1780 1647">
     <span class='ocr_line' id='line_1_2' title="bbox 443 309 1773 372; baseline -0.002 -16"><span class='ocrx_word' id='word_1_5' title='bbox 443 316 494 356; x_wconf 72' lang='lat' dir='ltr'>Y.</span> <span class='ocrx_word' id='word_1_6' title='bbox 516 313 598 357; x_wconf 88' lang='lat' dir='ltr'>Sed</span> <span class='ocrx_word' id='word_1_7' title='bbox 613 312 820 356; x_wconf 79' lang='lat' dir='ltr'><strong>debemus</strong></span> <span class='ocrx_word' id='word_1_8' title='bbox 841 323 991 371; x_wconf 87' lang='lat' dir='ltr'>optare</span> <span class='ocrx_word' id='word_1_9' title='bbox 1012 312 1144 356; x_wconf 90' lang='lat' dir='ltr'>etiam</span> <span class='ocrx_word' id='word_1_10' title='bbox 1167 311 1249 356; x_wconf 86' lang='lat' dir='ltr'>illis</span> <span class='ocrx_word' id='word_1_11' title='bbox 1267 327 1466 372; x_wconf 83' lang='lat' dir='ltr'>perquos</span> <span class='ocrx_word' id='word_1_12' title='bbox 1486 309 1773 370; x_wconf 85' lang='lat' dir='ltr'>flagellamur,</span> 
     </span>
     <span class='ocr_line' id='line_1_3' title="bbox 383 381 1777 442; baseline -0.001 -16"><span class='ocrx_word' id='word_1_13' title='bbox 383 394 433 428; x_wconf 89' lang='lat' dir='ltr'>ut</span> <span class='ocrx_word' id='word_1_14' title='bbox 455 392 781 437; x_wconf 71' lang='lat' dir='ltr'>convertantur,</span> <span class='ocrx_word' id='word_1_15' title='bbox 798 392 840 426; x_wconf 92' lang='lat' dir='ltr'>ct</span> <span class='ocrx_word' id='word_1_16' title='bbox 858 382 1146 442; x_wconf 81' lang='lat' dir='ltr'>flagellentur.</span> <span class='ocrx_word' id='word_1_17' title='bbox 1172 383 1240 428; x_wconf 89' lang='lat' dir='ltr'>Sic</span> <span class='ocrx_word' id='word_1_18' title='bbox 1260 383 1374 426; x_wconf 90' lang='lat' dir='ltr'>enim</span> <span class='ocrx_word' id='word_1_19' title='bbox 1395 398 1494 427; x_wconf 90' lang='lat' dir='ltr'>suos</span> <span class='ocrx_word' id='word_1_20' title='bbox 1508 381 1656 426; x_wconf 82' lang='lat' dir='ltr'>fideles</span> <span class='ocrx_word' id='word_1_21' title='bbox 1675 397 1777 425; x_wconf 88' lang='lat' dir='ltr'>eru-</span> 
     </span>
     <span class='ocr_line' id='line_1_4' title="bbox 383 452 1774 512; baseline -0.001 -15"><span class='ocrx_word' id='word_1_22' title='bbox 383 453 553 506; x_wconf 78' lang='lat' dir='ltr'>diebat,</span> <span class='ocrx_word' id='word_1_23' title='bbox 599 453 674 512; x_wconf 87' lang='lat' dir='ltr'>qui</span> <span class='ocrx_word' id='word_1_24' title='bbox 706 452 761 496; x_wconf 88' lang='lat' dir='ltr'>de</span> <span class='ocrx_word' id='word_1_25' title='bbox 801 452 930 497; x_wconf 90' lang='lat' dir='ltr'>Saulo</span> <span class='ocrx_word' id='word_1_26' title='bbox 961 453 1180 511; x_wconf 81' lang='lat' dir='ltr'>flagellum</span> <span class='ocrx_word' id='word_1_27' title='bbox 1203 454 1282 497; x_wconf 89' lang='lat' dir='ltr'>sibi</span> <span class='ocrx_word' id='word_1_28' title='bbox 1313 453 1496 509; x_wconf 84' lang='lat' dir='ltr'>fecerat,</span> <span class='ocrx_word' id='word_1_29' title='bbox 1528 452 1602 497; x_wconf 90' lang='lat' dir='ltr'>sed</span> <span class='ocrx_word' id='word_1_30' title='bbox 1629 461 1774 512; x_wconf 87' lang='lat' dir='ltr'>postea</span> 
     </span>
     <span class='ocr_line' id='line_1_5' title="bbox 382 524 1777 585; baseline -0.001 -16"><span class='ocrx_word' id='word_1_31' title='bbox 382 524 596 569; x_wconf 78' lang='lat' dir='ltr'>convertit</span> <span class='ocrx_word' id='word_1_32' title='bbox 618 533 660 567; x_wconf 89' lang='lat' dir='ltr'>et</span> <span class='ocrx_word' id='word_1_33' title='bbox 683 524 878 569; x_wconf 89' lang='lat' dir='ltr'>Saulum.</span> <span class='ocrx_word' id='word_1_34' title='bbox 905 528 961 569; x_wconf 90' lang='lat' dir='ltr'>Et</span> <span class='ocrx_word' id='word_1_35' title='bbox 983 541 1083 569; x_wconf 88' lang='lat' dir='ltr'>cum</span> <span class='ocrx_word' id='word_1_36' title='bbox 1106 526 1287 571; x_wconf 78' lang='lat' dir='ltr'>Ananiae</span> <span class='ocrx_word' id='word_1_37' title='bbox 1310 535 1480 579; x_wconf 83' lang='lat' dir='ltr'>sancto,</span> <span class='ocrx_word' id='word_1_38' title='bbox 1507 542 1529 569; x_wconf 89' lang='lat' dir='ltr'>a</span> <span class='ocrx_word' id='word_1_39' title='bbox 1551 541 1641 585; x_wconf 83' lang='lat' dir='ltr'>quo</span> <span class='ocrx_word' id='word_1_40' title='bbox 1665 525 1777 584; x_wconf 90' lang='lat' dir='ltr'>bap-</span> 
     </span>
     <span class='ocr_line' id='line_1_6' title="bbox 383 594 1777 655; baseline 0 -16"><span class='ocrx_word' id='word_1_41' title='bbox 383 596 535 639; x_wconf 76' lang='lat' dir='ltr'>tizatus</span> <span class='ocrx_word' id='word_1_42' title='bbox 558 603 621 638; x_wconf 86' lang='lat' dir='ltr'>cst</span> <span class='ocrx_word' id='word_1_43' title='bbox 650 595 804 640; x_wconf 78' lang='lat' dir='ltr'>Saulus</span> <span class='ocrx_word' id='word_1_44' title='bbox 820 631 830 650; x_wconf 96' lang='lat'>,</span> <span class='ocrx_word' id='word_1_45' title='bbox 856 595 1019 641; x_wconf 88' lang='lat' dir='ltr'>diceret</span> <span class='ocrx_word' id='word_1_46' title='bbox 1044 597 1252 640; x_wconf 85' lang='lat' dir='ltr'>Dominus</span> <span class='ocrx_word' id='word_1_47' title='bbox 1269 632 1279 650; x_wconf 93' lang='lat'>,</span> <span class='ocrx_word' id='word_1_48' title='bbox 1305 595 1429 640; x_wconf 90' lang='lat' dir='ltr'>illum</span> <span class='ocrx_word' id='word_1_49' title='bbox 1454 594 1777 655; x_wconf 87' lang='lat' dir='ltr'>suscipiendum</span> 
     </span>
     <span class='ocr_line' id='line_1_7' title="bbox 382 664 1773 726; baseline 0 -16"><span class='ocrx_word' id='word_1_50' title='bbox 382 681 472 710; x_wconf 87' lang='lat' dir='ltr'>esse</span> <span class='ocrx_word' id='word_1_51' title='bbox 496 664 698 720; x_wconf 88' lang='lat' dir='ltr'>Saulum,</span> <span class='ocrx_word' id='word_1_52' title='bbox 724 666 826 726; x_wconf 86' lang='lat' dir='ltr'>quia</span> <span class='ocrx_word' id='word_1_53' title='bbox 843 682 917 710; x_wconf 88' lang='lat' dir='ltr'>vas</span> <span class='ocrx_word' id='word_1_54' title='bbox 931 666 1300 724; x_wconf 78' lang='lat' dir='ltr'>essetelectionis3</span> <span class='ocrx_word' id='word_1_55' title='bbox 1327 666 1773 726; x_wconf 80' lang='lat' dir='ltr'>responditAnanias‚</span> 
     </span>
     <span class='ocr_line' id='line_1_8' title="bbox 382 736 1772 797; baseline 0.001 -17"><span class='ocrx_word' id='word_1_56' title='bbox 382 737 537 780; x_wconf 85' lang='lat' dir='ltr'>timens</span> <span class='ocrx_word' id='word_1_57' title='bbox 563 747 606 781; x_wconf 90' lang='lat' dir='ltr'>ct</span> <span class='ocrx_word' id='word_1_58' title='bbox 642 738 945 782; x_wconf 70' lang='lat' dir='ltr'>exhorrescens</span> <span class='ocrx_word' id='word_1_59' title='bbox 975 738 1122 782; x_wconf 84' lang='lat' dir='ltr'>audita</span> <span class='ocrx_word' id='word_1_60' title='bbox 1156 738 1270 781; x_wconf 81' lang='lat' dir='ltr'>fama</span> <span class='ocrx_word' id='word_1_61' title='bbox 1303 737 1421 782; x_wconf 84' lang='lat' dir='ltr'>Sauli</span> <span class='ocrx_word' id='word_1_62' title='bbox 1450 736 1736 797; x_wconf 86' lang='lat' dir='ltr'>persecutoris</span> <span class='ocrx_word' id='word_1_63' title='bbox 1763 755 1772 782; x_wconf 90' lang='lat'>:</span> 
     </span>
     <span class='ocr_line' id='line_1_9' title="bbox 385 808 1779 869; baseline 0.001 -20"><span class='ocrx_word' id='word_1_64' title='bbox 385 827 406 849; x_wconf 72' lang='grc' dir='ltr'>α</span> <span class='ocrx_word' id='word_1_65' title='bbox 441 808 649 863; x_wconf 80' lang='lat' dir='ltr'>Domine,</span> <span class='ocrx_word' id='word_1_66' title='bbox 677 809 849 863; x_wconf 84' lang='lat' dir='ltr'>audivi,</span> <span class='ocrx_word' id='word_1_67' title='bbox 876 809 1020 869; x_wconf 81' lang='lat' dir='ltr'>inquit</span> <span class='ocrx_word' id='word_1_68' title='bbox 1041 844 1051 863; x_wconf 96' lang='lat'>,</span> <span class='ocrx_word' id='word_1_69' title='bbox 1077 823 1156 866; x_wconf 81' lang='lat' dir='ltr'>ego</span> <span class='ocrx_word' id='word_1_70' title='bbox 1177 808 1232 851; x_wconf 88' lang='lat' dir='ltr'>de</span> <span class='ocrx_word' id='word_1_71' title='bbox 1255 808 1348 852; x_wconf 82' lang='lat' dir='ltr'>viro</span> <span class='ocrx_word' id='word_1_72' title='bbox 1370 808 1452 852; x_wconf 87' lang='lat' dir='ltr'>isto</span> <span class='ocrx_word' id='word_1_73' title='bbox 1477 817 1660 868; x_wconf 85' lang='lat' dir='ltr'>quantas</span> <span class='ocrx_word' id='word_1_74' title='bbox 1684 823 1779 867; x_wconf 82' lang='lat' dir='ltr'>per-</span> 
     </span>
     <span class='ocr_line' id='line_1_10' title="bbox 385 871 1780 936; baseline 0.002 -17"><span class='ocrx_word' id='word_1_75' title='bbox 385 896 405 919; x_wconf 99' lang='lat'>»</span> <span class='ocrx_word' id='word_1_76' title='bbox 441 879 684 923; x_wconf 82' lang='lat' dir='ltr'>secutiones</span> <span class='ocrx_word' id='word_1_77' title='bbox 712 880 868 923; x_wconf 86' lang='lat' dir='ltr'>sanctis</span> <span class='ocrx_word' id='word_1_78' title='bbox 900 880 985 923; x_wconf 84' lang='lat' dir='ltr'>tuis</span> <span class='ocrx_word' id='word_1_79' title='bbox 1019 879 1169 923; x_wconf 82' lang='lat' dir='ltr'>fecerit</span> <span class='ocrx_word' id='word_1_80' title='bbox 1195 879 1239 921; x_wconf 91' lang='lat' dir='ltr'>in</span> <span class='ocrx_word' id='word_1_81' title='bbox 1267 871 1558 936; x_wconf 65' lang='lat' dir='ltr'>Je‘rosolyma,</span> <span class='ocrx_word' id='word_1_82' title='bbox 1591 888 1634 923; x_wconf 89' lang='lat' dir='ltr'>et</span> <span class='ocrx_word' id='word_1_83' title='bbox 1661 893 1780 922; x_wconf 85' lang='lat' dir='ltr'>nunc</span> 
     </span>
     <span class='ocr_line' id='line_1_11' title="bbox 384 949 1779 1010; baseline 0.003 -20"><span class='ocrx_word' id='word_1_84' title='bbox 384 967 404 990; x_wconf 92' lang='lat'>»</span> <span class='ocrx_word' id='word_1_85' title='bbox 440 949 626 1008; x_wconf 85' lang='lat' dir='ltr'>acceptis</span> <span class='ocrx_word' id='word_1_86' title='bbox 658 950 810 993; x_wconf 80' lang='lat' dir='ltr'>litteris</span> <span class='ocrx_word' id='word_1_87' title='bbox 838 949 985 1004; x_wconf 88' lang='lat' dir='ltr'>vadit,</span> <span class='ocrx_word' id='word_1_88' title='bbox 1029 958 1080 993; x_wconf 90' lang='lat' dir='ltr'>ut</span> <span class='ocrx_word' id='word_1_89' title='bbox 1111 949 1381 1010; x_wconf 89' lang='lat' dir='ltr'>ubicumque</span> <span class='ocrx_word' id='word_1_90' title='bbox 1408 949 1625 993; x_wconf 89' lang='lat' dir='ltr'>invenerit</span> <span class='ocrx_word' id='word_1_91' title='bbox 1652 949 1779 994; x_wconf 90' lang='lat' dir='ltr'>invo-</span> 
     </span>
     <span class='ocr_line' id='line_1_12' title="bbox 385 1019 1778 1079; baseline 0.003 -19"><span class='ocrx_word' id='word_1_92' title='bbox 385 1037 404 1061; x_wconf 94' lang='lat'>»</span> <span class='ocrx_word' id='word_1_93' title='bbox 439 1029 584 1063; x_wconf 86' lang='lat' dir='ltr'>cantes</span> <span class='ocrx_word' id='word_1_94' title='bbox 607 1035 768 1064; x_wconf 90' lang='lat' dir='ltr'>nomen</span> <span class='ocrx_word' id='word_1_95' title='bbox 790 1029 944 1075; x_wconf 83' lang='lat' dir='ltr'>tuum,</span> <span class='ocrx_word' id='word_1_96' title='bbox 976 1020 1119 1064; x_wconf 87' lang='lat' dir='ltr'>trahat</span> <span class='ocrx_word' id='word_1_97' title='bbox 1151 1029 1194 1064; x_wconf 90' lang='lat' dir='ltr'>et</span> <span class='ocrx_word' id='word_1_98' title='bbox 1223 1019 1355 1079; x_wconf 82' lang='lat' dir='ltr'>liget,</span> <span class='ocrx_word' id='word_1_99' title='bbox 1392 1030 1435 1064; x_wconf 90' lang='lat' dir='ltr'>et</span> <span class='ocrx_word' id='word_1_100' title='bbox 1465 1019 1518 1063; x_wconf 90' lang='lat' dir='ltr'>ad</span> <span class='ocrx_word' id='word_1_101' title='bbox 1548 1020 1778 1079; x_wconf 85' lang='lat' dir='ltr'>pontifices</span> 
     </span>
     <span class='ocr_line' id='line_1_13' title="bbox 384 1089 1780 1150; baseline 0.003 -20"><span class='ocrx_word' id='word_1_102' title='bbox 384 1108 404 1131; x_wconf 93' lang='lat'>»</span> <span class='ocrx_word' id='word_1_103' title='bbox 441 1089 644 1134; x_wconf 85' lang='lat' dir='ltr'>adducat.</span> <span class='ocrx_word' id='word_1_104' title='bbox 676 1109 695 1132; x_wconf 90' lang='lat'>»</span> <span class='ocrx_word' id='word_1_105' title='bbox 717 1093 774 1135; x_wconf 92' lang='lat' dir='ltr'>Et</span> <span class='ocrx_word' id='word_1_106' title='bbox 793 1100 945 1135; x_wconf 88' lang='lat' dir='ltr'>contra</span> <span class='ocrx_word' id='word_1_107' title='bbox 968 1091 1179 1135; x_wconf 88' lang='lat' dir='ltr'>Dominus</span> <span class='ocrx_word' id='word_1_108' title='bbox 1205 1109 1213 1135; x_wconf 91' lang='lat'>:</span> <span class='ocrx_word' id='word_1_109' title='bbox 1241 1091 1379 1135; x_wconf 84' lang='lat' dir='ltr'>«Sine</span> <span class='ocrx_word' id='word_1_110' title='bbox 1395 1125 1405 1145; x_wconf 91' lang='lat'>,</span> <span class='ocrx_word' id='word_1_111' title='bbox 1431 1091 1596 1150; x_wconf 89' lang='lat' dir='ltr'>inquit,</span> <span class='ocrx_word' id='word_1_112' title='bbox 1617 1105 1697 1148; x_wconf 82' lang='lat' dir='ltr'>ego</span> <span class='ocrx_word' id='word_1_113' title='bbox 1717 1090 1780 1135; x_wconf 90' lang='lat' dir='ltr'>illi</span> 
     </span>
     <span class='ocr_line' id='line_1_14' title="bbox 383 1161 1775 1222; baseline 0.001 -20"><span class='ocrx_word' id='word_1_114' title='bbox 383 1179 404 1202; x_wconf 90' lang='lat'>»</span> <span class='ocrx_word' id='word_1_115' title='bbox 440 1161 665 1205; x_wconf 88' lang='lat' dir='ltr'>ostendam</span> <span class='ocrx_word' id='word_1_116' title='bbox 687 1178 786 1222; x_wconf 69' lang='lat' dir='ltr'>quse</span> <span class='ocrx_word' id='word_1_117' title='bbox 808 1161 933 1206; x_wconf 90' lang='lat' dir='ltr'>illum</span> <span class='ocrx_word' id='word_1_118' title='bbox 949 1171 1151 1221; x_wconf 82' lang='lat' dir='ltr'>oporteat</span> <span class='ocrx_word' id='word_1_119' title='bbox 1171 1162 1261 1221; x_wconf 89' lang='lat' dir='ltr'>pati</span> <span class='ocrx_word' id='word_1_120' title='bbox 1281 1177 1359 1221; x_wconf 89' lang='lat' dir='ltr'>pro</span> <span class='ocrx_word' id='word_1_121' title='bbox 1382 1161 1559 1205; x_wconf 89' lang='lat' dir='ltr'>nomine</span> <span class='ocrx_word' id='word_1_122' title='bbox 1582 1177 1679 1206; x_wconf 89' lang='lat' dir='ltr'>meo</span> <span class='ocrx_word' id='word_1_123' title='bbox 1694 1164 1725 1205; x_wconf 84' lang='lat'>¹.</span> <span class='ocrx_word' id='word_1_124' title='bbox 1755 1180 1775 1203; x_wconf 92' lang='lat'>»</span> 
     </span>
     <span class='ocr_line' id='line_1_15' title="bbox 383 1230 1780 1293; baseline 0.001 -19"><span class='ocrx_word' id='word_1_125' title='bbox 383 1230 582 1275; x_wconf 80' lang='lat' dir='ltr'>Reddam</span> <span class='ocrx_word' id='word_1_126' title='bbox 620 1231 704 1286; x_wconf 88' lang='lat' dir='ltr'>illi,</span> <span class='ocrx_word' id='word_1_127' title='bbox 743 1232 907 1293; x_wconf 82' lang='lat' dir='ltr'>inquit,</span> <span class='ocrx_word' id='word_1_128' title='bbox 939 1232 1173 1277; x_wconf 85' lang='lat' dir='ltr'>vindicabo</span> <span class='ocrx_word' id='word_1_129' title='bbox 1199 1248 1268 1276; x_wconf 90' lang='lat' dir='ltr'>me</span> <span class='ocrx_word' id='word_1_130' title='bbox 1296 1232 1351 1276; x_wconf 91' lang='lat' dir='ltr'>de</span> <span class='ocrx_word' id='word_1_131' title='bbox 1389 1231 1491 1290; x_wconf 67' lang='lat' dir='ltr'>illo,</span> <span class='ocrx_word' id='word_1_132' title='bbox 1520 1242 1564 1276; x_wconf 90' lang='lat' dir='ltr'>et</span> <span class='ocrx_word' id='word_1_133' title='bbox 1591 1232 1780 1292; x_wconf 89' lang='lat' dir='ltr'>patietur</span> 
     </span>
     <span class='ocr_line' id='line_1_16' title="bbox 382 1302 1780 1364; baseline 0.001 -19"><span class='ocrx_word' id='word_1_134' title='bbox 382 1317 460 1361; x_wconf 87' lang='lat' dir='ltr'>pro</span> <span class='ocrx_word' id='word_1_135' title='bbox 484 1303 661 1346; x_wconf 88' lang='lat' dir='ltr'>nomine</span> <span class='ocrx_word' id='word_1_136' title='bbox 684 1319 802 1359; x_wconf 89' lang='lat' dir='ltr'>meo,</span> <span class='ocrx_word' id='word_1_137' title='bbox 829 1304 906 1364; x_wconf 84' lang='lat' dir='ltr'>qui</span> <span class='ocrx_word' id='word_1_138' title='bbox 930 1304 1050 1347; x_wconf 76' lang='lat' dir='ltr'>saevit</span> <span class='ocrx_word' id='word_1_139' title='bbox 1077 1304 1120 1346; x_wconf 89' lang='lat' dir='ltr'>in</span> <span class='ocrx_word' id='word_1_140' title='bbox 1144 1319 1306 1347; x_wconf 90' lang='lat' dir='ltr'>nomen</span> <span class='ocrx_word' id='word_1_141' title='bbox 1334 1318 1496 1347; x_wconf 88' lang='lat' dir='ltr'>meum.</span> <span class='ocrx_word' id='word_1_142' title='bbox 1523 1302 1688 1348; x_wconf 85' lang='lat' dir='ltr'>Erudio</span> <span class='ocrx_word' id='word_1_143' title='bbox 1709 1302 1780 1347; x_wconf 88' lang='lat' dir='ltr'>vel</span> 
     </span>
     <span class='ocr_line' id='line_1_17' title="bbox 383 1373 1780 1433; baseline 0.001 -17"><span class='ocrx_word' id='word_1_144' title='bbox 383 1373 551 1417; x_wconf 86' lang='lat' dir='ltr'>erudivi</span> <span class='ocrx_word' id='word_1_145' title='bbox 574 1389 650 1433; x_wconf 89' lang='lat' dir='ltr'>per</span> <span class='ocrx_word' id='word_1_146' title='bbox 672 1389 771 1418; x_wconf 92' lang='lat' dir='ltr'>eum</span> <span class='ocrx_word' id='word_1_147' title='bbox 795 1374 898 1419; x_wconf 89' lang='lat' dir='ltr'>alios</span> <span class='ocrx_word' id='word_1_148' title='bbox 915 1410 925 1429; x_wconf 85' lang='lat'>,</span> <span class='ocrx_word' id='word_1_149' title='bbox 962 1374 1161 1417; x_wconf 86' lang='lat' dir='ltr'>erudiam</span> <span class='ocrx_word' id='word_1_150' title='bbox 1185 1383 1229 1417; x_wconf 88' lang='lat' dir='ltr'>et</span> <span class='ocrx_word' id='word_1_151' title='bbox 1257 1373 1400 1433; x_wconf 87' lang='lat' dir='ltr'>ipsum</span> <span class='ocrx_word' id='word_1_152' title='bbox 1423 1389 1501 1433; x_wconf 89' lang='lat' dir='ltr'>per</span> <span class='ocrx_word' id='word_1_153' title='bbox 1523 1373 1642 1418; x_wconf 88' lang='lat' dir='ltr'>alios.</span> <span class='ocrx_word' id='word_1_154' title='bbox 1670 1377 1780 1418; x_wconf 86' lang='lat' dir='ltr'>Fac-</span> 
     </span>
     <span class='ocr_line' id='line_1_18' title="bbox 384 1444 1778 1506; baseline 0.002 -18"><span class='ocrx_word' id='word_1_155' title='bbox 384 1453 476 1488; x_wconf 92' lang='lat' dir='ltr'>tum</span> <span class='ocrx_word' id='word_1_156' title='bbox 495 1455 558 1489; x_wconf 90' lang='lat' dir='ltr'>est</span> <span class='ocrx_word' id='word_1_157' title='bbox 576 1447 682 1501; x_wconf 85' lang='lat' dir='ltr'>hoc,</span> <span class='ocrx_word' id='word_1_158' title='bbox 708 1456 751 1490; x_wconf 90' lang='lat' dir='ltr'>et</span> <span class='ocrx_word' id='word_1_159' title='bbox 769 1446 972 1491; x_wconf 89' lang='lat' dir='ltr'>novimus</span> <span class='ocrx_word' id='word_1_160' title='bbox 992 1455 1157 1506; x_wconf 85' lang='lat' dir='ltr'>quanta</span> <span class='ocrx_word' id='word_1_161' title='bbox 1175 1444 1430 1490; x_wconf 85' lang='lat' dir='ltr'>sustinuerit</span> <span class='ocrx_word' id='word_1_162' title='bbox 1446 1444 1616 1500; x_wconf 83' lang='lat' dir='ltr'>Saulus,</span> <span class='ocrx_word' id='word_1_163' title='bbox 1637 1444 1778 1492; x_wconf 89' lang='lat' dir='ltr'>multo</span> 
     </span>
     <span class='ocr_line' id='line_1_19' title="bbox 380 1514 1778 1577; baseline 0.003 -19"><span class='ocrx_word' id='word_1_164' title='bbox 380 1514 507 1574; x_wconf 88' lang='lat' dir='ltr'>plura</span> <span class='ocrx_word' id='word_1_165' title='bbox 530 1532 663 1576; x_wconf 82' lang='lat' dir='ltr'>quam</span> <span class='ocrx_word' id='word_1_166' title='bbox 687 1516 872 1573; x_wconf 80' lang='lat' dir='ltr'>fecerat,</span> <span class='ocrx_word' id='word_1_167' title='bbox 898 1518 1019 1577; x_wconf 83' lang='lat' dir='ltr'>quasi</span> <span class='ocrx_word' id='word_1_168' title='bbox 1043 1532 1196 1562; x_wconf 86' lang='lat' dir='ltr'>avarus</span> <span class='ocrx_word' id='word_1_169' title='bbox 1214 1526 1390 1562; x_wconf 82' lang='lat' dir='ltr'>exactor</span> <span class='ocrx_word' id='word_1_170' title='bbox 1420 1532 1522 1562; x_wconf 90' lang='lat' dir='ltr'>cum</span> <span class='ocrx_word' id='word_1_171' title='bbox 1545 1517 1685 1562; x_wconf 87' lang='lat' dir='ltr'>usuris</span> <span class='ocrx_word' id='word_1_172' title='bbox 1706 1532 1778 1562; x_wconf 86' lang='lat' dir='ltr'>re-</span> 
     </span>
     <span class='ocr_line' id='line_1_20' title="bbox 380 1587 852 1647; baseline 0.002 -17"><span class='ocrx_word' id='word_1_173' title='bbox 380 1587 496 1646; x_wconf 87' lang='lat' dir='ltr'>cepit</span> <span class='ocrx_word' id='word_1_174' title='bbox 513 1587 634 1647; x_wconf 90' lang='lat' dir='ltr'>quod</span> <span class='ocrx_word' id='word_1_175' title='bbox 656 1587 852 1632; x_wconf 81' lang='lat' dir='ltr'>dederat.</span> 
     </span>
    </p>

    <p class='ocr_par' dir='ltr' id='par_1_3' title="bbox 378 1658 1778 2568">
     <span class='ocr_line' id='line_1_21' title="bbox 441 1658 1778 1721; baseline 0.005 -22"><span class='ocrx_word' id='word_1_176' title='bbox 441 1660 517 1699; x_wconf 79' lang='lat' dir='ltr'>VI.</span> <span class='ocrx_word' id='word_1_177' title='bbox 557 1658 642 1701; x_wconf 89' lang='lat' dir='ltr'>Sed</span> <span class='ocrx_word' id='word_1_178' title='bbox 669 1659 767 1702; x_wconf 87' lang='lat' dir='ltr'>vide</span> <span class='ocrx_word' id='word_1_179' title='bbox 804 1668 952 1703; x_wconf 83' lang='lat' dir='ltr'>utrum</span> <span class='ocrx_word' id='word_1_180' title='bbox 983 1659 1029 1703; x_wconf 90' lang='lat' dir='ltr'>in</span> <span class='ocrx_word' id='word_1_181' title='bbox 1059 1659 1134 1704; x_wconf 89' lang='lat' dir='ltr'>illo</span> <span class='ocrx_word' id='word_1_182' title='bbox 1166 1659 1397 1719; x_wconf 88' lang='lat' dir='ltr'>impletum</span> <span class='ocrx_word' id='word_1_183' title='bbox 1425 1660 1479 1705; x_wconf 91' lang='lat' dir='ltr'>sit</span> <span class='ocrx_word' id='word_1_184' title='bbox 1505 1659 1625 1721; x_wconf 86' lang='lat' dir='ltr'>quod</span> <span class='ocrx_word' id='word_1_185' title='bbox 1646 1659 1778 1706; x_wconf 89' lang='lat' dir='ltr'>modo</span> 
     </span>
     <span class='ocr_line' id='line_1_22' title="bbox 381 1725 1778 1790; baseline 0.004 -19"><span class='ocrx_word' id='word_1_186' title='bbox 381 1725 578 1771; x_wconf 89' lang='lat' dir='ltr'>Psalmus</span> <span class='ocrx_word' id='word_1_187' title='bbox 606 1726 742 1771; x_wconf 84' lang='lat' dir='ltr'>dicit:</span> <span class='ocrx_word' id='word_1_188' title='bbox 772 1729 1052 1772; x_wconf 82' lang='lat' dir='ltr'>«Confirmat</span> <span class='ocrx_word' id='word_1_189' title='bbox 1078 1739 1223 1773; x_wconf 87' lang='lat' dir='ltr'>autem</span> <span class='ocrx_word' id='word_1_190' title='bbox 1254 1732 1394 1790; x_wconf 84' lang='lat' dir='ltr'>justos</span> <span class='ocrx_word' id='word_1_191' title='bbox 1419 1731 1644 1775; x_wconf 85' lang='lat' dir='ltr'>Dominus.</span> <span class='ocrx_word' id='word_1_192' title='bbox 1680 1734 1778 1777; x_wconf 87' lang='lat' dir='ltr'>Non</span> 
     </span>
     <span class='ocr_line' id='line_1_23' title="bbox 383 1795 1777 1860; baseline 0.006 -23"><span class='ocrx_word' id='word_1_193' title='bbox 383 1815 402 1838; x_wconf 90' lang='lat'>»</span> <span class='ocrx_word' id='word_1_194' title='bbox 438 1795 579 1841; x_wconf 90' lang='lat' dir='ltr'>solum</span> <span class='ocrx_word' id='word_1_195' title='bbox 602 1797 777 1857; x_wconf 88' lang='lat' dir='ltr'>(inquit</span> <span class='ocrx_word' id='word_1_196' title='bbox 805 1796 921 1841; x_wconf 90' lang='lat' dir='ltr'>idem</span> <span class='ocrx_word' id='word_1_197' title='bbox 952 1798 1138 1854; x_wconf 87' lang='lat' dir='ltr'>Paulus,</span> <span class='ocrx_word' id='word_1_198' title='bbox 1173 1814 1274 1844; x_wconf 91' lang='lat' dir='ltr'>cum</span> <span class='ocrx_word' id='word_1_199' title='bbox 1303 1799 1442 1844; x_wconf 89' lang='lat' dir='ltr'>multa</span> <span class='ocrx_word' id='word_1_200' title='bbox 1466 1799 1578 1845; x_wconf 88' lang='lat' dir='ltr'>mala</span> <span class='ocrx_word' id='word_1_201' title='bbox 1604 1810 1777 1860; x_wconf 85' lang='lat' dir='ltr'>patere-</span> 
     </span>
     <span class='ocr_line' id='line_1_24' title="bbox 383 1866 1778 1933; baseline 0.006 -24"><span class='ocrx_word' id='word_1_202' title='bbox 383 1885 404 1908; x_wconf 90' lang='lat'>»</span> <span class='ocrx_word' id='word_1_203' title='bbox 440 1869 555 1925; x_wconf 86' lang='lat' dir='ltr'>tur,)</span> <span class='ocrx_word' id='word_1_204' title='bbox 576 1867 649 1912; x_wconf 89' lang='lat' dir='ltr'>sed</span> <span class='ocrx_word' id='word_1_205' title='bbox 673 1877 716 1911; x_wconf 90' lang='lat' dir='ltr'>et</span> <span class='ocrx_word' id='word_1_206' title='bbox 738 1866 974 1925; x_wconf 83' lang='lat' dir='ltr'>gloriamur</span> <span class='ocrx_word' id='word_1_207' title='bbox 995 1869 1039 1912; x_wconf 92' lang='lat' dir='ltr'>in</span> <span class='ocrx_word' id='word_1_208' title='bbox 1058 1869 1415 1915; x_wconf 79' lang='lat' dir='ltr'>tribulationibus</span> <span class='ocrx_word' id='word_1_209' title='bbox 1433 1907 1444 1926; x_wconf 88' lang='lat'>,</span> <span class='ocrx_word' id='word_1_210' title='bbox 1471 1871 1653 1917; x_wconf 87' lang='lat' dir='ltr'>scientes</span> <span class='ocrx_word' id='word_1_211' title='bbox 1675 1873 1778 1933; x_wconf 85' lang='lat' dir='ltr'>quia</span> 
     </span>
     <span class='ocr_line' id='line_1_25' title="bbox 382 1936 1773 2002; baseline 0.006 -22"><span class='ocrx_word' id='word_1_212' title='bbox 382 1956 401 1979; x_wconf 91' lang='lat'>»</span> <span class='ocrx_word' id='word_1_213' title='bbox 438 1936 664 1982; x_wconf 88' lang='lat' dir='ltr'>tribulatio</span> <span class='ocrx_word' id='word_1_214' title='bbox 686 1939 940 1997; x_wconf 86' lang='lat' dir='ltr'>patientiam</span> <span class='ocrx_word' id='word_1_215' title='bbox 963 1950 1184 1999; x_wconf 79' lang='lat' dir='ltr'>operatur,</span> <span class='ocrx_word' id='word_1_216' title='bbox 1217 1941 1425 2001; x_wconf 80' lang='lat' dir='ltr'>patientia</span> <span class='ocrx_word' id='word_1_217' title='bbox 1450 1943 1773 2002; x_wconf 81' lang='lat' dir='ltr'>probationem,</span> 
     </span>
     <span class='ocr_line' id='line_1_26' title="bbox 382 2009 1776 2074; baseline 0.006 -23"><span class='ocrx_word' id='word_1_218' title='bbox 382 2028 402 2050; x_wconf 91' lang='lat'>»</span> <span class='ocrx_word' id='word_1_219' title='bbox 438 2009 639 2068; x_wconf 87' lang='lat' dir='ltr'>probatio</span> <span class='ocrx_word' id='word_1_220' title='bbox 662 2025 779 2069; x_wconf 88' lang='lat' dir='ltr'>spem</span> <span class='ocrx_word' id='word_1_221' title='bbox 799 2045 809 2065; x_wconf 96' lang='lat'>,</span> <span class='ocrx_word' id='word_1_222' title='bbox 845 2025 940 2070; x_wconf 89' lang='lat' dir='ltr'>spes</span> <span class='ocrx_word' id='word_1_223' title='bbox 971 2020 1117 2055; x_wconf 89' lang='lat' dir='ltr'>autem</span> <span class='ocrx_word' id='word_1_224' title='bbox 1142 2028 1232 2057; x_wconf 88' lang='lat' dir='ltr'>non</span> <span class='ocrx_word' id='word_1_225' title='bbox 1255 2013 1514 2070; x_wconf 85' lang='lat' dir='ltr'>confundit,</span> <span class='ocrx_word' id='word_1_226' title='bbox 1543 2015 1644 2074; x_wconf 86' lang='lat' dir='ltr'>quia</span> <span class='ocrx_word' id='word_1_227' title='bbox 1668 2015 1776 2059; x_wconf 89' lang='lat' dir='ltr'>cha-</span> 
     </span>
     <span class='ocr_line' id='line_1_27' title="bbox 382 2079 1775 2145; baseline 0.004 -23"><span class='ocrx_word' id='word_1_228' title='bbox 382 2098 402 2121; x_wconf 94' lang='lat'>»</span> <span class='ocrx_word' id='word_1_229' title='bbox 439 2080 540 2124; x_wconf 85' lang='lat' dir='ltr'>ritas</span> <span class='ocrx_word' id='word_1_230' title='bbox 569 2080 646 2124; x_wconf 89' lang='lat' dir='ltr'>Dei</span> <span class='ocrx_word' id='word_1_231' title='bbox 679 2079 839 2124; x_wconf 79' lang='lat' dir='ltr'>diffusa</span> <span class='ocrx_word' id='word_1_232' title='bbox 870 2091 934 2125; x_wconf 85' lang='lat' dir='ltr'>est</span> <span class='ocrx_word' id='word_1_233' title='bbox 961 2082 1005 2125; x_wconf 90' lang='lat' dir='ltr'>in</span> <span class='ocrx_word' id='word_1_234' title='bbox 1029 2082 1234 2126; x_wconf 86' lang='lat' dir='ltr'>cordibus</span> <span class='ocrx_word' id='word_1_235' title='bbox 1264 2085 1420 2128; x_wconf 88' lang='lat' dir='ltr'>nostris</span> <span class='ocrx_word' id='word_1_236' title='bbox 1454 2099 1532 2143; x_wconf 85' lang='lat' dir='ltr'>per</span> <span class='ocrx_word' id='word_1_237' title='bbox 1566 2085 1775 2145; x_wconf 87' lang='lat' dir='ltr'>Spiritum</span> 
     </span>
     <span class='ocr_line' id='line_1_28' title="bbox 381 2151 1774 2216; baseline 0.006 -24"><span class='ocrx_word' id='word_1_238' title='bbox 381 2170 401 2193; x_wconf 89' lang='lat'>»</span> <span class='ocrx_word' id='word_1_239' title='bbox 437 2160 635 2196; x_wconf 87' lang='lat' dir='ltr'>sanctum</span> <span class='ocrx_word' id='word_1_240' title='bbox 652 2186 662 2206; x_wconf 93' lang='lat'>,</span> <span class='ocrx_word' id='word_1_241' title='bbox 689 2151 765 2211; x_wconf 83' lang='lat' dir='ltr'>qui</span> <span class='ocrx_word' id='word_1_242' title='bbox 788 2151 914 2196; x_wconf 87' lang='lat' dir='ltr'>datus</span> <span class='ocrx_word' id='word_1_243' title='bbox 937 2161 1001 2196; x_wconf 84' lang='lat' dir='ltr'>est</span> <span class='ocrx_word' id='word_1_244' title='bbox 1024 2152 1149 2197; x_wconf 80' lang='lat' dir='ltr'>nobis</span> <span class='ocrx_word' id='word_1_245' title='bbox 1165 2157 1196 2197; x_wconf 76' lang='lat'>².</span> <span class='ocrx_word' id='word_1_246' title='bbox 1220 2172 1239 2195; x_wconf 90' lang='lat'>»</span> <span class='ocrx_word' id='word_1_247' title='bbox 1263 2157 1402 2209; x_wconf 88' lang='lat' dir='ltr'>Bene,</span> <span class='ocrx_word' id='word_1_248' title='bbox 1425 2154 1554 2214; x_wconf 90' lang='lat' dir='ltr'>plane</span> <span class='ocrx_word' id='word_1_249' title='bbox 1570 2157 1658 2215; x_wconf 84' lang='lat' dir='ltr'>jam</span> <span class='ocrx_word' id='word_1_250' title='bbox 1677 2157 1774 2216; x_wconf 88' lang='lat' dir='ltr'>jus-</span> 
     </span>
     <span class='ocr_line' id='line_1_29' title="bbox 382 2222 1773 2284; baseline 0.005 -19"><span class='ocrx_word' id='word_1_251' title='bbox 382 2230 471 2276; x_wconf 81' lang='lat' dir='ltr'>tus,</span> <span class='ocrx_word' id='word_1_252' title='bbox 492 2222 580 2282; x_wconf 86' lang='lat' dir='ltr'>jam</span> <span class='ocrx_word' id='word_1_253' title='bbox 604 2223 905 2266; x_wconf 72' lang='lat' dir='ltr'>confirmatus.</span> <span class='ocrx_word' id='word_1_254' title='bbox 933 2223 1166 2275; x_wconf 88' lang='lat' dir='ltr'>Quomodo</span> <span class='ocrx_word' id='word_1_255' title='bbox 1187 2238 1288 2281; x_wconf 81' lang='lat' dir='ltr'>ergo</span> <span class='ocrx_word' id='word_1_256' title='bbox 1316 2225 1384 2268; x_wconf 87' lang='lat' dir='ltr'>isti</span> <span class='ocrx_word' id='word_1_257' title='bbox 1401 2226 1492 2284; x_wconf 87' lang='lat' dir='ltr'>jam</span> <span class='ocrx_word' id='word_1_258' title='bbox 1515 2226 1773 2272; x_wconf 84' lang='lat' dir='ltr'>confirmato</span> 
     </span>
     <span class='ocr_line' id='line_1_30' title="bbox 378 2293 1772 2356; baseline 0.004 -20"><span class='ocrx_word' id='word_1_259' title='bbox 378 2293 486 2336; x_wconf 89' lang='lat' dir='ltr'>nihil</span> <span class='ocrx_word' id='word_1_260' title='bbox 522 2293 741 2337; x_wconf 86' lang='lat' dir='ltr'>nocebant</span> <span class='ocrx_word' id='word_1_261' title='bbox 762 2294 838 2354; x_wconf 85' lang='lat' dir='ltr'>qui</span> <span class='ocrx_word' id='word_1_262' title='bbox 861 2293 986 2338; x_wconf 89' lang='lat' dir='ltr'>illum</span> <span class='ocrx_word' id='word_1_263' title='bbox 1010 2294 1350 2350; x_wconf 86' lang='lat' dir='ltr'>insectabantur,</span> <span class='ocrx_word' id='word_1_264' title='bbox 1375 2296 1435 2341; x_wconf 89' lang='lat' dir='ltr'>sic</span> <span class='ocrx_word' id='word_1_265' title='bbox 1469 2312 1549 2341; x_wconf 91' lang='lat' dir='ltr'>nec</span> <span class='ocrx_word' id='word_1_266' title='bbox 1578 2298 1668 2356; x_wconf 90' lang='lat' dir='ltr'>ipse</span> <span class='ocrx_word' id='word_1_267' title='bbox 1689 2297 1772 2343; x_wconf 87' lang='lat' dir='ltr'>illis</span> 
     </span>
     <span class='ocr_line' id='line_1_31' title="bbox 379 2365 1772 2428; baseline 0.005 -21"><span class='ocrx_word' id='word_1_268' title='bbox 379 2380 489 2424; x_wconf 85' lang='lat' dir='ltr'>quos</span> <span class='ocrx_word' id='word_1_269' title='bbox 519 2365 880 2425; x_wconf 85' lang='lat' dir='ltr'>persequebatur.</span> <span class='ocrx_word' id='word_1_270' title='bbox 924 2384 942 2406; x_wconf 89' lang='lat'>«</span> <span class='ocrx_word' id='word_1_271' title='bbox 968 2366 1210 2410; x_wconf 87' lang='lat' dir='ltr'>Confirmat</span> <span class='ocrx_word' id='word_1_272' title='bbox 1241 2375 1409 2421; x_wconf 86' lang='lat' dir='ltr'>autem,</span> <span class='ocrx_word' id='word_1_273' title='bbox 1435 2367 1599 2428; x_wconf 85' lang='lat' dir='ltr'>inquit,</span> <span class='ocrx_word' id='word_1_274' title='bbox 1631 2370 1772 2428; x_wconf 84' lang='lat' dir='ltr'>justos</span> 
     </span>
     <span class='ocr_line' id='line_1_32' title="bbox 381 2435 1769 2498; baseline 0.004 -20"><span class='ocrx_word' id='word_1_275' title='bbox 381 2454 400 2475; x_wconf 83' lang='lat'>»</span> <span class='ocrx_word' id='word_1_276' title='bbox 438 2435 662 2479; x_wconf 90' lang='lat' dir='ltr'>Dominus.</span> <span class='ocrx_word' id='word_1_277' title='bbox 688 2454 706 2477; x_wconf 90' lang='lat'>»</span> <span class='ocrx_word' id='word_1_278' title='bbox 724 2435 839 2480; x_wconf 79' lang='lat' dir='ltr'>Audi</span> <span class='ocrx_word' id='word_1_279' title='bbox 857 2435 959 2480; x_wconf 86' lang='lat' dir='ltr'>alias</span> <span class='ocrx_word' id='word_1_280' title='bbox 980 2452 1106 2481; x_wconf 89' lang='lat' dir='ltr'>voces</span> <span class='ocrx_word' id='word_1_281' title='bbox 1124 2437 1498 2498; x_wconf 81' lang='lat' dir='ltr'>confirmatijusti.</span> <span class='ocrx_word' id='word_1_282' title='bbox 1526 2440 1666 2492; x_wconf 83' lang='lat' dir='ltr'>«Quis</span> <span class='ocrx_word' id='word_1_283' title='bbox 1688 2455 1769 2484; x_wconf 91' lang='lat' dir='ltr'>nos</span> 
     </span>
     <span class='ocr_line' id='line_1_33' title="bbox 380 2506 1765 2568; baseline 0.006 -22"><span class='ocrx_word' id='word_1_284' title='bbox 380 2523 400 2546; x_wconf 88' lang='lat'>»</span> <span class='ocrx_word' id='word_1_285' title='bbox 437 2506 653 2564; x_wconf 82' lang='lat' dir='ltr'>separabit</span> <span class='ocrx_word' id='word_1_286' title='bbox 670 2522 693 2550; x_wconf 87' lang='lat' dir='ltr'>a</span> <span class='ocrx_word' id='word_1_287' title='bbox 710 2506 917 2550; x_wconf 85' lang='lat' dir='ltr'>charitate</span> <span class='ocrx_word' id='word_1_288' title='bbox 945 2507 1135 2552; x_wconf 75' lang='lat' dir='ltr'>Christi?</span> <span class='ocrx_word' id='word_1_289' title='bbox 1158 2506 1428 2554; x_wconf 78' lang='lat' dir='ltr'>Tribulatio?</span> <span class='ocrx_word' id='word_1_290' title='bbox 1450 2524 1507 2554; x_wconf 88' lang='lat' dir='ltr'>an</span> <span class='ocrx_word' id='word_1_291' title='bbox 1535 2510 1765 2568; x_wconf 58' lang='lat' dir='ltr'>angust-ta?</span> 
     </span>
    </p>
   </div>
   <div class='ocr_carea' id='block_1_3' title="bbox 427 2591 1081 2633">
    <p class='ocr_par' dir='ltr' id='par_1_4' title="bbox 427 2591 1081 2633">
     <span class='ocr_line' id='line_1_34' title="bbox 427 2591 1081 2633; baseline 0.002 -10"><span class='ocrx_word' id='word_1_292' title='bbox 427 2597 435 2612; x_wconf 89' lang='lat'>¹</span> <span class='ocrx_word' id='word_1_293' title='bbox 457 2594 527 2623; x_wconf 73' lang='lat' dir='ltr'>Act.</span> <span class='ocrx_word' id='word_1_294' title='bbox 551 2602 597 2630; x_wconf 70' lang='grc' dir='ltr'>Π,</span> <span class='ocrx_word' id='word_1_295' title='bbox 626 2591 732 2624; x_wconf 64' lang='grc'>13-16.</span> <span class='ocrx_word' id='word_1_296' title='bbox 755 2608 795 2614; x_wconf 90' lang='grc'>-</span> <span class='ocrx_word' id='word_1_297' title='bbox 812 2599 824 2615; x_wconf 83' lang='grc'>·-’</span> <span class='ocrx_word' id='word_1_298' title='bbox 842 2594 931 2624; x_wconf 74' lang='lat' dir='ltr'>Rom.</span> <span class='ocrx_word' id='word_1_299' title='bbox 960 2602 994 2633; x_wconf 83' lang='lat' dir='ltr'>v,</span> <span class='ocrx_word' id='word_1_300' title='bbox 1011 2592 1081 2625; x_wconf 72' lang='lat'>3—5.</span> 
     </span>
    </p>
   </div>
  </div>
 </body>
</html>
