1841 3223
232 226 474 258 ENARRATIO
505 231 538 257 11
569 231 616 258 IN
644 226 849 258 PsALMUM
880 232 1045 270 XLv111,
1080 229 1207 259 SERM.
1242 232 1292 259 11.
1373 220 1458 260 399

75 295 249 339 ducare.
274 298 401 341 Nunc
423 304 568 339 autem
581 296 614 339 si
635 296 770 340 oculis
791 295 910 341 vides
926 331 937 352 ,
962 296 1113 342 laudas
1133 312 1257 341 :cum
1275 297 1473 357 coeperis

78 365 228 410 dentes
249 381 465 426 premere,
489 365 594 409 dicis
613 385 621 409 :
646 365 787 411 Malus
809 377 873 411 est
893 367 1014 427 panis
1035 367 1141 424 iste,
1166 377 1210 412 et
1235 368 1375 429 qualis
1398 377 1463 413 cst

78 436 152 485 ille
185 437 261 497 qui
281 435 404 480 illum
426 435 560 480 fecit?
588 438 653 479 Ita
675 436 725 479 fit
747 445 797 480 ut
818 438 1062 482 confitearis
1088 442 1227 483 Deum
1243 474 1253 493 ,
1279 438 1460 499 quando

79 508 161 553 tibi
178 508 290 551 bene
313 505 416 551 facit
434 510 574 563 Deus,
600 516 644 550 et
669 508 888 552 mentiaris
903 543 914 564 ,
940 508 1117 569 quando
1135 520 1307 555 cantas:
1338 529 1357 552 «
1383 514 1464 554 Be-

83 597 104 620 »
138 578 336 622 nedicam
354 575 586 622 Dominum
609 578 653 621 in
676 578 795 621 omni
817 587 1012 638 tempore
1027 615 1038 635 ,
1073 595 1242 640 semper
1258 580 1352 625 laus
1375 582 1465 642 ejus

83 668 104 692 »
138 653 185 693 in
200 665 274 694 ore
294 651 431 694 meo1.
455 667 475 690 n
502 649 698 708 Exigitur
721 648 775 693 de
793 649 923 695 corde
945 666 1023 695 suo
1043 652 1232 696 cantatio
1248 652 1466 697 labiorum

81 729 258 765 tuorum
286 738 295 764 ε
320 720 502 764 cantasti
523 719 567 763 in
590 719 779 764 Ecclesia
801 735 810 760 ε
841 739 860 762 «
881 720 1139 765 Benedicam
1165 722 1399 766 Dominum
1421 723 1466 766 in

83 811 105 835 »
140 792 258 837 omni
279 800 501 851 tempore:
530 811 547 833 »
574 791 795 852 quomodo
820 791 865 835 in
884 793 1004 836 omni
1026 795 1252 852 tempore?
1287 794 1328 838 Si
1350 795 1468 838 omni

81 872 277 922 tempore
292 862 481 917 lucrum,
507 862 626 907 omni
647 871 843 922 tempore
859 861 1131 906 benedicitur
1152 882 1160 907 :
1181 863 1215 907 si
1232 862 1468 923 aliquando

82 942 147 978 est
169 932 378 977 damnum
394 968 404 987 ,
437 948 527 976 non
548 931 839 988 benedicitur,
868 932 943 977 sed
966 933 1306 993 blasphematur.
1342 937 1469 979 Certe

82 1003 302 1048 benedicis
322 1003 369 1046 in
398 1003 518 1046 omni
539 1012 755 1062 tempore,
790 1013 905 1048 certe
923 1003 1015 1047 laus
1033 1005 1123 1064 ejus
1139 1020 1308 1064 semper
1334 1006 1379 1049 in
1395 1021 1470 1050 ore

83 1084 160 1119 tuo
177 1075 266 1118 est?
286 1074 382 1118 Eris
404 1073 500 1118 talis
521 1072 697 1133 qualem
719 1074 852 1119 modo
873 1074 1079 1119 describit
1099 1095 1107 1119 :
1134 1094 1153 1117 «
1178 1076 1470 1121 Confitebitur

85 1163 108 1187 ³»
143 1144 242 1200 tibi,
268 1160 366 1188 cum
386 1144 497 1187 bene
518 1143 668 1188 feceris
690 1146 744 1188 ei.
769 1164 789 1187 ³)

142 1216 222 1258 XI.
248 1233 269 1257 t(
293 1213 498 1258 Introibit
519 1215 721 1273 usquein
741 1215 967 1274 progenies
989 1225 1163 1276 patrum
1181 1220 1390 1261 suorum‘2
1411 1236 1419 1262 :
1445 1235 1466 1258 »

84 1283 130 1329 id
150 1293 214 1329 est
227 1319 238 1341 ,
262 1284 506 1329 imitabitur
524 1294 665 1344 patres
679 1301 793 1330 suos.
815 1287 924 1339 Quia
944 1287 1083 1347 iniqui
1104 1287 1180 1348 qui
1197 1287 1329 1332 modo
1341 1297 1468 1342 sunt,

85 1355 249 1400 habent
269 1354 441 1410 fratres,
466 1355 632 1399 habent
649 1365 803 1415 patres.
828 1357 1010 1417 Antiqui
1028 1358 1188 1419 iniqui,
1207 1368 1349 1419 patres
1370 1368 1471 1404 sunt

85 1426 392 1487 praesentium,
412 1435 456 1470 et
476 1426 607 1471 modo
635 1427 712 1486 qui
734 1427 873 1487 iniqui
890 1439 1013 1481 sunt,
1039 1439 1182 1489 patres
1203 1440 1304 1475 sunt
1325 1441 1472 1491 poste-

86 1513 234 1542 rorum
248 1497 521 1557 iniquorum:
538 1497 760 1558 quomodo
777 1507 920 1558 patres
932 1500 1150 1559 justorum
1167 1501 1335 1562 antiqui
1347 1500 1469 1561 justi,

86 1568 229 1628 patres
257 1577 359 1612 sunt
374 1568 592 1627 justorum
615 1568 691 1628 qui
720 1567 850 1613 modo
872 1578 999 1627 sunt,
1028 1580 1071 1615 et
1094 1571 1171 1630 qui
1193 1571 1325 1616 modo
1346 1580 1469 1627 sunt,

86 1647 229 1698 patres
249 1646 352 1682 sunt
370 1653 522 1683 eorum
543 1638 620 1698 qui
641 1637 780 1683 futuri
798 1648 940 1683 crunt.
957 1640 1196 1685 Ostendere
1217 1640 1357 1686 voluit
1375 1642 1474 1702 Spi-

88 1710 195 1754 ritus
217 1719 405 1764 sanctus,
423 1710 524 1769 quia
546 1725 636 1753 non
658 1720 722 1754 est
735 1710 846 1754 mala
868 1711 1064 1771 aequitas,
1085 1713 1263 1772 quando
1283 1714 1339 1758 ad
1355 1713 1474 1758 illam

50 1823 51 1826 ,
88 1790 385 1825 murmuratur
411 1800 419 1824 :
445 1781 520 1824 sed
547 1781 592 1824 hi
612 1781 666 1824 ab
685 1781 850 1840 origine
877 1798 1014 1842 usque
1042 1782 1097 1827 ad
1119 1784 1371 1842 progeniem
1395 1800 1473 1843 pa-

90 1859 206 1894 trum
227 1859 394 1910 patrem
416 1865 543 1893 suum
565 1850 744 1894 habent.
771 1854 888 1895 Duos
908 1852 1058 1910 genuit
1074 1853 1212 1896 Adam
1228 1889 1238 1909 ,
1264 1854 1368 1897 etin
1387 1870 1475 1899 uno

88 1920 290 1979 iniquitas
310 1953 321 1973 ,
352 1919 395 1961 in
421 1933 510 1961 uno
526 1920 691 1977 justitia
717 1920 954 1978 :iniquitas
989 1922 1034 1963 in
1060 1924 1194 1976 Ca'i‘n,
1231 1924 1398 1982 justitia
1430 1924 1476 1967 in

90 1988 217 2034 Abel.
240 1988 517 2033 Praevaluisse
541 1986 715 2031 videtur
739 1988 944 2048 iniquitas
962 2005 1091 2050 super
1106 1992 1318 2051 justitiam
1336 2028 1347 2048 ,
1374 1993 1478 2054 quia

92 2059 251 2105 occidit
277 2061 388 2104 Cai'n
413 2059 595 2119 injustus
634 2058 746 2102 Abel
775 2061 942 2119 justum
978 2061 1023 2104 in
1050 2064 1222 2106 nocte3.
1253 2063 1478 2124 Numquid

91 2132 251 2174 mane?
275 2129 359 2174 Sed
385 2128 730 2173 dominabuntur
762 2130 821 2174 cis
845 2131 950 2174 recti
973 2146 1114 2175 manc.
1141 2133 1297 2177 Veniet
1317 2149 1445 2178 mane
1460 2169 1473 2190 ,

92 2210 136 2245 et
156 2200 376 2245 videbitur
396 2201 474 2244 ubi
495 2200 549 2244 sit
572 2200 708 2255 Abel,
733 2210 776 2245 et
793 2201 870 2244 ubi
892 2203 1018 2246 Cain.
1047 2203 1114 2247 Sic
1142 2219 1292 2248 omnes
1315 2205 1390 2264 qui
1412 2220 1478 2248 sc-

92 2271 289 2317 cundum
310 2274 443 2326 Cain,
469 2281 512 2315 et
530 2273 589 2316 sic
611 2287 759 2316 omnes
777 2272 854 2332 qui
875 2273 1116 2317 secundum
1138 2274 1251 2318 Abel
1272 2291 1410 2335 usque
1432 2276 1479 2320 in

92 2343 224 2388 finem
243 2341 402 2386 saeculi.
434 2360 454 2384 «
478 2341 681 2386 Introibit
705 2357 842 2402 usque
864 2342 909 2385 in
932 2344 1155 2401 progenies
1174 2354 1349 2403 patrum
1371 2361 1476 2390 suo-

97 2431 119 2455 »
153 2428 250 2457 rum
275 2432 284 2457 2
309 2428 446 2473 usque
467 2413 513 2456 in
536 2421 747 2456 aeternum
768 2428 858 2457 non
879 2413 1046 2457 videbit
1066 2413 1232 2459 lumen.
1260 2433 1280 2457 »
1307 2417 1413 2469 Quia
1436 2426 1480 2462 et

94 2484 166 2529 hic
189 2499 288 2527 cum
310 2493 445 2539 esset,
471 2484 517 2526 in
532 2483 721 2528 tenebris
753 2493 845 2527 erat
861 2518 872 2539 ,
906 2483 1098 2542 gaudens
1119 2484 1235 2531 falsis
1257 2486 1382 2532 bonis
1397 2523 1408 2544 ,
1435 2497 1479 2533 et

145 2575 155 2592 ¹
175 2568 255 2601 Psal.
275 2579 384 2610 xxxin,
407 2579 434 2600 1.
455 2584 496 2591 -
512 2574 524 2592 ²
540 2567 587 2600 Id.
604 2579 719 2611 vam,
733 2577 784 2600 20.
800 2585 842 2590 -
864 2565 877 2591 3
894 2569 972 2601 Gen.
993 2579 1044 2610 ιν,
1060 2568 1094 2603 8.
