1841 3223
167 268 409 299 munuum
442 273 457 298 1
489 273 535 299 m
567 268 772 300 PsALMUM
803 270 1007 308 xxxvm,
1042 267 1168 296 SERM.
1204 269 1235 296 1.
1323 254 1403 296 153

22 336 200 397 quando
242 337 472 397 pertubata
517 336 662 381 studio
704 336 906 392 dicendi,
951 334 1098 380 deficit
1133 333 1406 394 indiligentia
1442 358 1445 361 -

23 407 305 466 agnoscendi3
329 408 438 452 etin
472 407 538 452 his
568 407 671 452 dicit
692 406 856 467 aliquid
890 405 1010 466 quod
1048 404 1159 450 forte
1181 420 1269 450 non
1298 414 1408 450 esset

22 476 273 522 dicendum.
299 480 460 523 Contra
482 478 575 522 haec
611 477 852 521 remedium
894 476 1046 520 melius
1079 485 1143 520 cst
1171 475 1404 520 silentium.

27 551 118 594 Stat
150 549 266 592 enim
298 558 521 608 peccator,
545 549 717 608 propria
749 547 939 608 quadam
961 556 1063 591 nota
1085 555 1309 606 peccator,
1335 562 1410 591 su-

24 620 185 679 perbus
219 619 451 680 quisquam
483 628 527 664 et
556 619 752 676 invidus3
777 617 879 662 audi
894 617 1148 678 loquentem
1172 617 1412 662 transilien-

27 698 138 745 tem,
158 699 303 750 captat
322 690 478 746 verba,
502 690 708 750 proponit
728 688 928 750 laqueos3
954 687 1132 732 difficile
1161 696 1225 732 est
1241 697 1291 731 ut
1323 704 1413 732 non

27 759 221 804 inveniat
246 759 411 820 aliquid
443 776 532 804 non
553 761 612 804 ita
639 759 827 815 dictum,
866 767 916 803 ut
942 758 1027 802 dici
1055 757 1274 802 debuisset
1299 777 1308 803 :
1334 773 1415 802 nec

28 830 248 876 audiendo
283 832 489 890 ignoscit,
535 830 608 876 sed
642 830 933 876 calumniatur
963 828 1214 875 invidendo.
1252 831 1415 875 Contra

28 901 107 945 lios
130 901 209 946 iste
230 900 410 946 Idithun
446 902 687 947 transiliens
708 917 779 946 eos
809 900 932 946 silere
954 900 1195 960 delegerat,
1215 899 1335 944 unde
1355 899 1416 944 ita

29 972 220 1017 cantavit
240 991 248 1016 :
275 991 295 1014 «
315 972 410 1016 Dixi
430 972 707 1018 :Custodiam
724 972 813 1016 vias
833 986 948 1016 meas
960 1007 970 1027 ‚
990 980 1040 1015 ut
1057 986 1146 1015 non
1163 970 1418 1031 delinquam

32 1059 54 1083 »
90 1041 136 1085 in
166 1041 315 1101 lingua
346 1058 457 1087 mea.
486 1060 506 1084 »
545 1042 751 1096 Quandiu
786 1042 933 1101 capior
954 1058 977 1085 a
1010 1039 1316 1097 calumniosis,
1342 1050 1419 1086 aut

30 1121 208 1172 captor,
243 1121 286 1156 et
319 1112 354 1157 si
387 1128 477 1157 non
514 1113 687 1172 capior,
732 1132 753 1155 «
788 1112 1043 1157 Custodiam
1074 1113 1161 1157 vias
1194 1127 1332 1167 meas,
1368 1121 1418 1156 ut

31 1201 53 1225 »
80 1199 170 1228 non
192 1183 445 1245 delinquam
466 1185 512 1228 iu
543 1183 694 1244 lingua
725 1199 836 1229 mea.
865 1202 886 1225 »
913 1184 1118 1237 Quamvis
1144 1182 1418 1230 transilierim

30 1254 339 1301 delectationes
368 1265 580 1311 terrenas,
628 1256 825 1316 quamvis
862 1271 952 1300 non
993 1270 1063 1299 me
1094 1255 1268 1315 capiant
1306 1264 1419 1299 tem-

30 1324 247 1385 poralium
269 1341 414 1370 rerum
436 1326 611 1372 volatici
635 1327 838 1382 affectus,
860 1326 1056 1387 quamvis
1073 1327 1163 1386 jam
1199 1326 1293 1370 haee
1333 1326 1419 1369 ima

31 1394 292 1455 despiciam,
333 1406 376 1441 et
416 1395 472 1442 ad
503 1397 682 1442 meliora
722 1412 1009 1457 consurgam3
1047 1397 1094 1440 in
1134 1397 1233 1456 ipsis
1275 1405 1422 1440 tamen

31 1465 285 1512 melioribus
324 1468 485 1513 suflicit
520 1469 626 1513 mihi
669 1468 899 1514 delectatio
938 1468 1236 1528 intelligentiae
1275 1483 1421 1514 eoram

31 1539 124 1582 Deo
150 1537 286 1597 :quid
320 1538 425 1583 mihi
461 1555 570 1599 opus
602 1549 665 1584 est
695 1540 908 1600 captanda
935 1539 1082 1600 loqui,
1122 1549 1166 1585 et
1193 1540 1296 1584 dare
1327 1539 1422 1584 adi-—

33 1617 128 1652 tum
153 1608 535 1656 calumniantibus.
566 1630 587 1654 «
618 1611 714 1656 Dixi
735 1627 836 1670 ergo
862 1632 871 1657 :
896 1611 1149 1658 Custodiam
1170 1612 1258 1656 vias
1281 1626 1419 1667 meas,

33 1688 196 1723 utnon
227 1678 482 1741 delinquam
508 1681 553 1724 in
582 1680 732 1740 lingua
762 1697 872 1726 mea.
903 1683 1032 1726 Posui
1063 1683 1127 1726 ori
1155 1698 1252 1726 meo
1273 1691 1422 1727 custo-

36 1767 56 1792 »
83 1748 216 1794 diam.
237 1767 256 1792 »
292 1753 386 1795 Hoc
417 1754 587 1811 quare?
618 1756 799 1811 Propter
832 1753 947 1812 pios,
973 1763 1151 1812 propter
1175 1754 1390 1798 studiosos
1408 1789 1419 1809 ,

34 1829 212 1879 propter
232 1819 381 1864 fideles
403 1830 446 1865 et
462 1824 660 1866 sanctos?
678 1822 802 1867 absit.
831 1822 899 1866 Illi
922 1823 981 1867 sic
1004 1823 1189 1867 audiunt
1205 1859 1215 1879 ‚
1236 1833 1286 1868 ut
1304 1822 1422 1884 quod

35 1890 225 1949 probant
241 1889 422 1936 laudent
443 1911 451 1937 z
468 1891 588 1952 quod
608 1901 753 1936 autem
767 1893 1016 1952 improbant
1030 1893 1293 1939 intermulta
1312 1894 1424 1940 forte

36 1975 136 2020 quae
169 1959 371 2015 laudant,
401 1962 574 2007 veniam
605 1961 711 2006 dent
732 1963 876 2023 potius
902 1979 1036 2024 quam
1059 1963 1323 2009 calumniam
1346 1982 1426 2025 pa-
1449 1963 1453 1965 ’

36 2039 149 2074 rent.
188 2034 370 2090 Propter
405 2047 514 2093 quos
548 2047 649 2091 ergo
670 2033 733 2078 vis
760 2033 975 2078 custodire
996 2035 1085 2079 vias
1108 2045 1225 2091 tuas,
1258 2045 1308 2080 ut
1335 2051 1425 2083 non

38 2100 267 2162 delinquas
308 2102 354 2145 in
392 2102 544 2162 lingua
587 2112 688 2160 tua,
736 2113 779 2148 et
801 2105 925 2164 ponis
953 2106 1016 2149 ori
1046 2115 1124 2150 tuo
1156 2106 1427 2152 custodiam?

38 2170 176 2227 Audi,
202 2190 223 2214 «
242 2175 356 2216 Dum
378 2173 572 2218 consistit
588 2173 817 2219 adversum
844 2191 913 2219 me
930 2186 1145 2236 peccator.
1170 2196 1190 2219 »
1211 2181 1308 2223 Non
1326 2194 1428 2222 con-

40 2241 149 2286 sistit
169 2240 225 2286 ad
246 2257 316 2286 me
331 2277 342 2298 ,
368 2242 481 2287 sed«
502 2244 706 2289 Consistit
726 2245 954 2290 adversum
972 2262 1056 2292 me.
1075 2248 1218 2301 »Quid
1232 2248 1428 2294 dicturus

39 2321 281 2373 postremo,
317 2314 435 2358 unde
479 2314 766 2361 satisfaciam?
787 2317 961 2363 Carnali
990 2317 1044 2362 de
1073 2319 1338 2379 spiritalibus
1359 2319 1428 2365 lo-

7 2400 14 2410 ·
41 2399 154 2444 quor
169 2419 180 2439 ‚
210 2383 313 2428 foris
333 2384 500 2430 videnti
522 2395 565 2431 et
586 2386 807 2444 audienti,
830 2390 946 2434 intus
964 2389 1094 2435 surdo
1112 2400 1155 2435 et
1169 2407 1299 2436 caeco.
1323 2393 1430 2437 Ani-

43 2453 166 2498 malis
187 2454 304 2498 enim
332 2455 465 2501 homo
495 2473 586 2502 non
612 2458 796 2518 percipit
823 2476 922 2520 quae
953 2470 1055 2504 sunt
1092 2462 1275 2521 Spiritus
1307 2463 1428 2508 Dei1.

43 2523 133 2570 Nisi
149 2532 295 2568 autem
316 2525 511 2571 animalis
537 2527 829 2583 inveniretur,
854 2530 1032 2590 quando
1061 2531 1431 2578 calumniaretur?

93 2615 104 2632 ¹
129 2619 140 2640 1
162 2610 233 2642 Cor.
254 2620 291 2651 n,
319 2610 368 2652 14.
