1841 3223
373 198 456 238 306
824 212 856 237 s.
895 210 1124 237 Aucusnm
1158 213 1337 238 Emscori

368 278 495 321 cabat
527 275 841 333 Evangelium,
878 274 1004 318 multi
1033 275 1158 319 illum
1202 275 1409 320 amabant
1432 275 1762 335 praedicatorem

366 346 611 405 Evangelii,
630 345 758 389 multi
780 344 843 389 illi
864 345 1120 390 invidebant
1141 365 1149 391 :
1167 347 1243 407 qui
1256 347 1380 390 illum
1403 346 1622 402 amabant,
1644 348 1762 392 bono

369 417 502 462 odore
524 415 830 474 salvabantur,
866 416 942 477 qui
963 415 1026 460 illi
1049 416 1325 473 invidebant,
1352 418 1469 463 bono
1495 418 1629 462 odore
1655 418 1760 478 peri-

367 489 489 531 bant.
504 486 608 531 Ideo
623 496 665 531 et
683 487 969 546 pereuntibus
985 503 1074 531 non
1088 487 1227 532 malus
1246 487 1370 544 odor,
1387 487 1460 533 sed
1475 489 1616 533 bonus
1633 489 1757 533 odor.

370 557 475 603 Ideo
507 558 624 602 enim
657 557 792 616 magis
819 557 883 602 illi
909 556 1188 613 invidebant,
1223 558 1326 618 quia
1351 567 1439 603 tam
1472 559 1586 604 bona
1615 559 1661 603 in
1687 557 1763 604 illo

367 629 501 687 gratia
525 628 788 689 praevalebat
818 649 827 675 :
851 644 979 674 nemo
1003 629 1120 672 enim
1142 628 1310 673 invidet
1332 629 1505 674 misero.
1535 632 1643 674 Erat
1660 646 1764 689 ergo

366 699 577 758 gloriosus
598 700 643 744 in
668 698 977 760 praedicatione
999 697 1122 743 verbi
1146 698 1245 754 Dei,
1279 708 1323 742 et
1349 699 1499 744 vivens
1522 699 1765 744 secundum

368 771 564 831 regulam
585 771 701 815 illius
724 771 854 829 virgae
872 769 1120 814 directionis
1147 790 1156 815 z
1178 779 1222 814 et
1239 768 1483 829 diligebant
1504 786 1604 814 eum
1623 771 1698 831 qui
1719 771 1766 815 in

367 841 442 887 illo
472 841 680 900 diligebat
697 841 944 898 Chris'tumss,
969 841 1045 901 qui
1059 841 1356 902 sequebantur
1372 840 1538 885 bonum
1558 841 1735 886 odorem
1750 876 1761 897 ,

370 912 612 972 diligebant
634 911 822 957 amicum
852 911 998 971 sponsi
1030 912 1119 967 sui,
1151 912 1241 971 ipsa
1270 927 1427 972 sponsa
1448 928 1548 972 quae
1580 912 1686 956 dicit
1720 912 1766 956 in

370 985 558 1029 Canticis
587 983 871 1029 Canticorum
897 999 905 1023 :
937 986 1076 1027 «Post
1101 981 1282 1027 odorem
1313 991 1642 1042 unguentorum
1671 992 1768 1027 tuo-

372 1073 392 1096 »
429 1070 527 1099 rum
549 1055 817 1099 curremus1.
842 1072 862 1095 »
895 1052 965 1098 Illi
988 1062 1135 1098 autem
1155 1062 1322 1114 quanto
1352 1053 1488 1112 magis
1511 1069 1612 1097 eum
1640 1052 1766 1098 vide-

368 1124 478 1170 bant
497 1126 544 1170 in
568 1124 704 1185 gloria
727 1124 1049 1185 praedicationis
1073 1123 1300 1183 Evangelii
1318 1132 1362 1168 et
1383 1124 1429 1167 in
1450 1123 1538 1168 vita
1564 1123 1766 1184 inculpa-

367 1196 468 1252 bili,
505 1205 628 1241 tanto
657 1196 795 1257 magis
829 1195 993 1241 invidia
1017 1195 1353 1256 torquebantur,
1382 1204 1425 1239 et
1452 1194 1767 1240 occidebantur

369 1267 490 1314 bono
514 1268 664 1314 odore.

428 1342 599 1385 XXIII.
639 1359 659 1382 «
679 1339 860 1398 Myrrha
881 1347 925 1383 et
942 1347 1065 1399 gutta
1088 1347 1132 1383 et
1153 1338 1266 1383 casia
1284 1354 1307 1383 a
1324 1338 1592 1383 vestimentis
1610 1339 1695 1385 tuis
1710 1374 1722 1395 ,
1742 1355 1767 1384 a

372 1428 393 1452 »
428 1410 633 1456 domibus
656 1410 881 1466 eburneis,
908 1426 958 1454 ex
980 1409 1141 1471 quibus
1164 1408 1494 1454 delectaverunt
1514 1420 1556 1453 te
1574 1410 1676 1453 filiae
1698 1425 1768 1454 re-

374 1499 394 1521 »
430 1485 578 1538 gum2.
594 1500 613 1523 »
633 1484 794 1526 Domos
816 1481 1030 1525 eburneas
1047 1515 1058 1536 ,
1085 1479 1238 1524 domos
1257 1495 1455 1538 magnas,
1481 1480 1634 1524 domos
1651 1495 1769 1538 rega-

370 1549 456 1606 les,
507 1551 678 1610 quasvis
711 1551 852 1610 elige,
891 1550 1220 1595 delectaverunt
1265 1550 1367 1594 inde
1405 1549 1628 1595 Christum
1666 1549 1768 1595 filize

373 1636 541 1679 regum.
563 1620 638 1664 Vis
660 1618 812 1664 domos
834 1621 1047 1665 eburneas
1071 1620 1318 1681 spiritaliter
1343 1621 1567 1681 accipere?
1588 1623 1770 1680 Magnas

374 1692 527 1736 domos
545 1725 555 1745 ‚
581 1700 624 1735 et
649 1706 805 1749 magna
824 1689 1104 1734 tabernacula
1126 1693 1225 1744 Dei,
1249 1691 1381 1733 eorda
1402 1700 1650 1735 sanctorum
1664 1726 1674 1745 ,
1700 1692 1770 1751 ip-

373 1778 530 1823 sosque
549 1777 669 1822 reges
684 1769 882 1820 regentes
899 1775 1073 1805 carnem
1085 1795 1095 1814 ,
1117 1759 1398 1820 subjugantes
1416 1760 1498 1804 sibi
1520 1762 1670 1806 turbas
1690 1761 1771 1806 hu-

372 1849 601 1878 manarum
636 1832 946 1886 affectionum,
988 1830 1249 1888 castigantes
1292 1846 1472 1891 corpus,
1498 1841 1542 1876 et
1573 1832 1770 1878 servituti

373 1905 672 1966 subjicientes,
710 1904 857 1963 accipe
884 1923 892 1947 :
930 1903 1033 1963 quia
1065 1900 1167 1945 inde
1192 1901 1522 1947 delectaverunt
1546 1919 1647 1948 eum
1669 1903 1770 1948 filiae

374 1992 540 2036 regum.
567 1976 742 2020 Etenim
764 1989 915 2019 omnes
937 1973 1094 2016 animoe
1125 1988 1225 2033 quae
1253 1971 1336 2017 illis
1363 1973 1704 2033 praedicantibus
1727 1984 1771 2019 et

374 2046 773 2108 evangelizantibus
789 2054 902 2089 natae
920 2054 1038 2099 sunt,
1060 2043 1158 2087 filiae
1173 2059 1326 2103 regum
1341 2055 1443 2089 sunt
1465 2064 1474 2090 :
1499 2055 1542 2089 et
1564 2045 1770 2091 Ecclesiae

375 2120 477 2165 filiae
499 2117 836 2178 Apostolorum,
863 2114 962 2158 filiae
1000 2130 1154 2173 regum
1182 2123 1297 2158 sunt.
1332 2114 1411 2158 Ille
1441 2124 1504 2159 est
1533 2117 1649 2159 enim
1677 2119 1770 2161 Rex

375 2205 526 2250 regum
553 2209 562 2234 ε
589 2188 652 2233 illi
673 2196 819 2232 autem
838 2200 955 2243 reges
983 2184 1037 2228 de
1059 2184 1219 2245 quibus
1241 2183 1409 2228 dictum
1432 2195 1497 2230 est
1518 2204 1527 2230 :
1552 2205 1572 2227 «
1587 2185 1770 2231 Sedebi-

377 2282 398 2306 >›
435 2262 487 2307 tis
518 2275 647 2321 super
675 2256 908 2303 duodecim
930 2254 1050 2300 sedes
1068 2290 1079 2310 ,
1101 2255 1348 2315 judicantes
1369 2254 1602 2300 duodecim
1629 2257 1768 2301 tribus

380 2354 400 2377 »
438 2331 608 2378 Isra'e'lss.
640 2350 658 2373 »
697 2327 1050 2374 Praedicaverunt
1076 2326 1262 2371 verbum
1284 2326 1499 2381 veritatis,
1528 2337 1570 2371 et
1602 2342 1768 2386 genue-

377 2415 481 2450 runt
512 2402 722 2448 Ecclesias
739 2437 750 2457 ,
776 2416 865 2446 non
894 2399 975 2443 sibi
997 2433 1006 2453 ,
1031 2396 1107 2442 sed
1127 2396 1205 2441 illi.
1241 2396 1309 2441 Ad
1330 2397 1413 2442 hoc
1447 2409 1764 2443 sacramentum

377 2475 566 2538 pertinet
587 2472 708 2534 quod
731 2471 938 2531 seriptum
968 2477 1031 2514 est
1058 2467 1105 2512 in
1126 2471 1240 2526 Lege
1263 2486 1272 2512 z
1303 2486 1322 2510 «ι
1342 2468 1386 2514 Si
1409 2477 1607 2514 mortuus
1635 2468 1770 2516 fuerit

425 2567 435 2585 ¹
457 2563 549 2594 Cant.
568 2570 592 2601 ι,
612 2558 642 2592 3.
663 2574 705 2582 --
725 2562 738 2581 ²
754 2555 821 2589 Psal
857 2565 940 2597 niv,
963 2565 1010 2586 ιο.
1039 2569 1080 2576 —-
1101 2548 1115 2575 ³
1139 2552 1250 2585 Matth.
1272 2563 1338 2595 xix,
1354 2553 1408 2586 28.
