1841 3223
383 193 466 231 530
817 205 850 230 s.
888 202 1121 231 Aucvs‘nm
1153 204 1336 231 Ex>1scoi>1

381 288 401 310 »
436 283 565 327 snper
586 267 703 322 illos,
736 276 780 312 et
801 266 1067 313 descendant
1088 268 1143 313 ad
1171 267 1394 312 infernum
1412 268 1621 313 viventes.
1647 272 1770 323 Quo-

380 357 400 379 »
436 339 552 382 niam
582 338 776 398 nequitia
800 339 846 383 in
867 339 1063 398 hospitiis
1088 355 1238 383 eorum
1255 374 1265 394 ,
1290 340 1336 383 in
1360 339 1504 384 medio
1523 354 1692 384 eorum.
1720 343 1771 384 In

379 427 400 450 »
434 409 629 468 hospitiis
645 445 656 464 ,
686 428 705 450 »
737 409 815 453 ubi
837 411 1173 470 peregrinantur
1194 420 1238 454 et
1261 419 1500 454 transeunt.
1535 413 1633 455 Non
1655 412 1771 455 enim

373 478 443 523 hie
461 494 630 538 semper
654 477 788 523 futuri
811 489 941 524 sunt:
969 489 1010 524 et
1035 489 1182 524 tamen
1202 495 1282 540 pro
1311 480 1583 524 animositate
1606 489 1772 541 tempo-

374 549 453 594 rali
473 549 532 594 sic
555 559 770 609 pugnant.
802 569 821 592 «
850 553 901 594 In
925 551 1120 610 hospitiis
1152 566 1256 610 ergo
1282 566 1433 595 eorum
1461 551 1693 611 iniquitas,
1726 552 1771 595 in

375 639 396 662 »
432 620 577 665 medio
603 636 753 665 eorum
775 621 981 681 iniquitas
1002 637 1011 663 ;
1047 640 1066 663 »
1087 619 1262 665 nullum
1289 630 1379 665 tam
1400 620 1596 665 medium
1619 637 1771 666 eorum

372 707 506 753 quam
524 708 598 737 cor
615 707 783 736 eorum.

430 765 572 808 XVII.
603 782 623 805 «
648 765 740 820 Ego
759 760 814 806 ad
831 762 1069 807 Dominum
1084 761 1363 807 exclamavi¹.
1381 781 1401 804 »
1423 764 1595 822 Corpus
1609 762 1768 809 Christi

369 845 415 880 et
450 835 590 880 unitas
626 835 787 880 Christi
814 834 860 878 in
893 849 1052 893 angore
1071 870 1082 890 ,
1120 835 1164 878 in
1192 834 1350 890 taedio,
1386 835 1430 878 in
1466 834 1687 891 molestia,
1721 835 1767 879 in

370 905 709 952 conturbatione
732 905 1047 950 exercitationis
1064 921 1175 963 suae,
1198 905 1272 949 ille
1289 922 1404 950 unus
1426 907 1559 951 homo
1576 941 1587 961 ,
1612 907 1658 950 in
1679 921 1768 950 uno

370 993 554 1038 corpore
566 977 706 1037 posita
720 977 878 1033 unitas,
895 993 997 1022 cum
1016 978 1198 1022 taederet
1216 978 1404 1021 animam
1420 979 1510 1038 ejus
1524 976 1769 1022 exclamans

372 1066 397 1094 a
419 1050 581 1093 finibus
602 1059 727 1093 terrae
746 1067 755 1093 :
783 1067 803 1090 «
826 1052 862 1095 A
881 1049 1043 1092 finibus
1065 1057 1193 1092 terrae
1217 1048 1272 1092 ad
1293 1058 1336 1092 te
1359 1048 1568 1103 clamavi,
1595 1048 1740 1108 inquit
1755 1083 1767 1103 ,

375 1138 396 1162 »
431 1136 532 1164 cum
563 1129 794 1179 angeretur
832 1135 907 1164 cor
944 1123 1136 1163 meum'2.
1166 1137 1185 1160 >›
1220 1122 1317 1179 Ipse
1347 1135 1484 1174 unus,
1519 1118 1595 1162 sed
1628 1118 1771 1163 unitas

374 1207 489 1235 unus
507 1211 516 1236 ;
537 1200 579 1236 et
602 1191 692 1251 ipse
716 1207 849 1246 unus,
872 1206 962 1235 non
985 1191 1030 1234 in
1055 1205 1145 1234 uno
1167 1189 1265 1235 loco
1292 1206 1431 1244 unus,
1462 1189 1538 1233 sed
1560 1206 1584 1233 a
1611 1189 1772 1233 finibus

373 1272 500 1307 terrae
534 1262 694 1307 clamat
723 1278 853 1306 unus.
887 1261 1120 1315 Quomodo
1157 1277 1180 1305 a
1209 1261 1370 1304 finibus
1406 1270 1532 1304 terrae
1567 1259 1774 1304 clamaret

374 1350 510 1388 unus,
537 1334 618 1378 nisi
636 1335 680 1378 in
703 1333 850 1377 multis
873 1341 982 1376 esset
1012 1333 1152 1375 unus?
1178 1351 1197 1373 α
1226 1334 1320 1390 Ego
1354 1330 1409 1374 ad
1436 1331 1673 1375 Dominum
1695 1346 1772 1374 ex-

375 1422 396 1446 »
433 1403 630 1447 clamavi.
659 1422 678 1444 »
714 1407 865 1448 Recte.
897 1405 961 1446 Tu
990 1401 1183 1446 exclama
1211 1401 1266 1445 ad
1300 1401 1535 1445 Dominum
1553 1435 1563 1455 ,
1603 1400 1694 1445 noli
1719 1399 1775 1444 ad

374 1478 596 1520 Donatum
618 1494 627 1518 :
657 1489 713 1517 ne
737 1473 819 1518 tibi
840 1473 895 1517 sit
911 1488 991 1532 pro
1014 1472 1201 1517 Domino
1223 1472 1427 1516 dominus
1443 1507 1454 1527 ,
1481 1471 1558 1532 qui
1580 1471 1662 1516 sub
1685 1475 1774 1516 Do—

377 1565 398 1588 »
434 1546 554 1590 mino
574 1544 718 1589 noluit
739 1560 828 1588 esse
853 1559 1104 1589 conservus.
1136 1563 1155 1585 «
1177 1546 1272 1603 Ego
1297 1542 1352 1588 ad
1376 1543 1612 1588 Dominum
1629 1542 1774 1588 excla-

378 1636 399 1660 »
435 1618 573 1661 mavi:
601 1626 645 1661 et
666 1616 878 1661 Dominus
901 1614 1121 1659 exaudivit
1142 1630 1227 1658 me.
1258 1633 1276 1655 n

434 1691 602 1733 XVIII.
641 1708 660 1728 u
687 1690 898 1748 Vespere,
919 1696 964 1731 et
985 1701 1138 1741 mane,
1170 1696 1213 1730 et
1235 1685 1440 1739 meridie,
1467 1684 1680 1729 enarrabo
1697 1719 1707 1739 ,
1734 1694 1778 1729 et

378 1779 399 1801 >›
435 1759 735 1813 annuntiabo,
770 1768 812 1803 et
841 1758 1043 1802 exaudiet
1069 1770 1223 1800 vocem
1251 1756 1438 1799 meamss.
1468 1773 1488 1796 n
1515 1754 1776 1815 Evangeliza

375 1840 448 1885 tu,
470 1829 561 1874 noli
592 1839 734 1873 tacere
756 1837 805 1872 tu
839 1827 961 1889 quod
983 1827 1214 1887 accepisti,
1245 1845 1265 1868 «
1290 1828 1479 1886 Vespere
1495 1862 1505 1882 ,
1535 1844 1556 1867 »
1583 1825 1639 1870 de
1659 1842 1776 1886 prae-

376 1902 541 1958 teritis,
561 1921 581 1943 «
603 1904 748 1953 Mane,
773 1919 792 1941 »
815 1899 870 1943 de
890 1898 1050 1943 futuris
1069 1919 1080 1956 3
1104 1897 1343 1952 «Meridie,
1361 1915 1382 1938 ³>
1407 1897 1461 1942 de
1484 1898 1772 1957 sempiternis.

380 1973 486 2018 Ideo
509 1972 564 2016 ad
584 1971 630 2015 id
645 1969 767 2032 quod
789 1971 863 2025 ait,
884 1990 904 2012 «
930 1972 1119 2029 Vespere
1134 2004 1144 2024 ,
1172 1987 1192 2010 »
1221 1969 1411 2029 pertinet
1432 1968 1554 2029 quod
1576 1978 1772 2014 enarrat:

380 2042 496 2089 adid
513 2043 637 2104 quod
659 2042 740 2096 ait,
764 2044 928 2085 «Mane
943 2076 953 2096 ,
982 2059 1002 2082 »
1028 2040 1219 2100 pertinet
1240 2039 1362 2100 quod
1379 2040 1611 2084 annuntiat
1629 2058 1638 2084 :
1660 2038 1715 2083 ad
1731 2039 1777 2084 id

379 2114 502 2176 quod
534 2114 593 2158 ait
609 2149 619 2168 ,
644 2132 664 2155 «
684 2111 887 2167 Meridie,
915 2129 935 2152 »
963 2111 1150 2171 pertinet
1171 2111 1292 2171 quod
1311 2110 1544 2155 exauditur
1565 2126 1646 2155 vox
1667 2111 1772 2171 ejus.

378 2187 498 2234 Finis
518 2186 632 2230 enim
650 2185 695 2229 in
718 2183 897 2228 meridie
915 2192 998 2237 est,
1025 2183 1101 2227 sed
1118 2182 1235 2227 unde
1259 2198 1348 2227 non
1365 2181 1609 2226 declinatur
1630 2183 1677 2227 in
1700 2198 1777 2228 oc-

380 2274 544 2303 casum.
571 2260 622 2301 In
638 2255 818 2300 meridie
839 2255 955 2299 enim
977 2254 1052 2298 lux
1073 2252 1236 2299 excelsa
1259 2263 1350 2309 est,
1377 2253 1583 2313 splendor
1604 2254 1777 2313 sapien-

382 2331 453 2376 tiae
466 2365 476 2385 ,
497 2330 643 2374 fervor
663 2326 921 2372 dilectionis.
953 2346 972 2368 ι(
999 2327 1209 2385 Vespere,
1235 2334 1278 2369 et
1296 2340 1444 2379 mane,
1469 2334 1514 2368 et
1534 2324 1730 2368 meridie.
1751 2343 1772 2366 »

382 2403 571 2460 Vespere
587 2399 800 2444 Dominus
816 2398 861 2441 in
878 2412 1022 2451 cruce,
1038 2412 1166 2440 mane
1183 2397 1229 2440 in
1247 2395 1578 2450 resurrectione,
1597 2393 1778 2439 meridie

381 2472 428 2519 in
449 2471 725 2516 ascensione:
751 2484 906 2514 enarro
938 2482 1116 2528 vespere
1148 2467 1401 2527 patientiam
1422 2465 1646 2511 morientis
1665 2500 1676 2522 ,
1703 2481 1777 2510 an-

434 2564 443 2582 ¹
468 2556 547 2589 Psal.
564 2567 629 2597 ων,
658 2566 709 2597 17·
730 2571 770 2578 -—
788 2561 801 2578 ²
821 2554 936 2594 Id.1.x‚
959 2553 991 2586 3.
1012 2568 1053 2576 —-
1075 2551 1088 2576 3
1107 2552 1154 2585 Id.
1179 2563 1242 2593 Liv,
1266 2551 1317 2584 18.
