1841 3223
496 249 737 280 ENAnizA'rlo
772 254 813 281 m
847 251 1049 280 PsALMUM
1082 256 1156 280 Lu.
1415 242 1496 281 493

113 329 201 373 quo
227 314 324 358 loco
354 314 666 360 crucifixerunt
695 319 956 373 Dominum,
988 333 1118 378 quein
1148 317 1246 361 idco
1272 318 1498 362 crucifixe-

112 393 241 438 runt,
275 399 329 427 ne
359 386 591 443 perderent
618 396 661 430 et
697 387 840 431 locum
867 397 908 432 et
941 403 1150 447 regnum,
1187 403 1276 432 non
1304 388 1363 431 ibi
1399 397 1501 432 sunt

113 453 269 497 Judaei.
308 473 327 495 «
356 457 470 498 Deus
504 471 606 514 ergo
641 458 800 516 sprevit
836 474 906 502 eos
935 477 943 502 :
971 477 989 498 »
1016 467 1058 501 et
1080 467 1226 501 tamen
1254 457 1498 517 spernendo

113 523 340 568 admonuit
359 523 456 569 illos
478 536 527 570 ut
554 536 878 571 convertantur.
906 527 1039 572 Modo
1061 536 1320 586 cognoscant
1349 528 1498 572 Chris-

113 603 208 638 tum
224 629 234 649 ‚
260 603 303 638 et
319 594 489 640 dicant:
517 599 630 640 Deus
651 606 736 655 est3
761 613 893 658 quem
914 597 1118 641 dixerunt
1136 617 1144 641 :
1166 600 1262 642 Non
1281 608 1343 642 est
1363 601 1492 642 Deus.

113 663 310 709 Redeant
350 666 406 710 ad
446 666 742 712 haereditatem
790 677 1013 728 paternam
1033 703 1043 723 ‚
1100 668 1154 711 ad
1201 667 1496 712 haereditatem

113 735 316 791 Abrahae,
344 739 460 781 Isaac
483 746 525 781 et
543 738 696 793 Jacob,
720 738 968 797 possideant
986 753 1085 782 cum
1102 738 1200 797 ipsis
1218 739 1350 782 vitam
1373 748 1499 783 aeter-

113 821 236 861 nam,
258 807 336 851 etsi
358 807 490 852 vitam
513 808 795 867 temporalem
815 809 1064 853 amiserunt.
1091 811 1235 861 Quare
1252 809 1368 852 hoc?
1388 809 1499 862 Quia

113 891 162 919 ex
177 876 274 920 filiis
291 877 518 922 hominum
538 877 638 922 facti
655 889 756 923 sunt
776 878 852 922 filii
872 879 962 922 Dei.
984 882 1092 924 Nam
1105 878 1301 939 quandiu
1321 888 1498 923 manent

113 956 156 991 et
180 947 360 1003 nolunt,
385 964 473 992 non
503 959 565 994 est
592 951 669 1010 qui
691 950 820 995 faciat
844 951 1031 1005 bonum,
1062 966 1150 994 non
1180 959 1244 994 est
1273 966 1410 1011 usque
1442 950 1498 995 ad

116 1033 252 1062 unum
278 1034 286 1059 :
318 1038 338 1062 «
363 1018 544 1064 Confusi
582 1030 683 1064 sunt
711 1022 918 1081 quoniam
950 1024 1063 1065 Deus
1094 1021 1255 1080 sprevit
1285 1037 1371 1065 eos.
1397 1040 1416 1062 »
1442 1024 1499 1066 Et

114 1099 322 1150 tanquam
343 1089 398 1134 ad
420 1091 532 1150 ipsos
554 1108 785 1136 conversus
808 1093 867 1136 ait
894 1112 902 1136 :
933 1112 952 1134 ι(
975 1093 1078 1145 Quis
1101 1092 1222 1136 dabit
1241 1108 1291 1136 ex
1312 1093 1413 1138 Sion
1431 1109 1499 1138 sa-

117 1178 137 1201 »
172 1159 312 1205 lutare
343 1161 507 1206 Israel?
533 1181 551 1203 n
575 1165 612 1207 Ο
637 1163 756 1207 stulti
775 1199 785 1218 ,
814 1164 1071 1222 increpatis,
1104 1163 1317 1207 insultatis
1335 1198 1345 1218 ‚
1381 1163 1499 1208 cola-

115 1231 293 1290 phizatis
312 1267 322 1287 ,
349 1232 484 1291 sputis
511 1232 699 1289 illinitis,
725 1234 858 1293 spinis
881 1235 1120 1288 coronatis,
1146 1236 1190 1278 in
1213 1249 1386 1278 crucem
1412 1235 1497 1278 eri-

116 1302 212 1360 gitis
245 1321 254 1347 :
292 1305 453 1363 quem?
489 1323 509 1346 «
540 1305 642 1357 Quis
681 1303 803 1348 dabit
835 1321 887 1348 ex
923 1305 1025 1349 Sion
1063 1305 1249 1349 salutare
1288 1304 1450 1349 Israel?
1475 1323 1494 1346 >›

113 1374 268 1417 Nonne
289 1373 380 1432 ipse
401 1389 531 1434 quem
550 1374 712 1418 dixistis
736 1394 744 1419 t
770 1378 867 1420 Non
890 1384 953 1418 est
976 1377 1114 1419 Deus?
1142 1395 1159 1416 «
1190 1379 1239 1418 ln
1265 1374 1499 1420 avertendo

118 1461 139 1483 »
174 1446 288 1487 Deus
310 1445 602 1503 captivitatem
617 1445 768 1504 populi
793 1446 898 1489 suil.
928 1466 945 1487 »
971 1448 1068 1490 Non
1088 1446 1203 1488 enim
1222 1446 1376 1490 avertit
1398 1461 1502 1505 cap-

115 1513 327 1557 tivitatem
349 1514 499 1574 populi
528 1515 620 1570 sui,
647 1516 728 1559 nisi
750 1516 826 1576 qui
857 1515 996 1560 voluit
1025 1517 1134 1559 inter
1156 1527 1315 1560 vestras
1346 1532 1502 1560 manus

116 1600 205 1629 esse
227 1585 437 1644 captivus.
463 1585 545 1630 Sed
567 1587 643 1646 qui
664 1587 747 1630 hoc
770 1587 1039 1645 intelligent?
1061 1606 1080 1629 «
1102 1586 1327 1631 Exultabit
1342 1588 1497 1642 Jacob,

119 1673 140 1696 )›
175 1664 218 1699 et
238 1653 458 1699 laetabitur
481 1655 627 1699 Israel.
655 1675 673 1698 »
702 1660 812 1701 Vere
833 1657 969 1701 Jacob
992 1667 1034 1701 et
1056 1673 1154 1701 vere
1178 1658 1333 1713 Israel,
1360 1659 1502 1702 minor

116 1725 190 1770 ille
219 1726 291 1770 cui
324 1725 498 1771 servivit
529 1727 707 1786 major‘2,
741 1727 832 1787 ipse
862 1727 1103 1783 exultabit,
1140 1728 1240 1788 quia
1273 1729 1361 1788 ipse
1396 1743 1501 1787 cog-

117 1806 280 1842 noscet.

165 1899 173 1916 ¹
195 1892 275 1925 Psal.
292 1904 347 1935 ιιι,
367 1903 397 1935 7.
422 1909 463 1915 —
484 1899 496 1915 ²
511 1894 590 1925 Gen.
613 1904 688 1935 xxv,
707 1893 759 1925 33.
