1841 3223
225 242 466 274 ENAanAno
499 247 532 272 11
565 247 610 273 IN
641 244 846 274 PsALMUM
876 246 1026 284 xxxw,
1061 246 1187 274 SERM.
1221 248 1271 274 Η.
1379 236 1434 276 87

51 326 160 372 quos
178 310 293 355 bella
319 327 409 356 non
430 321 609 369 gravant
625 346 636 366 2
667 321 831 372 quanta
857 311 966 357 dura
994 310 1208 367 tolerant,
1233 328 1333 373 quae
1361 313 1435 357 iti-

50 398 170 436 nera,
195 399 294 443 quae
315 381 474 442 frigora
489 417 500 436 ,
526 397 634 442 quos
656 382 764 426 soles
781 418 791 437 ,
816 393 1000 443 quantas
1021 383 1316 439 necessitates,
1337 400 1437 444 quae

49 453 228 499 vulnera
243 489 254 508 ,
286 469 385 514 quae
405 452 623 514 pericula?
652 455 710 497 Et
731 468 821 497 non
848 454 1082 499 attendunt
1109 455 1320 515 patientes
1342 455 1436 500 haec
1458 484 1460 486 >

51 524 196 570 omnia
212 559 223 579 ‚
247 523 329 572 nisi
357 539 517 583 paucos
543 523 633 567 dies
655 524 824 584 quietos
846 523 941 568 illos
963 525 1217 580 senectutis,
1251 524 1306 569 ad
1327 541 1437 587 quos

49 603 198 646 utrum
213 594 468 654 perveniant
483 593 697 638 nesciunt.
724 596 841 653 Ergo
869 614 888 636 «
908 598 943 639 A
960 595 1146 639 Domino
1169 611 1335 655 gressus
1357 597 1438 651 ho-

52 683 73 708 >›
108 665 235 715 minis
256 665 511 723 dirigentur,
537 675 580 709 et
601 665 716 715 viam
738 665 830 725 ejus
849 664 982 709 volet.
1003 683 1024 706 »
1048 666 1160 710 Hinc
1182 665 1325 711 dicere
1346 683 1439 712 coe-

47 751 219 796 peram,
252 736 363 780 viam
386 735 547 781 Christi
580 736 614 780 si
646 735 710 781 vis
726 771 736 790 ,
763 745 806 780 et
826 750 927 781 vere
948 736 1217 781 Christianus
1239 752 1282 789 es
1299 772 1309 792 ,
1347 738 1438 798 ipse

48 815 112 859 est
139 807 255 864 enim
277 807 548 852 Christianus
565 842 576 862 ,
608 807 684 868 qui
711 822 799 851 non
832 817 1087 866 aspernatur
1112 807 1229 851 viam
1252 808 1435 864 Christi,

47 877 124 926 sed
145 877 240 924 vult
261 877 376 930 viam
399 877 559 932 Christi
580 877 702 939 sequi
721 893 799 940 per
821 878 1037 938 passiones
1057 878 1189 940 ipsius
1204 914 1215 931 ‚
1249 878 1339 923 noli
1361 895 1440 939 per

47 947 176 996 aliam
192 949 306 994 viam
323 948 436 994 velle
456 949 517 992 ire
534 964 665 1010 quam
683 964 760 1009 per
778 948 896 993 illam
916 965 1003 1009 qua
1018 949 1109 1009 ipse
1126 949 1218 993 ivit.
1239 952 1357 994 Dura
1372 951 1442 1005 vi-

47 1020 191 1075 detur,
214 1019 290 1083 sed
310 1019 401 1079 ipsa
423 1028 486 1063 est
502 1028 596 1063 tuta
616 1019 685 1064 via
707 1039 716 1064 :
741 1019 823 1064 alia
846 1018 957 1065 forte
981 1019 1154 1066 delicias
1176 1019 1336 1077 habet,
1361 1019 1440 1067 sed

45 1089 287 1145 latronibus
307 1090 438 1151 plena
459 1099 536 1135 est.
559 1109 579 1133 «
599 1093 656 1135 Et
672 1091 786 1135 viam
806 1091 897 1152 ejus
919 1090 1050 1137 volet.
1075 1110 1095 1133 »

103 1164 246 1207 XVII.
279 1181 298 1204 «
322 1154 435 1207 Cum
464 1161 689 1216 ceciderit,
720 1177 809 1206 non
846 1162 1198 1218 conturbabitur,
1228 1163 1438 1223 quoniam

48 1251 69 1275 »
104 1233 314 1293 Dominus
331 1233 562 1279 confirmat
577 1248 757 1283 manum
772 1234 862 1294 ejus
878 1234 908 1277 ¹.
927 1252 946 1274 »
965 1236 1079 1278 Ecce
1096 1232 1204 1293 quid
1222 1242 1300 1288 est,
1325 1231 1438 1278 velle

46 1305 160 1350 viam
182 1304 355 1350 Christi.
383 1303 618 1362 Contingat
639 1303 702 1348 illi
722 1314 771 1348 ut
794 1303 982 1365 aliquam
1008 1303 1337 1349 tribulationem
1358 1320 1439 1364 pa·-

46 1375 195 1430 tiatur,
221 1374 410 1435 aliquam
435 1375 823 1419 exhonorationem
840 1410 850 1426 ,
882 1374 1072 1436 aliquam
1095 1373 1405 1419 contumeliam
1422 1410 1434 1431 ,

45 1445 236 1508 aliquam
253 1446 548 1501 afflictionem,
563 1445 708 1507 aliqua
721 1445 895 1501 damna,
917 1456 960 1491 et
976 1455 1131 1490 caetera
1145 1461 1438 1507 quaecumque

46 1516 276 1560 abundant
300 1516 346 1560 in
373 1516 462 1561 vita
484 1516 561 1560 ista
587 1517 733 1575 generi
760 1518 954 1560 humano
983 1535 991 1559 :
1015 1516 1221 1576 proponit
1243 1517 1324 1560 sibi
1347 1520 1439 1561 Do-

44 1587 214 1632 minum
237 1601 392 1642 suum,
418 1596 581 1647 quanta
605 1601 763 1645 genera
786 1586 1076 1630 tentationum
1094 1602 1242 1645 passus
1274 1596 1338 1630 est
1358 1605 1367 1631 ε
1393 1595 1438 1631 et

49 1677 70 1700 «
102 1660 201 1703 Non
221 1657 558 1702 conturbabitur
579 1672 681 1701 cum
707 1656 933 1706 ceciderit,
963 1657 1063 1717 quia
1087 1657 1298 1701 Dominus
1327 1672 1436 1701 con-

48 1746 68 1769 »
104 1728 249 1781 firmat
266 1743 446 1770 manum
464 1728 554 1787 ejus
570 1762 580 1782 ,
606 1745 624 1767 »
651 1728 753 1787 quia
774 1727 891 1787 prior
908 1742 1055 1786 passus
1078 1736 1156 1770 est.
1183 1726 1300 1780 Quid
1320 1728 1437 1775 enim

44 1798 233 1852 timebis,
251 1798 444 1853 ohomo,
461 1798 584 1857 cujus
602 1796 754 1841 directi
771 1806 873 1841 sunt
891 1813 1080 1857 gressus,
1099 1807 1148 1842 ut
1170 1797 1301 1851 velles
1319 1798 1436 1842 viam

45 1868 245 1913 Domini?
259 1867 375 1923 Quid
398 1867 594 1912 timebis?
617 1867 820 1912 Dolores?
837 1871 868 1912 F
874 1867 1102 1927 lagellatus
1115 1877 1178 1911 est
1190 1867 1386 1912 Christus
1400 1870 1433 1913 ².

45 1933 342 1992 Contumelias
374 1938 571 1982 timebis?
601 1937 782 1998 Audivit
809 1958 818 1983 z
849 1958 867 1979 «
896 1937 1170 1983 Daemonium
1203 1938 1336 1982 habes
1349 1940 1381 1993 3,
1411 1956 1433 1981 >›

44 2010 122 2070 qui
140 2008 358 2060 daemonia
375 2007 648 2053 excludebat.
671 2011 802 2054 Forte
824 2007 1058 2054 factionem
1089 2019 1132 2053 et
1150 2009 1436 2069 conspiratio-

45 2095 147 2129 nem
182 2079 428 2124 malorum?
457 2081 764 2138 Conspiratum
799 2090 863 2124 est
899 2080 1104 2124 adversus
1133 2079 1258 2124 illum
1276 2081 1306 2123 4.
1338 2082 1438 2125 Non

43 2161 167 2212 potes
190 2149 416 2195 ostendere
439 2149 550 2194 forte
567 2150 877 2195 conscientiam
894 2160 1014 2194 tuam
1039 2151 1201 2195 bonam
1226 2150 1270 2194 in
1291 2149 1436 2214 aliqua

46 2221 342 2276 accusatione,
371 2230 415 2265 et
443 2221 531 2264 vim
560 2222 716 2281 pateris
746 2220 867 2281 quod
897 2220 1100 2265 adversus
1124 2230 1166 2265 te
1187 2219 1282 2264 falsi
1307 2229 1435 2264 testes

45 2292 300 2343 audiuntur.
337 2293 500 2340 Contra
536 2291 677 2352 ipsum
706 2291 900 2351 primum
940 2290 1097 2336 falsum
1137 2291 1435 2335 testimonium

46 2363 248 2414 dixerunt
263 2400 274 2419 ,
298 2380 388 2412 non
405 2363 546 2409 solum
569 2373 668 2408 ante
688 2373 874 2408 mortem
893 2399 903 2419 ,
925 2362 1000 2408 sed
1022 2363 1151 2407 etiam
1175 2371 1273 2423 post
1289 2378 1436 2407 resur-

46 2435 298 2487 rectionem.
323 2435 498 2481 Inducti
525 2444 626 2480 sunt
650 2435 747 2481 falsi
769 2445 918 2492 testes,
943 2445 994 2479 ut
1015 2452 1038 2480 a
1060 2435 1285 2495 judicibus
1307 2434 1435 2480 dam-

36 2554 38 2557 ·
95 2539 105 2556 ¹
126 2533 239 2566 Psalm.
265 2544 386 2577 xxxvi,
409 2533 463 2576 24.
484 2551 526 2557 -
546 2541 560 2558 ²
574 2534 688 2567 Matth.
706 2544 814 2572 xxvii,
833 2532 887 2566 26.
908 2549 950 2556 -·
972 2530 985 2555 3
999 2534 1096 2565 Joan.
1114 2543 1193 2576 vm,
1212 2531 1267 2575 48.
1286 2548 1329 2557 -
1346 2530 1364 2563 4
1382 2531 1431 2566 ld.

48 2599 104 2629 ιι,
123 2597 177 2622 22.
