1841 3223
386 290 626 321 ENARRATIO
658 293 705 319 IN
736 289 939 319 PsALMUM
970 289 1109 317 xxxix.
1346 268 1430 314 2²03

50 369 112 405 θεῖ
132 359 201 404 via
222 360 355 420 quam
375 357 496 418 cupis
518 358 776 416 agnoscere?
796 356 1001 400 Homines
1024 354 1079 399 ad
1098 353 1214 399 viam
1231 351 1430 407 veniunt,
1459 357 1462 359 ’

49 429 264 491 numquid
292 429 360 474 via
383 429 505 474 venit
531 427 587 472 ad
608 428 831 472 homines?
852 427 932 470 Via
954 435 1098 470 nostra
1125 424 1245 470 venit
1267 422 1323 468 ad
1348 423 1434 467 ho-

49 502 185 545 mines
201 536 212 556 ,
235 499 402 544 invenit
422 507 612 542 errantes
627 533 638 553 ,
663 497 834 542 vocavit
855 497 908 540 ad
932 511 976 540 se
998 505 1117 540 extra
1139 493 1428 539 ambulantes.

51 576 104 617 In
119 587 206 627 me,
227 571 386 631 inquit,
412 568 653 624 ambulate,
678 578 721 612 et
738 584 827 612 non
849 566 1046 612 errabitis
1074 586 1082 611 ;
1113 569 1235 624 «Ego
1253 581 1349 610 sum
1366 566 1436 610 via

52 661 72 685 »
107 652 151 687 ct
169 643 326 688 veritas
346 651 389 686 θῖ
409 642 536 686 vita1.
564 660 584 682 1)
616 643 679 685 Νθ
700 640 863 685 diceres
893 655 901 680 z
931 638 1016 683 Ubi
1047 647 1110 682 est
1143 638 1212 682 via
1244 637 1348 681 Dei?
1382 636 1439 681 ad

50 719 183 774 quam
221 711 444 772 regionem
485 712 590 755 ibo?
631 726 762 771 quem
797 718 993 754 montem
1035 706 1296 752 ascendam?
1328 722 1439 767 quos

51 797 225 842 campos
245 782 494 843 inquiram?
510 781 636 825 Viam
658 781 736 825 Dei
752 779 964 841 inquiris?
981 777 1174 837 salutare
1189 777 1267 822 Dei
1283 785 1347 821 θεῖ
1367 776 1438 821 via

50 853 142 908 Dei,
169 862 211 897 et
230 852 395 913 ubique
411 848 505 896 haec
521 860 583 895 θεῖ
600 871 609 895 :
631 851 732 911 quia
751 850 796 894 in
811 849 1014 894 omnibus
1029 847 1232 908 gentibus
1253 846 1441 891 salutare>

51 933 195 969 tuum.
225 923 489 968 «Veritatem
511 932 633 966 tuam
656 930 699 966 et
719 920 906 965 salutare
928 929 1055 964 tuum
1073 918 1176 964 dixi.
1201 936 1222 960 »

108 995 232 1038 XIX.
271 995 409 1039 «Non
444 991 580 1037 celavi
617 990 954 1036 misericordiam
987 999 1108 1035 tuam
1138 998 1180 1033 θῖ
1210 988 1439 1034 veritatem

55 1083 75 1106 »
110 1073 230 1109 tuam
248 1079 272 1108 a
294 1063 630 1123 congregatione
648 1061 786 1107 multa
799 1067 831 1107 ¹³.
856 1080 876 1103 »
905 1062 973 1106 Ibi
990 1062 1120 1106 simus
1137 1096 1148 1117 ,
1173 1061 1220 1104 in
1237 1060 1322 1104 hoc
1342 1074 1440 1104 cor-

52 1150 157 1195 pore
178 1149 459 1178 numeremur
475 1143 518 1177 et
540 1149 618 1178 nos
634 1169 644 1189 ‚
671 1149 759 1178 non
782 1132 969 1177 celemus
993 1130 1333 1176 misericordiam
1352 1133 1441 1174 Do-

52 1205 156 1249 mini
181 1213 224 1249 et
244 1204 469 1249 veritatem
492 1204 681 1248 Domini.
714 1204 788 1248 Vis
814 1203 963 1248 audire
984 1201 1323 1247 misericordiam
1348 1204 1440 1245 Do-

52 1275 187 1320 mini?
224 1274 396 1319 Recede
438 1291 461 1319 a
488 1275 700 1334 peccatis,
738 1273 921 1318 donabit
956 1282 1146 1333 peccata.
1183 1273 1259 1317 Vis
1292 1271 1442 1316 audire

51 1347 277 1391 verita-tem
315 1345 514 1390 Domini?
547 1348 664 1389 Tene
689 1345 923 1406 justitiam,
949 1344 1231 1389 coronabitur
1254 1342 1441 1404 justitia.

52 1417 186 1463 Modo
229 1416 344 1460 enim
372 1415 664 1461 misericordia
691 1416 771 1460 tibi
799 1414 1078 1475 praedicatur,
1105 1424 1252 1475 postea
1285 1413 1442 1458 veritas

53 1487 344 1532 exhibebitur.
377 1489 475 1533 Non
497 1487 612 1531 enim
635 1487 694 1532 sic
718 1497 780 1531 est
802 1490 917 1531 Deus
939 1486 1179 1530 misericors
1199 1520 1209 1540 ‚
1232 1493 1282 1529 ut
1302 1484 1441 1544 injus-

6 1614 11 1619 ·
55 1568 123 1604 tus
141 1559 220 1616 sit3
244 1573 325 1602 nec
343 1557 401 1602 sic
413 1558 571 1618 justus,
589 1566 640 1601 ut
660 1557 898 1600 misericors
916 1571 1005 1601 non
1023 1556 1091 1600 sit.
1115 1559 1334 1600 Parva-nc
1356 1555 1442 1598 mi-

53 1627 284 1674 sericordia
313 1627 395 1672 tibi
430 1629 522 1672 est?
554 1630 652 1673 Non
681 1626 919 1686 imputabit
948 1626 1093 1685 priora
1124 1626 1293 1681 onmia,
1329 1625 1444 1669 male

52 1701 193 1746 vixisti
215 1715 354 1760 usque
372 1699 418 1742 in
434 1699 699 1743 hodiernum
722 1697 836 1741 diem
852 1733 863 1753 ‚
887 1697 1031 1742 adhuc
1051 1697 1158 1741 vivis
1178 1733 1188 1753 ‚
1215 1697 1329 1741 bene
1344 1697 1444 1742 vive

52 1771 186 1816 hodie
199 1806 210 1826 ,
235 1770 350 1814 hanc
371 1767 710 1813 misericordiam
722 1783 812 1812 non
828 1767 1002 1812 celabis.
1027 1766 1069 1812 Si
1091 1768 1186 1811 haec
1204 1776 1268 1811 est
1283 1767 1445 1811 miseri-

55 1842 224 1898 cordia,
255 1857 356 1902 quae
387 1840 574 1884 veritas?
595 1839 993 1898 Congregabuntur
1024 1847 1123 1883 ante
1155 1854 1256 1882 eum
1295 1852 1446 1883 omnes

56 1922 203 1973 gentes
219 1948 230 1969 ‚
257 1922 299 1957 θῖ
325 1910 492 1957 dividet
512 1927 581 1955 eas
602 1911 713 1955 sicut
729 1920 875 1970 pastor
893 1909 1050 1955 dividit
1069 1925 1169 1954 oves
1191 1911 1247 1954 ab
1269 1909 1412 1954 hoedis
1430 1945 1442 1966 ‚

55 2000 155 2031 oves
193 1993 326 2044 ponet
361 1982 416 2028 ad
452 1983 672 2028 dexteram
687 2019 698 2038 ,
740 1982 895 2027 hoedos
928 1982 983 2027 ad
1011 1982 1242 2027 sinistram.
1278 1982 1445 2027 Ovibus

55 2054 188 2116 quid?
220 2054 407 2099 «Venite
440 2052 661 2098 benedieti
690 2053 827 2097 Patris
867 2052 974 2108 mei,
1019 2053 1229 2112 percipite
1262 2068 1447 2111 regnum

59 2143 79 2167 »
115 2124 236 2185 quod
253 2124 377 2169 vobis
405 2132 607 2183 paratum
630 2132 707 2167 θεῖ.
736 2141 756 2164 »
784 2122 937 2167 Hoedis
959 2123 1093 2183 quid?
1115 2125 1210 2167 «Ite
1231 2124 1277 2166 in
1299 2123 1446 2181 ignem

59 2213 80 2237 »
115 2195 369 2239 aeternumss.
398 2211 418 2235 »
447 2193 515 2238 Ibi
536 2193 806 2253 poenitentiae
829 2193 950 2237 locus
967 2209 1056 2237 non
1077 2202 1154 2237 θεῖ.
1181 2193 1290 2246 Quia
1314 2193 1445 2237 misc-

58 2266 288 2310 ricordiam
314 2264 392 2309 Dei
413 2264 730 2323 contempsisti,
756 2264 983 2307 veritatem
1011 2263 1167 2307 senties
1204 2282 1212 2308 ε
1238 2264 1271 2307 si
1298 2272 1444 2307 autem

58 2351 149 2380 non
171 2333 847 2394 contempsistimisericordiam‚
875 2335 1056 2377 veritate
1079 2333 1303 2391 gaudebis.

115 2407 214 2450 XX.
256 2424 275 2447 «
297 2408 363 2449 Tu
384 2414 528 2449 autem
542 2439 552 2458 ‚
575 2405 758 2449 Domine
775 2440 785 2460 ‚
811 2420 866 2448 nc
883 2405 1256 2464 elonginquaveris
1275 2405 1444 2449 miseri-

65 2496 82 2517 »
117 2475 284 2521 cordias
302 2484 397 2520 tuas
416 2491 440 2519 a
458 2475 567 2519 me4.
590 2493 611 2518 ³)
638 2476 843 2536 Respexit
864 2475 918 2519 ad
941 2475 1135 2519 membra
1156 2476 1313 2520 saucia.
1336 2477 1445 2530 Quia

109 2579 118 2595 ¹
137 2575 228 2605 Joan.
248 2584 317 2614 x1v,
340 2573 373 2605 6.
401 2590 441 2597 —
462 2580 474 2596 2
488 2572 568 2605 Psal.
590 2584 703 2615 xxxix,
725 2585 775 2605 11.
796 2589 837 2594 --
855 2571 868 2596 3
887 2573 999 2606 Matth.
1021 2584 1104 2615 xxv,
1121 2572 1230 2616 32-41.
1252 2591 1294 2597 -—
1314 2572 1331 2604 4
1355 2574 1437 2607 Psal.

0 2610 1 2620 1

0 2642 1 2659 ;
65 2638 173 2670 xxxix,
196 2637 245 2661 12.

0 2688 4 2881 ῒῑ
